2281 3251
255 272 305 299 An.
319 271 348 299 C.
370 272 436 298 ¹3¹3

254 1175 429 1197 Paenitentiam.

502 258 573 292 576

451 324 536 360 cium
566 321 751 370 iampridem
780 320 891 359 editas.
923 326 1067 354 accurate
1091 318 1202 353 obser-

452 383 534 412 vent:
561 383 690 418 easque,
704 382 775 405 cum
799 369 1028 404 audientiarum
1054 368 1142 402 initio
1165 380 1202 402 ex

451 422 597 458 laudabili
611 419 841 456 consuetudine
859 418 1029 465 quotannis
1042 417 1201 461 leguntur.

451 480 566 507 attente
595 470 737 513 audiant,
759 477 789 503 ct
816 469 940 503 auditas
962 467 1129 503 efficaciter
1151 466 1204 501 ob-

450 528 586 557 servent.
610 519 736 561 Quibus
758 518 884 565 quidem
908 529 979 552 cum
1003 517 1089 551 omni
1109 528 1204 562 saga-

451 572 552 606 citatis
574 569 699 604 solcrtia
722 576 816 614 atque
840 567 994 601 industria
1009 594 1017 610 ,
1048 578 1112 601 non
1135 566 1202 600 sinc

451 620 565 666 insigni
595 618 730 666 puritate
761 625 790 651 et
823 617 1000 663 integritate.
1036 615 1202 663 praecipua

451 670 676 716 obsequamur,
699 666 759 701 sub
783 667 893 714 poenis
921 666 951 700 in
979 666 1099 701 eisdem
1124 677 1202 700 con-

451 717 670 754 stitutionibus
692 724 723 752 et
744 715 1024 763 extravagantibus
1050 723 1079 750 et
1113 715 1203 749 insu-

451 781 505 816 per
538 769 567 802 in
604 767 686 802 dicta
714 766 935 801 reformatione
958 764 1030 800 Iulii
1066 764 1091 798 ll
1125 777 1203 799 con-

451 818 557 859 tentis,
571 817 596 852 si
613 816 877 860 contravenerint,
889 814 1056 849 innovandi
1073 814 1201 861 quidem

452 867 520 902 illas
539 875 569 902 et
592 865 770 912 corrigendi
790 864 1026 913 supplendique
1044 876 1080 899 ac
1095 873 1204 899 exten-

451 917 545 952 dendi
569 916 673 952 locum
702 915 931 962 relinquentes,
955 922 1047 962 prout
1069 926 1107 949 ex
1123 922 1204 949 tem-

451 979 563 1014 porum
579 966 740 1006 varietate,
755 965 920 1000 occasione
934 972 985 998 aut
1006 964 1204 1004 necessitate,

451 1016 544 1052 nobis
567 1024 597 1051 et
619 1016 692 1051 liuic
719 1027 808 1050 sacro
839 1014 1042 1050 Lateranensi
1071 1014 1204 1049 concilio

450 1066 601 1114 expedire
624 1066 725 1100 visum
749 1065 852 1099 fuerit.

499 1116 520 1164 g
548 1118 603 1150 tt.
626 1115 693 1150 Nec
708 1115 814 1150 minus
829 1114 866 1149 ad
881 1113 1147 1149 poenitentiariac
1163 1113 1206 1148 of-

452 1165 557 1200 ficium
585 1164 697 1200 oculos
718 1164 908 1210 dirigentes,
933 1165 963 1198 in
987 1176 1050 1211 quo
1078 1175 1203 1198 morum

452 1226 584 1250 censura
607 1222 638 1250 et
652 1215 828 1250 animarum
845 1214 930 1248 salus
950 1213 1120 1260 praecipue
1137 1224 1205 1247 ver-

453 1265 542 1305 titur,
569 1277 642 1299 cum
666 1276 720 1311 per
747 1264 816 1298 eius
837 1262 986 1298 officiales
999 1263 1091 1298 ctiam
1108 1274 1206 1310 quae—

453 1315 524 1349 dam
553 1322 642 1349 taxae
669 1314 844 1356 literarum,
869 1325 949 1360 quac
980 1312 1205 1360 expediuntur,

453 1364 533 1399 ultra
549 1363 676 1398 solitum
692 1371 803 1398 auctae
818 1363 975 1403 dicantur,
995 1363 1094 1410 ipsius
1116 1374 1207 1396 exer-

453 1413 563 1449 citium
578 1412 627 1448 bis
643 1413 760 1459 regulis
777 1413 1081 1447 circumscribimus.
1098 1411 1130 1445 Iu
1149 1411 1206 1458 pri-

453 1464 526 1508 mis,
549 1463 678 1498 maioris
697 1462 943 1509 poenitentiarii,
971 1463 1022 1509 qni
1047 1474 1103 1508 pro
1126 1469 1207 1496 tem-

454 1524 528 1560 pore
550 1512 620 1556 erit,
647 1524 719 1547 cum
743 1512 784 1546 sit
807 1520 968 1558 regentem
996 1521 1026 1547 et
1044 1511 1206 1546 auditores

453 1575 489 1598 ac
510 1569 632 1597 ceteros
645 1561 809 1606 officiales,
821 1570 886 1596 tum
901 1561 950 1596 sui
967 1561 1124 1608 exemplo,
1140 1568 1205 1595 tum

453 1612 605 1658 congruis
631 1612 761 1647 monitis
784 1619 813 1646 et
827 1611 992 1646 severitate
1015 1618 1207 1658 opportuna,

454 1662 534 1697 intra
558 1661 731 1696 honestatis
754 1661 906 1696 terminos
928 1661 1102 1701 continere;
1126 1669 1155 1695 et
1174 1669 1208 1695 ut

453 1724 469 1746 a
491 1719 635 1758 tempore
661 1710 762 1745 felicis
785 1710 907 1746 record.
931 1710 1011 1745 Sixti
1039 1710 1143 1758 Papae
1169 1710 1208 1755 V,

455 1760 707 1808 praedecessoris
734 1761 844 1799 nostri,
872 1760 1004 1795 concedi
1037 1772 1098 1794 uon
1127 1772 1206 1794 con·

453 1810 553 1846 suetis
580 1810 769 1851 abstineant,
798 1810 982 1856 providere;
1011 1818 1040 1844 et
1069 1810 1205 1844 officium

453 1871 547 1895 suum
577 1871 632 1907 per
654 1871 687 1894 se
710 1859 757 1894 vel
785 1867 944 1906 regentem
974 1868 1028 1894 aut
1051 1859 1208 1894 locumte-

454 1917 580 1944 nentem
609 1921 703 1944 suum
727 1909 757 1943 in
781 1909 933 1944 omnibus
955 1917 984 1943 et
1012 1909 1146 1956 singulis
1161 1921 1208 1943 ca-

453 1959 552 2000 sibus,
580 1959 664 1993 iuxta
694 1958 858 1993 facultates
885 1971 900 1993 a
926 1958 1080 1993 Romanis
1104 1958 1208 1993 Ponti-

455 2008 565 2043 ficibus
580 2007 879 2055 praedecessoribus
892 2009 1009 2043 nostris
1028 2020 1208 2049 concessas,

454 2069 604 2094 exercere
631 2058 741 2106 possit.
765 2057 935 2093 Corrector
967 2066 1071 2093 autem
1100 2065 1129 2093 et
1152 2070 1209 2092 au-

455 2113 536 2148 ditor
553 2112 830 2157 Poeniteutiariae,
853 2112 1098 2160 supplicationes
1114 2125 1211 2160 super

456 2167 595 2202 materiis
623 2179 685 2202 non
709 2166 885 2214 permissis,
907 2174 937 2201 et
958 2167 1134 2214 antiquitus
1156 2181 1211 2216 per

456 2221 558 2269 ipsum
582 2220 720 2256 officium
744 2220 879 2257 concedi
903 2233 964 2256 non
988 2221 1100 2263 solitis,
1116 2223 1208 2258 ctiam

456 2288 472 2310 a
501 2284 628 2323 regente
650 2276 801 2324 signatas,
823 2287 935 2311 omnes
958 2277 1088 2311 omnino
1104 2277 1211 2324 signa-

456 2338 543 2364 turas
570 2339 601 2365 et
621 2330 856 2375 concessiones,
884 2342 964 2378 quae
993 2330 1210 2376 scandalosae,

459 2384 603 2420 insolitae
626 2384 673 2419 vel
697 2385 804 2419 minus
826 2384 1030 2432 expedientes
1054 2385 1210 2421 ridebun—

457 2447 519 2480 tur,
542 2451 578 2474 ac
600 2439 774 2474 taxationes
796 2439 969 2485 literarum,
986 2449 1109 2486 praeter
1130 2441 1212 2475 auti-

457 2505 557 2541 quum
580 2492 724 2529 ordinem
741 2501 771 2528 et
786 2502 924 2529 nostram
945 2493 1210 2529 modificationem

459 2546 578 2593 factas,
605 2546 664 2583 sub
691 2548 1032 2584 excommunicationis
1057 2549 1212 2583 sententia

459 2613 521 2636 non
551 2601 745 2649 permittant,
772 2602 826 2638 sed
850 2602 917 2638 illas
939 2602 986 2638 vel
1009 2602 1139 2638 omnino
1162 2614 1212 2638 re-

460 2655 578 2690 tineant
613 2656 659 2692 vel
687 2656 826 2692 reiiciant
844 2684 854 2704 ‚
880 2657 941 2693 nisi
969 2656 1056 2694 aliud
1087 2669 1213 2694 summo

1043 263 1230 287 ornanum
1252 262 1412 287 nonum

1247 316 1488 365 poenitentiario
1510 327 1658 364 expresse
1670 315 1774 351 risum
1790 314 1897 360 fuerit,
1912 323 1942 350 et
1960 315 2000 351 de

1245 368 1314 402 eius
1336 366 1496 402 voluntate
1520 365 1685 401 manifeste
1712 372 1872 413 appareat.
1897 364 1936 399 Et
1950 374 2000 400 ta-

1245 428 1302 451 xae
1320 416 1448 462 quidem
1464 415 1621 463 antiquae,
1635 427 1735 462 usque
1751 415 1787 450 ad
1804 415 1904 461 ipsius
1917 414 1999 450 Sixti

1247 465 1500 513 praedecessoris
1521 473 1664 511 tempora
1679 465 1760 511 exigi
1783 465 1906 509 solitae,
1930 465 2000 499 iux-

1246 524 1272 550 ta
1302 515 1419 550 bullam
1449 514 1681 549 reformationis
1717 515 1816 550 felicis
1846 514 2000 549 recorda-

1247 565 1342 599 tionis
1363 564 1432 598 Iulii
1456 564 1561 610 Papae
1582 563 1726 605 secundi,
1747 563 2000 611 praedecessoris

1246 614 1356 651 nostri,
1375 621 1407 648 et
1419 613 1668 649 moderationem
1685 621 1838 658 nostram,
1855 613 1915 648 sub
1931 625 2000 661 poe-

1247 664 1297 699 nis
1319 672 1348 698 et
1371 663 1411 699 ab
1438 663 1492 698 illo
1514 671 1545 698 et
1571 675 1588 698 a
1615 662 1708 698 nobis
1736 664 1859 710 positis,
1881 663 2000 699 obser—

1247 721 1371 749 ventur.
1387 712 1536 748 Materiae
1551 721 1670 754 autem,
1683 725 1818 761 quarum
1842 713 1942 748 maior
1954 721 2001 748 est

1246 763 1384 803 abusus,
1418 771 1449 798 et
1476 762 1576 798 multo
1597 762 1699 797 maior
1725 762 1853 810 querela
1880 762 1918 798 ad
1943 775 2001 799 nos

1248 813 1366 860 prolata
1382 820 1440 853 cst,
1461 820 1491 847 et
1515 812 1737 859 particularius
1764 812 2002 859 exprimendae,

1246 870 1276 897 et
1313 862 1492 910 specialiter
1519 861 1663 897 iismodis
1694 862 1898 902 inhibendae,
1926 873 2001 898 sunt

1248 912 1332 947 visae
1358 912 1409 947 ubi
1433 912 1602 958 religiosus
1624 912 1784 958 legitimae
1806 913 1916 947 aetatis
1931 911 2004 948 fue-

1247 962 1297 1007 rit,
1312 970 1341 996 et
1355 962 1434 996 ultra
1449 973 1569 996 aunum
1584 962 1615 996 iu
1631 961 1801 1008 Religione
1814 973 2002 1008 permanse-

1248 1013 1296 1052 rit,
1311 1020 1342 1046 et
1357 1012 1526 1047 asseruerit
1540 1023 1574 1047 se
1595 1011 1735 1047 habitum
1759 1012 1950 1059 suscepisse,
1971 1020 2003 1047 et

1249 1061 1476 1108 professionem
1501 1073 1557 1108 per
1582 1061 1642 1096 vim
1665 1060 1712 1096 vel
1736 1068 1857 1096 metum
1876 1061 2002 1096 emisis-

1247 1123 1293 1155 se,
1316 1111 1353 1146 ad
1382 1111 1529 1146 effectum
1551 1118 1584 1145 ut
1605 1110 1643 1146 ad
1666 1110 1828 1145 saeculum
1853 1110 1959 1146 redeat
1972 1119 2002 1146 et

1247 1160 1393 1195 habitum
1423 1161 1580 1208 deponat,
1601 1168 1631 1196 et
1653 1173 1750 1208 super
1778 1160 1837 1195 boc
1859 1160 2002 1196 declara-

1248 1211 1359 1246 toriam
1377 1218 1472 1258 petat,
1491 1210 1529 1245 de
1551 1218 1657 1246 cetero
1681 1218 1848 1256 praesente
1874 1211 1906 1245 in
1929 1209 2004 1246 Cu-

1249 1261 1306 1305 ria,
1334 1260 1359 1295 si
1381 1261 1600 1295 committatur
1621 1260 1652 1294 in
1675 1259 1786 1305 Curia,
1809 1260 1901 1295 alicui
1918 1271 2004 1307 prae-

1250 1310 1312 1344 lato
1340 1310 1578 1354 committatur,
1610 1321 1682 1345 cum
1715 1309 1855 1345 clausula
1889 1311 2004 1345 Vocato

1246 1361 1384 1404 yeneralt'
1416 1359 1461 1394 rel
1480 1368 1683 1405 procuratore
1713 1360 1855 1400 Ordini's;
1883 1359 1908 1394 si
1931 1371 2004 1395 vero

1250 1410 1278 1443 in
1296 1409 1449 1456 partibus,
1465 1409 1636 1449 ordinario,
1652 1421 1724 1444 cum
1741 1409 1882 1444 clausula
1893 1411 2005 1444 Vocalo

1246 1461 1438 1504 provinciali
1457 1470 1511 1494 seu
1534 1461 1711 1503 quardiano
1727 1459 1774 1494 vel
1797 1461 1918 1494 custode
1932 1471 2005 1494 con-

1249 1516 1352 1543 ventus
1373 1511 1407 1542 in
1428 1521 1488 1554 quo
1503 1510 1672 1554 impetrans
1687 1511 1823 1554 degebat,
1837 1509 1912 1544 alias
1927 1509 2005 1546 facta

1250 1558 1432 1593 commissio
1455 1570 1518 1593 nou
1542 1567 1657 1594 teneat.
1680 1558 1713 1593 ln
1740 1558 1808 1594 soro
1831 1571 1904 1594 vero
1925 1571 2005 1595 con-

1250 1608 1415 1652 scientiae,
1437 1608 1506 1643 sine
1528 1607 1669 1643 clausula
1697 1610 1828 1650 Vocatis,
1855 1617 1885 1644 et
1906 1609 2006 1645 literis

1250 1658 1374 1693 laniatis
1396 1658 1573 1701 dumtaxat,
1594 1658 1735 1706 expediri
1765 1659 1898 1705 possint.
1921 1658 2004 1694 Cum

1250 1707 1378 1755 aliquis,
1399 1720 1456 1755 per
1477 1708 1611 1743 membri
1628 1708 1860 1743 mutilationem
1878 1708 1925 1744 vel
1947 1708 2005 1744 ho-

1252 1758 1412 1792 micidium
1427 1758 1645 1798 commissum,
1662 1758 1925 1805 irregularitatem
1942 1770 2005 1795 non

1252 1808 1422 1842 incurrisse
1449 1807 1601 1843 declarari
1624 1808 1713 1855 petit,
1740 1820 1775 1842 ac
1789 1820 1826 1843 ex
1844 1808 2005 1856 supplica-

1251 1857 1348 1892 tionis
1369 1865 1476 1892 teuore
1500 1857 1548 1893 vel
1568 1869 1659 1893 casus
1674 1858 1853 1893 narratione
1875 1867 2005 1906 apparet

1251 1919 1323 1941 eum
1347 1907 1386 1942 de
1414 1907 1481 1942 iure
1508 1907 1547 1942 ab
1567 1907 1796 1953 irregularitate
1816 1919 1878 1942 nou
1906 1919 2006 1943 excu-

1252 1957 1324 1997 sari,
1352 1956 1425 1992 licet
1452 1957 1592 1992 clausula
1621 1957 1670 1992 illa
1694 1965 1892 2004 apponatur:
1916 1959 2006 1992 Mor-

1253 2014 1308 2041 tem
1331 2008 1421 2041 aliter
1447 2009 1559 2041 evitare
1586 2019 1647 2042 non
1668 2009 1785 2052 valens,
1812 2007 2006 2054 supplicatio

1253 2057 1317 2103 ipsa
1357 2056 1485 2092 nulliter
1524 2057 1675 2103 signetur.
1711 2056 1817 2104 Super
1851 2057 2006 2092 beneficio

1252 2122 1456 2158 quocumque
1478 2110 1574 2146 modo
1596 2111 1770 2146 simoniace
1794 2110 1924 2147 obtento
1942 2123 2005 2147 non

1253 2165 1446 2200 concedatur
1467 2165 1627 2201 absolutio
1654 2174 1684 2201 ct
1706 2166 1915 2213 dispensatio,
1948 2167 2006 2201 nisi

1253 2231 1290 2254 eo
1313 2219 1419 2265 modo,
1435 2232 1498 2268 quo
1519 2221 1548 2255 in
1572 2220 1718 2256 facultate
1749 2220 1808 2255 sibi
1836 2220 2006 2267 apostolica

1253 2274 1439 2310 auctoritate
1461 2287 1611 2310 concessa
1634 2275 1825 2315 continetur;
1845 2282 1875 2309 et
1897 2275 1922 2309 si
1938 2273 2007 2309 fru—

1254 2336 1323 2363 ctus
1347 2328 1462 2364 fuerint
1480 2329 1560 2364 male
1581 2329 1731 2377 percepti,
1755 2329 1860 2363 literae
1882 2328 2009 2363 mittan·

1256 2391 1304 2418 tur
1316 2383 1352 2418 ad
1368 2383 1537 2423 datarium,
1561 2391 1654 2430 prout
1668 2383 1820 2417 baetenus
1834 2382 1915 2416 mitti
1930 2393 2008 2417 con-

1254 2446 1433 2472 sueverunt.
1463 2437 1504 2472 Et
1530 2449 1602 2480 cum
1631 2448 1686 2483 per
1713 2435 1851 2471 officium
1880 2435 2009 2483 praedi-

1255 2500 1340 2526 ctum
1369 2492 1461 2527 detur
1492 2492 1616 2528 licentia
1646 2490 1852 2538 promovendi
1875 2490 2008 2526 clericos

1255 2547 1291 2581 ad
1328 2558 1435 2582 sacros
1468 2547 1596 2582 ordines
1623 2554 1708 2581 extra
1735 2544 1913 2580 Romanam
1940 2543 2010 2581 Cu-

1257 2602 1331 2636 riam
1347 2630 1354 2642 ,
1380 2602 1502 2650 ipsique
1529 2600 1635 2637 clerici
1659 2599 1865 2648 promovendi
1888 2599 2010 2635 buius-

1257 2656 1341 2691 modi
1363 2656 1485 2693 licentia
1510 2656 1702 2700 abutantur,
1733 2663 1763 2690 et
1789 2662 1877 2691 extra
1899 2666 2009 2691 muros

2016 260 2067 288 An.
2086 259 2115 288 C.
2129 259 2196 287 ¹5¹5
