2281 3251
114 277 165 306 An.
181 277 211 305 C.
230 277 298 304 11155

314 331 472 366 insinuare
508 337 689 377 procurent,
713 337 756 373 ut,
779 329 920 364 eiusdem
947 329 1060 363 Sacra-

313 380 408 416 menti
451 379 643 426 suffragante
680 379 838 426 mysterio,
873 378 991 412 subditi
1029 387 1059 412 et

313 429 440 466 fideles·
434 430 491 477 ipsi
508 429 752 477 spiritualiumts
735 429 902 463 ‹·*iatiarum
920 428 1057 462 uber-ioti

312 479 483 515 fulciantur
503 487 686 526 augmento
702 487 730 513 et
734 457 786 513 aab
802 477 870 518 lllo
886 479 937 525 qui
957 491 989 512 se
1007 490 1060 524 per

311 529 415 576 ipsum
439 529 770 571 immolavitbostiam‚
788 537 855 575 post
870 529 962 562 liuius
980 528 1058 562 witae

312 591 454 620 cursum
469 578 506 614 ad
522 579 653 625 gloriam
671 556 883 625 peidticantur
897 586 1057 612 aeteiQnam

360 628 380 676 ἓ
402 632 436 663 4.
461 628 592 669 Verum,
610 629 682 676 quia
699 627 823 662 difficile
840 628 917 662 soret
945 628 1059 662 liuius-

133 687 277 714 Transumvtis
311 678 396 713 modi
425 679 529 713 literas
551 678 685 724 singulis
721 677 878 722 exhiberi,
914 678 1058 712 volumus

111 718 296 740 ⁸⁶¹¹m¹¹⁶⁸⁰⁶⁰¹
310 735 342 762 et
364 728 473 763 eadem
508 728 691 763 auctoritate
726 727 944 771 deceruimus,
972 726 1057 774 quod

312 777 452 825 ipsarum
496 785 693 824 transumpto
729 789 821 812 manu
868 777 992 824 publica
1029 784 1059 810 et

311 827 412 873 sigillo
433 827 568 863 alicuius
599 827 791 874 episcopalis
818 826 864 861 vel
887 826 1058 873 superioris

310 877 540 913 ecclesiastieae
578 877 692 912 Curiae
729 877 861 920 munito,
899 885 1056 922 tamquam

312 926 502 974 praefatis‚si
521 927 689 973 originales
711 926 947 969 exhiberentur,
962 925 1058 959 literis

311 977 403 1023 plena
427 977 506 1013 fides
538 977 734 1016 adhibeatur,
765 986 794 1011 et
818 976 946 1023 perinde
970 986 1004 1009 ac
1031 974 1056 1008 si

310 1026 479 1073 originales
521 1027 626 1062 literae
669 1026 769 1061 forent
810 1025 968 1060 exhibitae
1012 1024 1055 1059 vel

310 1083 468 1112 ostensae.

359 1125 474 1161 Datum
497 1126 618 1161 Romae
639 1125 722 1173 apud
745 1125 778 1161 S.
803 1124 946 1165 Petrum,
973 1135 1056 1158 anno

310 1174 536 1210 Incaruationis
558 1176 735 1210 dominicae
758 1185 983 1214 mccccxxmn,
1006 1185 1058 1208 se-

308 1225 408 1272 ptimo
438 1225 589 1260 kalendas
616 1224 705 1269 iunii,
729 1224 931 1272 pontificatus
959 1224 1056 1258 nostri

307 1286 392 1309 anno
412 1282 514 1309 tertio.

367 1335 426 1366 Dat.
443 1336 490 1366 die
512 1336 550 1367 ⁶2ss
569 1337 638 1368 maii
658 1336 744 1375 1433,
762 1341 839 1376 pont.
856 1345 932 1366 anno
951 1345 991 1366 ιιι.

641 1488 725 1522 Vlll.

308 1559 518 1594 AEmom'ensis
534 1560 668 1594 Ecclesia
680 1561 866 1594 Ferentinae
880 1561 986 1594 unitur
999 1562 1056 1604 (l).

579 1638 795 1669 SUMMARIUM

307 1699 476 1731 Exordium.
497 1719 533 1722 —
553 1702 578 1731 1.
598 1701 672 1732 Unio
694 1703 738 1741 (de
757 1713 807 1741 qna
827 1703 852 1732 in
873 1703 1005 1742 rubrica).
1020 1721 1060 1725 —

346 1745 374 1775 2.
396 1745 569 1776 Obedientia
593 1756 606 1776 a
627 1747 706 1777 clero
728 1748 894 1778 AEmonien.
919 1749 1058 1789 episcopo

346 1789 497 1820 Parentin.
529 1792 713 1830 praestanda.
747 1809 787 1815 —
814 1792 841 1822 3.
871 1792 1057 1823 Obstantium

349 1835 510 1873 derogatio.
532 1852 571 1858 —
592 1837 620 1866 4.
642 1836 820 1874 Declarafio,
838 1837 917 1877 quod
944 1847 977 1867 ex
1005 1839 1058 1868 hac

346 1880 456 1909 unione
483 1881 577 1911 neutri
598 1881 741 1912 inseratur
768 1882 994 1921 praeiudicium.
1021 1900 1059 1906 —

347 1924 374 1954 5.
397 1924 566 1956 Clausulae.

361 2000 494 2036 augentius
512 2002 652 2038 episcopus
672 2010 768 2033 servus
786 2011 925 2033 servorum
944 2004 1006 2038 Dei,

464 2051 498 2079 ad
526 2051 650 2080 suturam
673 2053 714 2081 rei
732 2053 899 2082 memoriam.

357 2121 489 2158 Cunctis
510 2123 596 2158 orbis
610 2124 773 2170 Ecclesiis‚
790 2126 978 2174 disponente
998 2126 1058 2161 Do·

308 2172 408 2217 mino,
434 2174 662 2221 praesidentes,
685 2176 766 2211 circa
786 2177 923 2223 ipsuum
940 2185 1056 2211 statum

307 2222 475 2258 salubriter
496 2223 698 2270 dirigendum
722 2226 834 2260 studiis
854 2227 1058 2273 invigilamus

307 2272 454 2314 assiduis,
481 2285 597 2321 easque
624 2274 669 2308 sic
696 2277 845 2323 cupimus
873 2277 968 2311 nostri
998 2277 1054 2311 mi-

308 2322 427 2357 nisterii
452 2323 608 2370 praesidio
636 2324 727 2371 (litigi
722 2338 741 2366 ι,
776 2326 860 2373 quod
893 2327 932 2362 ab
959 2327 1058 2361 ‹letri-

298 2370 404 2407 menti
427 2373 632 2409 subleventur
655 2375 864 2410 incommodis
880 2385 909 2412 et
932 2389 1059 2424 prospe-

308 2422 351 2456 ris
369 2422 484 2469 iugiter
507 2424 671 2470 proficiant
693 2425 905 2461 incrementis.

357 2475 372 2516 g
410 2473 442 2506 ’1.
479 2471 652 2520 Cupientes
691 2475 785 2521 igitur
828 2475 989 2511 l'arentin.
1028 2486 1058 2511 et

125 2527 179 2550 Unio
196 2529 231 2555 (de
255 2535 295 2556 qun
309 2520 492 2557 AEmonien.
518 2504 720 2559 EcclesiaruiD
703 2538 730 2559 n
754 2526 933 2572 provinciae
955 2526 1058 2573 Aqui-

111 2559 248 2587 ¹¹²‘¹¹¹'‘¹‘”l
310 2571 403 2607 leien.
429 2573 522 2607 statui
545 2581 576 2608 et
603 2575 862 2610 indemnitatibus
894 2575 1059 2611 salubriter

344 2639 383 2706 (ἒ)
399 2639 438 2666 Ex
455 2639 569 2675 Ughett„
582 2640 640 2667 ltal.
654 2641 725 2674 Sac.,
744 2640 787 2668 ubi
813 2641 846 2669 de
875 2641 990 2670 Ecclesia
1012 2643 1059 2670 Pa-

309 2686 354 2706 ren
371 2687 421 2707 ina.

143 2180 261 2202 Exordium.

942 273 1100 296 EUGENtth
1122 274 1154 295 tv
1177 273 1225 295 ΙΨ.

1761 265 1800 294 15

1103 329 1280 375 providere,
1306 335 1469 375 sperantes
1492 340 1618 375 quoque
1647 327 1731 374 quod
1766 328 1850 375 ipsae

1104 379 1305 414 l’areutiuen.
1320 386 1350 412 et
1367 378 1549 412 AEmonien.
1567 377 1741 421 Ecclesiae,
1756 378 1849 411 etiam

1102 428 1161 462 sub
1184 428 1271 463 l'elici
1296 428 1427 475 pastoris
1455 428 1549 462 unius
1569 427 1733 473 regimine,
1756 427 1851 474 spiri-

1103 478 1225 513 tualiter
1253 486 1284 512 et
1321 477 1534 525 temporaliter
1561 485 1684 524 optatos
1717 476 1852 511 debeant

1101 530 1286 574 contingere
1302 540 1480 567 successus,
1499 539 1620 561 necnon
1644 526 1804 561 Parentin.
1822 534 1852 560 et

1102 578 1286 612 AEmouien.
1310 589 1492 612 mensarum
1521 576 1748 624 episcopalium
1784 575 1852 610 sru-

1101 637 1181 669 ctus‚
1210 627 1352 662 redditus
1374 636 1403 662 et
1432 634 1602 675 proventus
1629 625 1851 672 praesentibus

1103 690 1157 724 pro
1184 678 1377 712 sullicienter
1418 677 1574 724 expressis
1608 675 1777 715 babentes,
1813 687 1850 709 ex

1101 727 1195 761 certis
1224 726 1462 762 rationabilibus
1489 726 1629 761 animum
1654 733 1797 760 nostrum
1813 725 1850 759 ad

1102 776 1131 810 id
1151 777 1350 812 moventibus
1370 777 1484 816 causis,
1508 788 1630 811 necnon
1658 775 1698 810 de
1730 787 1853 809 venera-

1101 825 1211 860 bilium
1236 826 1363 861 fratrum
1387 836 1564 861 nostrorum
1585 824 1730 863 consilio.
1753 825 1851 859 dietas

1101 875 1304 911 parentinen.
1329 886 1359 910 et
1381 876 1568 910 AEmonien.
1595 874 1756 910 Ecclesias
1778 887 1850 909 cum

1100 925 1249 959 omnibus
1275 926 1342 960 suis
1365 925 1487 960 iuribus
1509 934 1539 960 et
1568 925 1767 972 pertinentiis
1796 925 1850 958 in-

1099 974 1205 1019 simul,
1222 988 1316 1022 quam
1331 976 1467 1022 primum
1482 975 1595 1009 dictam
1609 974 1849 1009 AEmoniensem

1102 1036 1157 1071 per
1179 1037 1302 1059 cessum
1326 1025 1373 1060 vel
1396 1024 1574 1064 decessum,
1598 1033 1650 1059 aut
1665 1024 1724 1058 alio
1740 1024 1851 1071 quovis

1101 1074 1194 1109 modo
1217 1087 1325 1110 vacare
1347 1075 1526 1121 eontigerit,
1561 1073 1745 1109 auctoritate
1772 1086 1850 1121 apo-

1099 1124 1208 1159 stolica
1238 1125 1266 1158 in
1297 1133 1484 1172 perpetuum
1514 1124 1699 1158 investimus
1726 1132 1756 1157 et
1784 1124 1851 1158 uni-

1100 1187 1183 1216 mus3
1198 1175 1238 1208 ita
1260 1174 1345 1221 quod
1373 1174 1526 1209 dictarum
1550 1174 1708 1208 unitarum
1732 1173 1850 1208 Eccle-

1099 1224 1217 1258 siarum
1254 1237 1337 1259 unus
1370 1223 1492 1271 praesul
1527 1232 1559 1258 et
1596 1224 1767 1271 episcopus
1799 1224 1848 1264 sit,

1100 1273 1255 1322 liceatque
1270 1274 1419 1322 episcopo
1433 1273 1594 1308 Parentin
1604 1273 1850 1329 tuncexistnenti,

1101 1336 1156 1370 per
1169 1336 1202 1358 se
1218 1323 1265 1358 vel
1279 1336 1335 1371 per
1356 1324 1464 1365 alium
1475 1324 1707 1371 possessionem
1726 1322 1851 1370 episco-

1101 1373 1179 1420 palis
1198 1386 1327 1408 mensae
1345 1374 1530 1411 AEmonien
1547 1372 1728 1408 huiusmodi
1750 1381 1850 1408 aucto-

1101 1424 1190 1458 ritate
1226 1424 1350 1472 propria
1385 1424 1480 1458 libere
1507 1422 1766 1472 apprehendere,
1794 1435 1851 1457 nee

1102 1485 1163 1508 non
1179 1473 1239 1508 sibi
1257 1482 1286 1509 et
1305 1473 1544 1508 successoribus
1559 1485 1716 1521 episcopis
1730 1471 1851 1507 Paren-

1101 1524 1210 1564 tinen.
1231 1536 1286 1571 pro
1307 1532 1450 1571 tempore
1473 1523 1694 1567 existentibus,
1717 1522 1849 1563 sauctus

1102 1572 1244 1608 redditus
1265 1582 1295 1608 et
1321 1582 1492 1621 proventus
1513 1573 1657 1608 eiusdem
1676 1585 1803 1607 mensae
1818 1573 1848 1607 in

1100 1635 1187 1667 suos,
1211 1635 1417 1671 ipsorumque
1452 1636 1632 1658 mensarum
1670 1635 1746 1657 usus
1773 1635 1850 1658 con-

1101 1682 1219 1708 vertere.
1249 1682 1400 1721 perpetuo
1434 1674 1549 1721 pariter
1583 1681 1613 1707 et
1641 1673 1787 1713 retinere,
1815 1685 1850 1707 ac

1101 1723 1131 1757 in
1159 1723 1282 1758 civitate
1309 1731 1338 1758 et
1366 1723 1500 1758 dioecesi
1523 1724 1707 1758 AEmonien.
1744 1724 1850 1757 omnia

1100 1782 1130 1808 et
1153 1773 1275 1819 singula
1306 1773 1507 1821 pontificalia,
1536 1772 1793 1808 iurisdietionalia
1821 1781 1850 1807 et

1101 1823 1172 1863 alia,
1195 1835 1274 1870 quae
1297 1823 1437 1870 episcopi
1462 1823 1648 1857 AEmonien.
1671 1830 1760 1857 antea
1783 1824 1851 1857 exi-

1101 1880 1231 1913 stenteS‚
1246 1874 1366 1908 ratione
1382 1873 1472 1908 (lictae
1487 1872 1671 1907 AEmonien.
1685 1872 1849 1917 Ecclesiae,

1102 1930 1273 1970 potuerunt
1307 1935 1343 1958 ae
1371 1923 1552 1958 debuerunt
1580 1922 1655 1956 inibi
1680 1922 1781 1956 facere
1815 1935 1849 1956 ac

1101 1973 1196 2008 etiam
1215 1984 1374 2017 exercere,
1391 1973 1530 2007 cuiusvis
1543 1984 1638 2020 super
1651 1972 1711 2006 hoe
1726 1971 1848 2006 licentia

1102 2023 1232 2057 minime
1256 2023 1415 2070 requisita.

1149 2072 1228 2120 §9⁴-
1257 2073 1443 2108 Mandantes
1479 2071 1603 2107 dilectis
1644 2071 1717 2106 filiis
1752 2071 1847 2112 clero,

1100 2122 1216 2157 civitati
1246 2135 1282 2158 ac
1308 2123 1442 2158 dioecesi
1469 2121 1665 2166 earumdem,
1694 2129 1738 2166 ut,
1765 2130 1849 2169 post-

1100 2184 1194 2220 quam
1217 2173 1354 2208 annexio
1375 2182 1405 2208 et
1422 2173 1496 2207 unio
1519 2170 1700 2207 huiusmodi
1721 2172 1847 2206 sortitae

1100 2222 1217 2258 suerint
1243 2223 1404 2267 effectum,
1427 2222 1567 2270 praefato
1595 2222 1745 2269 episeopo
1771 2229 1846 2256 tunc

1100 2272 1245 2307 existenti
1261 2282 1291 2308 et
1313 2272 1562 2314 successoribus,
1578 2271 1608 2306 in
1633 2272 1681 2306 liis
1697 2272 1845 2306 omnibus

1100 2335 1181 2370 quae
1204 2323 1242 2358 de
1266 2323 1333 2358 iure
1354 2323 1524 2370 episcopali
1548 2322 1625 2357 inibi
1650 2321 1845 2362 fueriut‚liu-

1101 2373 1215 2408 militer
1238 2382 1365 2420 pareant
1393 2381 1423 2408 et
1450 2373 1624 2408 intendant.

1151 2422 1171 2470 g
1199 2426 1230 2457 5.
1251 2423 1320 2458 Non
1348 2423 1547 2458 obstantibus
1569 2422 1845 2458 constitutionibus

1100 2482 1129 2507 et
1152 2472 1405 2508 ordinationibus
1431 2473 1622 2520 apostolicis,
1644 2485 1680 2508 ac
1706 2473 1842 2520 ipsarum

1101 2523 1259 2558 unitarum
1288 2522 1503 2558 Ecclesiarum
1531 2523 1718 2563 iuramento,
1735 2522 1846 2557 confir-

1101 2574 1236 2608 matione
1248 2573 1418 2620 apostolica
1432 2573 1477 2608 vel
1493 2572 1603 2619 quavis
1615 2573 1674 2607 alia
1699 2571 1843 2606 firmitate

1101 2622 1268 2663 roboratis,
1311 2623 1438 2658 statutis
1475 2630 1506 2658 et
1546 2620 1844 2666 consuetudinibus,

1100 2673 1297 2720 caeterisque
1324 2673 1490 2708 contrariis
1516 2672 1779 2719 quibuscumque.

1866 279 1916 306 An.
1934 281 1961 306 C⁴
1980 282 2044 309 ¹43¹!

1875 2090 2001 2112 Obodienua
2034 2097 2045 2110 ι

1862 2121 2042 2142 cleroAEmonien.

1862 2153 1962 2179 episeopo
2003 2152 2045 2173 Pa-

1861 2185 1938 2204 rentin.
1981 2190 2046 2211 prae-

1861 2216 1940 2235 stands.

1867 2434 1998 2455 vastantium
2008 2435 2042 2457 de-

1859 2467 1947 2491 rogatio.
