2281 3251
108 228 145 254 An
177 227 203 254 C.
223 230 284 255 ta'tt

98 2339 168 2360 Forma
179 2340 227 2360 indu
237 2341 265 2360 io-

83 2377 126 2391 rum
145 2370 209 2391 Hotie
226 2371 266 2391 130-

84 2402 201 2424 uoniensis.

965 238 1067 259 ttttt's

303 296 412 319 eorum
436 285 587 332 singulos,
610 300 624 320 a
653 288 912 337 quibuscumque
925 304 1051 327 excom-

305 334 547 376 municationis,
569 338 789 382 suspensionis
812 347 842 373 et
871 341 1048 376 interdicti.

302 383 433 430 aliisque
460 384 681 420 ecclesiasticis
704 389 877 430 sententiis,
908 392 1051 425 censuris

301 441 330 466 et
354 433 475 479 poenis,
498 435 523 468 si
547 435 664 481 quibus
691 438 928 482 quomodolibet
956 441 1047 475 innw

300 480 362 515 dati
386 482 522 516 existunt
537 511 544 523 ‚
569 484 676 518 harum
693 487 774 521 serie
797 487 970 533 dumtaxat,
993 490 1049 524 ab*

300 530 457 566 solventes
479 541 508 566 et
530 532 691 568 absolutos
716 536 780 570 lore
803 539 1047 583 censenteS,bn<

300 580 435 615 iusmodi
459 582 743 628 supplicationibus
767 586 918 627 inclinati,
941 597 1047 623 aucto<

298 629 386 664 ritate
408 632 591 677 apostolica,
616 641 723 668 tenore
742 637 963 681 praesentium,
982 650 1048 684 per-

298 686 411 725 petuae
438 681 671 717 constitutionis
694 684 796 718 edicto
823 687 990 721 statuimus
1018 697 1045 721 et

297 728 479 763 ordinamus
501 732 584 776 quod
609 733 713 767 omnia
737 742 766 768 et
789 734 909 779 singula
933 744 1044 770 statuta

295 785 325 811 et
353 778 583 819 ordinamenta,
611 781 649 815 de
672 782 790 828 quibus
819 785 847 817 in
871 785 938 819 aliis
954 786 1046 820 dictis

296 827 410 861 nostris
433 828 529 863 literis
553 832 584 865 lit.
613 832 743 875 mentio,
777 832 913 878 legitime
942 843 1043 869 tamen

295 875 447 911 hactenus
471 877 631 913 dumtaxat
649 880 730 915 edita
747 889 777 915 et
796 882 887 923 sacta,
912 883 950 917 de
974 897 1028 919 cae

295 933 360 959 tero
384 926 607 963 inviolabiliter
629 929 848 975 observentur,
878 940 918 975 et,
934 945 1044 968 sccun-

293 974 368 1008 dnm
398 975 427 1009 in
444 975 504 1010 illis
523 977 673 1024 disposita
694 992 749 1026 per
766 981 814 1014 ius
834 981 985 1022 dicentes⁷
1006 983 1044 1017 de

293 1024 409 1071 quibus
436 1025 465 1058 in
493 1026 612 1062 eisdem
642 1036 761 1062 tantum
799 1030 916 1064 institia
948 1032 1043 1066 mini-

293 1081 420 1115 stretur,
436 1075 555 1110 etiamsi
573 1085 754 1112 contractus
773 1079 819 1113 vel
835 1080 1041 1116 instrumenta

292 1131 400 1157 contra
431 1123 565 1159 alicuius
596 1138 705 1162 eornm
738 1127 976 1174 dispositionem
1012 1140 1042 1165 et

292 1172 423 1206 formam
440 1173 478 1207 ad
499 1174 622 1209 illorum
640 1176 829 1211 validitatem
855 1178 1041 1215 iuramenti<

291 1222 411 1255 firmata
434 1230 463 1256 et
487 1223 629 1258 roborata
651 1226 874 1271 reperirentnr;
890 1228 1040 1276 quodque

291 1270 396 1305 nullus
424 1271 511 1312 civis,
535 1273 636 1307 incola
660 1275 706 1308 vel
730 1275 884 1310 habitator
906 1278 1041 1314 civitatis

289 1327 320 1353 et
353 1320 520 1356 comitatus
555 1323 760 1364 eorumdem,
789 1332 848 1359 tam
883 1326 911 1360 in
942 1328 1038 1374 prima

288 1381 381 1415 quam
418 1370 447 1403 in
484 1371 623 1406 secunda
647 1372 823 1415 instantiis,
846 1387 951 1410 coram
979 1378 1040 1411 alio

288 1418 391 1453 iudice
415 1418 460 1452 vel
483 1420 551 1455 aliis
574 1421 742 1463 iudicibus,
762 1436 854 1469 qnam
880 1437 894 1459 a
914 1429 1040 1461 statutis

288 1466 364 1513 ipsis
397 1468 554 1515 deputatis
582 1470 618 1504 ad
649 1471 818 1513 iudicium,
849 1474 913 1509 sive
942 1485 1038 1517 actor,

287 1517 354 1551 sive
378 1530 449 1552 reus
478 1518 582 1560 suerii,
606 1520 785 1557 nullatenus
809 1523 899 1564 trahi,
927 1532 956 1559 et
985 1539 1039 1572 per

287 1566 408 1601 iudices
429 1567 513 1613 ipsos
540 1580 634 1603 secus
671 1571 716 1605 vel
751 1571 827 1606 alias
859 1586 953 1619 qnam
985 1588 1039 1621 per

286 1623 399 1650 statuta
424 1616 488 1662 ipsa
506 1617 699 1665 disponitur,
719 1622 860 1667 procedi,
881 1623 985 1658 decidi
1009 1636 1035 1659 et

286 1664 415 1699 iudicari
449 1668 562 1712 possit,
589 1668 648 1702 sub
678 1671 787 1715 poenis
810 1671 839 1704 in
865 1671 939 1718 ipsis
974 1682 1037 1708 sta-

285 1714 358 1748 tutis
386 1716 595 1759 comminatis,
618 1726 648 1752 et
675 1719 720 1753 sic
748 1727 862 1755 tractos
888 1722 925 1756 ad
949 1735 1036 1758 com-

284 1763 458 1809 parendum
480 1777 541 1800 non
558 1768 667 1811 teneri,
691 1776 720 1803 et
744 1778 851 1805 contra
875 1771 921 1806 vel
948 1785 1036 1817 prae-

284 1820 329 1847 ter
355 1813 511 1860 praedicta
537 1815 616 1851 facta
646 1830 867 1866 quaecumque
886 1821 1036 1856 nullitatis

284 1861 357 1896 vitio
385 1863 546 1899 subiacere
569 1874 599 1900 et
622 1867 660 1901 de
684 1868 826 1903 nullitate
852 1869 1034 1906 huiusmodi

283 1912 560 1960 quandocumque,
588 1917 683 1951 etiam
712 1918 737 1951 si
774 1918 812 1952 de
849 1921 1035 1955 execution«¹

283 1969 477 2007 tractaretur,
500 1965 591 2001 obiici
622 1978 725 2013 posse;
745 1976 786 2011 et,
809 1977 840 2003 ut
867 1982 1032 2005 causarum

282 2013 535 2058 commissiones,
563 2028 642 2062 quae
664 2029 681 2051 a
705 2017 791 2053 vobis
828 2020 872 2053 vel
905 2032 1034 2055 succes-

281 2066 407 2102 soribus
438 2070 548 2104 vestris
575 2078 605 2105 et
631 2071 701 2106 aliis
734 2073 990 2122 quibuscunu51ue
1018 2090 1032 2110 a

280 2121 364 2157 Sede
386 2122 565 2169 Apostolica
587 2133 771 2172 potestatem
795 2127 985 2164 habentibus
1004 2138 1034 2165 et

280 2175 447 2219 habituris,
478 2179 525 2213 vel
549 2180 624 2214 alias
646 2181 945 2229 quomodocumque
965 2186 1033 2219 cni<

280 2242 416 2278 cumque
430 2233 592 2268 Bononiae
607 2236 813 2269 commoranti
841 2236 951 2281 sactae,
965 2251 1034 2273 cen-

279 2295 418 2331 seantur,
434 2295 463 2322 et
478 2287 540 2322 sint
564 2296 593 2322 et
608 2288 782 2323 habeantur
802 2290 868 2336 ipso
889 2291 954 2325 iure
977 2306 1032 2338 pr«.

280 2341 378 2385 lactis,
396 2342 575 2377 commissis
603 2352 632 2377 ct
660 2342 815 2378 devolutis
834 2344 870 2378 ad
896 2346 1030 2391 priorem

279 2394 403 2441 collegii
419 2395 584 2431 doctorum
602 2397 742 2431 iudicum
762 2398 863 2433 dictae
884 2399 1031 2440 civitatis,

280 2460 350 2482 cum
373 2457 508 2496 quatuor
524 2462 577 2497 per
601 2463 675 2485 cnm
695 2451 734 2486 de
757 2452 942 2487 doctoribus
955 2453 1028 2488 dicti

279 2502 402 2549 collegii
443 2504 596 2550 eligendis
625 2506 872 2551 consultoribus,
906 2507 987 2541 datis
1015 2523 1029 2541 a

281 2557 421 2603 partibus
443 2560 598 2605 suspectis
620 2561 895 2595 etconfitlentihns
916 2570 946 2596 et
964 2575 1032 2609 par-

280 2610 362 2645 tibus
386 2624 445 2646 non
470 2614 735 2649 concordantibus
752 2627 806 2661 per
825 2615 925 2661 ipsum
945 2617 1029 2662 prio-

1091 240 1110 260 tt
1137 241 1183 261 ΙΨ.

1732 239 1794 269 19ἶὶ

1095 306 1171 338 rein,
1195 308 1248 340 per
1264 296 1391 331 eosdem
1416 298 1579 333 audientes
1601 308 1631 335 et
1651 301 1843 343 decidentes,

1094 344 1222 389 perinde
1262 358 1297 380 ac
1332 347 1355 380 si
1398 348 1503 382 literae
1537 358 1567 383 ct
1602 351 1845 386 commissiones

1093 394 1176 439 ipsae
1199 395 1316 429 eisdem
1352 397 1445 442 priori
1475 406 1506 431 et
1529 400 1766 435 consultoribus
1794 402 1844 435 di·-

1093 452 1194 477 rectae
1235 452 1264 477 et
1294 446 1389 479 l'actae
1428 446 1570 487 fuissene
1599 457 1630 483 et
1664 450 1747 496 quod
1772 450 1839 485 laici

1092 493 1213 527 iudices
1241 494 1276 527 ad
1307 495 1587 531 instrumentorum
1609 500 1843 539 executionem,

1090 541 1177 586 alias,
1205 544 1381 578 secundum
1400 546 1476 578 iuris
1499 554 1529 580 et
1552 556 1737 583 statutorum
1752 561 1843 596 prac—

1090 590 1246 625 dictornm
1276 593 1520 639 dispositiones,
1549 597 1660 632 reiecta
1689 611 1843 644 quacum-

1089 653 1149 686 que
1174 641 1371 683 inhibitione,
1397 656 1450 689 per
1477 645 1726 681 ecclesiasticum
1758 648 1843 683 indi-

1088 701 1154 723 cem
1178 690 1235 723 sibi
1265 690 1416 732 facienda,
1439 695 1605 731 occasione
1629 697 1743 742 petitae
1765 710 1780 731 a
1797 699 1840 732 iu-

1090 747 1229 773 ramento
1252 740 1458 776 absolutionis
1477 752 1504 777 et
1526 745 1678 780 deductae
1695 747 1839 785 fictionis,

1089 786 1179 822 firmo
1203 795 1305 823 tamen
1330 801 1476 825 manente
1505 806 1667 839 processu,
1703 804 1732 829 et
1756 796 1840 830 illius

1089 838 1311 881 prosecutione
1339 852 1443 874 coram
1470 841 1537 888 ipso
1561 844 1787 890 ecclesiastico,
1810 855 1839 880 et

1087 886 1115 919 in
1142 895 1286 921 eventum
1307 888 1372 923 sive
1392 890 1422 924 in
1446 890 1581 927 savorem
1606 894 1837 930 absolutionem

1087 937 1220 981 petentis
1259 945 1287 971 ct
1321 938 1477 973 fictionem
1509 954 1564 976 seu
1594 955 1654 977 non
1690 956 1839 980 munera-

1086 985 1202 1019 tionem
1229 985 1415 1022 deducentis
1441 1001 1512 1023 cnm
1528 992 1712 1039 exequenda
1734 994 1838 1034 suerii,

1085 1033 1209 1069 debitae
1237 1038 1415 1071 executioni
1444 1039 1666 1082 demandetur,
1691 1044 1835 1088 praestita

1085 1091 1187 1117 tamen
1226 1097 1280 1130 per
1313 1088 1515 1123 executiones
1552 1089 1834 1127 instrumentorum

1086 1140 1236 1177 petentes,
1260 1135 1297 1179 si,
1322 1148 1382 1170 non
1408 1136 1550 1172 obstante
1574 1140 1762 1176 inhibitione
1790 1154 1838 1176 ec-

1084 1181 1250 1217 clesiastici
1275 1184 1388 1220 iudicis
1410 1186 1448 1220 ad
1472 1190 1690 1223 executionem
1711 1202 1767 1236 pei·
1783 1191 1840 1225 lai-

1083 1242 1137 1265 cos
1166 1233 1337 1278 procedere
1366 1236 1535 1280 voluerint,
1559 1237 1670 1273 idonea
1694 1240 1839 1275 cautione

1083 1279 1121 1313 de
1151 1282 1287 1326 parendo
1315 1291 1345 1318 et
1377 1286 1564 1332 exequendo
1593 1289 1749 1335 quidquid
1785 1302 1839 1336 per

1082 1330 1201 1364 dictum
1227 1332 1360 1367 iudicem
1384 1336 1634 1371 ecclesiasticum
1659 1346 1764 1385 postea
1789 1340 1837 1373 iu-

1082 1379 1252 1421 ‹licabitur;
1281 1382 1431 1430 quodque
1463 1384 1582 1420 iudices
1612 1387 1641 1421 in
1678 1387 1836 1434 aliquibus

1081 1429 1184 1463 causis
1220 1442 1376 1466 summam
1406 1433 1558 1468 librarum
1584 1436 1835 1484 vigintiquinque

1081 1477 1259 1514 Bononien.
1293 1482 1521 1518 excedentibus
1555 1486 1726 1521 sententias
1754 1487 1834 1522 ferre

1082 1539 1142 1561 non
1173 1530 1306 1574 possint,
1334 1532 1391 1565 nisi
1422 1532 1530 1567 habito
1563 1534 1651 1580 prius
1673 1547 1688 1569 a
1713 1537 1834 1571 notario

1082 1589 1248 1622 processus
1276 1581 1410 1626 registro
1429 1582 1624 1629 authentico,
1640 1585 1691 1619 cui
1715 1588 1834 1621 notario

1079 1626 1117 1659 de
1148 1631 1341 1675 competenti
1372 1632 1516 1666 mercede
1550 1645 1565 1666 a
1596 1635 1722 1669 statutis
1758 1636 1834 1683 ipsis

1080 1675 1220 1711 ordinata
1256 1690 1271 1712 a
1305 1679 1446 1725 partibus
1473 1682 1621 1717 satisfieri
1650 1684 1780 1725 debeat,
1803 1695 1834 1720 et

1078 1723 1116 1758 ab
1132 1726 1228 1761 altera
1252 1739 1287 1761 ex
1306 1729 1446 1774 partibus
1466 1743 1534 1765 vera
1557 1739 1587 1766 et
1611 1733 1730 1779 integra
1749 1747 1832 1769 mer-

1078 1774 1155 1809 cede
1177 1776 1289 1816 soluta,
1310 1778 1414 1813 habita
1438 1780 1549 1815 cedula
1568 1781 1606 1815 ab
1626 1782 1694 1829 ipso
1711 1785 1831 1819 notario

1078 1824 1115 1857 de
1139 1836 1176 1859 eo
1205 1827 1288 1872 quod
1312 1828 1451 1862 solutum
1476 1829 1546 1871 fuit,
1570 1839 1655 1876 parte
1679 1832 1743 1878 ipsa
1768 1845 1829 1867 non

1077 1873 1230 1915 solvente,
1255 1876 1312 1923 ipsi
1336 1878 1426 1924 parti,
1454 1891 1534 1926 quae
1557 1881 1659 1921 solvit,
1677 1881 1754 1916 infra
1769 1882 1832 1917 de—

1077 1924 1224 1959 cennium
1269 1935 1434 1973 postquam
1470 1929 1508 1963 de
1537 1930 1682 1964 mandato
1706 1931 1829 1971 iudicis,

1077 1984 1180 2007 coram
1209 1987 1271 2021 quo
1301 1988 1394 2011 causa
1428 1978 1607 2018 ventilatur,
1635 1981 1828 2027 interpellata

1077 2021 1145 2067 fuit,
1168 2025 1269 2058 statim
1294 2034 1489 2067 secuturum,
1507 2041 1577 2075 pars
1594 2029 1657 2074 ipsa
1680 2041 1741 2064 non
1765 2031 1830 2065 sol-

1078 2088 1151 2111 vens
1187 2087 1303 2124 partein
1328 2092 1417 2114 suam
1446 2081 1520 2115 dicti
1555 2083 1677 2128 registri
1707 2083 1829 2118 realiter

1075 2138 1104 2164 et
1127 2134 1334 2178 personaliter
1356 2134 1393 2168 ad
1418 2135 1512 2180 partis
1530 2136 1681 2171 solventis
1705 2137 1827 2172 instan-

1076 2185 1213 2230 tiam,de
1237 2188 1383 2223 mandato
1408 2189 1548 2223 eiusdem
1574 2190 1827 2237 iudicis,gravari

1074 2248 1103 2274 et
1131 2241 1277 2287 compelli
1302 2242 1411 2288 possin
1436 2254 1558 2277 necnon
1577 2256 1630 2290 per
1642 2257 1829 2292 quemcum-

1074 2307 1135 2340 que
1158 2295 1399 2330 ecclesiasticam
1431 2297 1680 2333 iurisdictionem
1705 2299 1826 2335 haben-

1074 2356 1133 2382 tem
1158 2351 1483 2394 excommunicarch
1505 2351 1605 2387 donec
1621 2353 1760 2398 solverit,
1775 2366 1826 2388 au-

1073 2401 1131 2436 diri
1159 2415 1222 2437 non
1245 2403 1370 2448 debeat,
1389 2413 1418 2438 et
1442 2405 1471 2438 in
1500 2405 1568 2440 eius
1596 2406 1732 2442 favorem
1753 2419 1826 2442 sei:-

1073 2457 1167 2491 tentia
1192 2457 1257 2491 lieri
1284 2470 1344 2491 non
1370 2459 1478 2504 possin
1502 2467 1531 2492 et
1559 2459 1689 2507 insuper
1711 2473 1825 2495 corre—

1072 2511 1148 2544 ctori
1177 2520 1205 2546 et
1234 2512 1417 2546 consulibus
1439 2513 1597 2548 societatis
1619 2515 1823 2549 notarioi·un·.

1071 2576 1106 2598 ac
1146 2566 1304 2611 superstiti
1345 2566 1465 2612 registri
1507 2566 1615 2601 eadem
1649 2568 1821 2613 apostoli‹a

1070 2619 1256 2652 auctoritate
1280 2627 1462 2665 potestatem
1483 2628 1511 2654 et
1541 2620 1719 2655 facultatem
1748 2633 1824 2656 con-

1863 249 1909 274 An.
1929 250 1957 274 (ζΔ
1978 252 2037 275 tati
