2281 3251
178 259 229 286 An.
247 257 276 284 C.
292 256 361 283 lb„

196 964 223 985 De
271 964 365 990 generali

183 996 275 1022 capitulo
293 1002 366 1021 singu-

183 1028 208 1047 lts
219 1029 278 1048 anni!
289 1031 366 1047 teuen-

200 1411 228 1432 De
250 1411 369 1432 definitori-

185 1444 223 1463 bus
244 1445 263 1463 ιιι
285 1448 310 1463 eo
329 1442 371 1462 en-

187 1475 268 1499 ssendis.
279 1473 371 1493 illorum-

188 1511 228 1532 que
262 1504 371 1526 facultati-

427 244 470 277 42

209 320 362 355 ὤπυιε-Δίᾳ·
378 309 522 345 volumus
564 308 679 356 pariter
717 315 746 342 et
799 305 1001 344 ordinamus,
1040 302 1123 350 quod

179 357 226 373 nem
250 351 269 371 S.
299 350 331 371 lu«

178 388 217 404 nae
242 382 331 404 Benedic

180 421 252 435 ”mum
283 415 363 435 <⁰⁰⁰⁵
377 410 531 446 Ordinem
568 409 669 456 ipsum
701 406 845 454 professi,
883 412 1063 452 praesentes
1096 410 1124 436 et

180 449 229 467 mn.

335 357 488 402 ¹[omnes
527 367 557 394 et
583 357 697 406 singuli
735 356 836 391 dictae
872 353 1125 400 congregationis

377 460 484 503 futuri,
506 458 649 506 quamvis
673 470 701 491 ιιι
730 455 861 490 diversis
895 466 950 501 pro
985 462 1125 500 {empore

378 509 574 545 monasteriis
600 508 663 542 sire
699 506 774 541 locis
811 512 984 542 morentur,
1026 514 1124 536 unum

378 569 482 595 tamen
525 570 640 605 corpus
673 565 703 591 et
746 567 805 589 una
829 552 1030 600 congregatio
1056 552 1126 587 exi-

377 618 471 644 stant.
518 608 620 651 Quam
663 606 792 653 quidem
835 602 1126 649 congregationem,

378 659 561 695 auctoritate
583 666 611 692 et
633 656 763 691 seientia
785 652 955 697 similibus,
977 651 1126 699 approba·

378 722 461 751 mus,
480 717 509 743 et
526 716 557 742 ut
579 720 594 741 a
612 703 868 741 christifidelibus
898 702 926 736 in
953 701 1126 737 reverentia

379 769 407 794 et
434 759 599 793 devotione
622 755 771 790 habeatur
793 753 967 791 hortamur,
995 763 1127 799 eamque

379 809 439 844 snb
461 808 581 843 Ordine
603 814 632 841 et
668 803 787 851 Regula
815 804 848 838 S.
873 801 1036 837 Benedicti
1059 813 1128 837 esse

379 859 576 894 declaramus
610 864 702 903 atque
725 852 958 889 constituimus.

427 910 448 955 δ’
474 910 506 942 2.
529 905 700 952 Quodque,
745 915 800 950 pro
825 914 934 938 eorum
962 900 1128 936 salubriori

380 967 472 1001 statu,
497 957 524 991 in
553 957 621 990 loco
643 954 680 989 ad
722 954 751 989 id
779 964 931 999 congruo,
971 950 1128 998 generale,

381 1009 463 1042 iuxta
477 1004 664 1041 laudabilem
677 1016 756 1052 quae
775 1002 912 1049 desuper
931 1001 988 1036 boc
1005 1000 1128 1036 dudum

381 1058 481 1104 viguit
508 1054 786 1093 consuetudinem,
809 1051 983 1099 capitulum
1002 1063 1057 1098 per
1075 1063 1130 1086 eos

381 1106 514 1154 singulis
535 1105 626 1140 annis
647 1103 835 1146 celebretur,
852 1114 908 1137 nec
923 1100 1012 1141 illud,
1041 1109 1130 1149 post-

382 1169 476 1204 quam
505 1155 687 1190 inelioatnm
711 1153 821 1193 fuerit,
848 1151 949 1186 donec
982 1162 1038 1197 pro
1070 1150 1130 1185 alio

383 1208 487 1241 futuro
513 1204 702 1241 celebrando
729 1201 865 1250 capitulo
895 1200 1007 1236 similis
1042 1201 1131 1236 locus

382 1256 500 1291 electus
545 1263 574 1290 et
601 1261 784 1301 acceptatns
819 1251 967 1296 extiterit,
993 1262 1132 1298 quomo-

383 1305 501 1341 dolibet
524 1305 722 1340 dissolvatur.

431 1356 452 1403 S
479 1358 511 1390 5.
535 1354 568 1389 ln
596 1367 658 1402 quo
680 1353 810 1400 quidem
845 1349 995 1398 capitulo,
1019 1362 1131 1385 novem

384 1418 422 1441 ex
441 1406 500 1450 bis,
519 1405 571 1452 qui
595 1405 625 1438 in
650 1403 702 1438 illo
718 1402 834 1438 habere
856 1412 962 1436 vocem
989 1409 1133 1447 possunt,

386 1456 541 1502 eligamur
562 1454 756 1497 definitores,
779 1451 831 1499 qui
848 1450 894 1486 sic
908 1450 1012 1492 electi,
1032 1458 1131 1486 totum

386 1505 557 1552 capitulum
583 1503 753 1551 praefatum
775 1508 1061 1549 repraesentantes,
1078 1513 1133 1549 pro

385 1554 502 1590 salubri
537 1553 639 1589 dictae
675 1551 928 1600 congregationis
959 1562 1133 1595 successu,

386 1612 511 1649 statuta,
533 1603 774 1639 constitutiones
796 1610 826 1637 et
852 1600 1080 1645 ordinationes,
1099 1613 1135 1636 ac

385 1655 491 1690 omnia
532 1661 563 1689 et
588 1652 725 1701 singula,
757 1664 838 1700 quae
862 1651 891 1685 in
919 1650 1135 1697 spiritualibus

386 1704 485 1752 ipsius
496 1702 762 1750 congregationis,
777 1714 812 1737 ac
828 1700 983 1749 praefatae
991 1700 1134 1747 Regulae

386 1761 516 1794 statum,
548 1752 776 1788 observantiam
816 1759 846 1786 et
881 1749 1134 1792 indemnitatem,

387 1815 511 1839 necnon
542 1803 623 1837 circa
655 1802 752 1837 divini
793 1800 885 1836 oflicii
924 1799 1134 1836 directionem

386 1862 417 1889 et
438 1852 682 1897 ordinationem,
703 1851 822 1898 absque
844 1859 945 1885 tamen
965 1850 1062 1897 ipsius
1078 1849 1136 1886 Re-

386 1902 478 1949 gulae
505 1902 674 1937 variatione
697 1900 891 1937 substantiae
919 1899 966 1934 vel
994 1900 1136 1945 effectus,

387 1952 681 1999 interpretationem
717 1962 771 1986 seu
795 1949 1038 1985 declarationem
1061 1962 1136 1997 qno·

388 2001 562 2037 modolibct
589 2012 781 2037 concernere
810 2007 971 2047 poterunt,
998 2000 1137 2035 auetori-

389 2060 450 2087 tate
475 2051 632 2099 praedicta
660 2050 856 2091 instituendi,
885 2048 1065 2091 ordinandi,
1088 2049 1138 2085 in-

389 2106 595 2155 terpretandi,
621 2104 815 2147 declarandi,
839 2116 960 2139 necnon
988 2116 1035 2149 ea,
1057 2117 1138 2152 quae

389 2163 436 2197 sic
459 2162 614 2202 instituta,
645 2160 802 2201 ordinata.
839 2159 1039 2206 interpretata
1091 2159 1137 2195 vel

389 2217 545 2252 declarata
573 2216 702 2257 suerint,
741 2216 770 2250 in
800 2221 863 2249 toto
900 2213 946 2248 vel
982 2213 1011 2248 in
1041 2223 1138 2261 parte,

390 2279 483 2319 prout
510 2283 613 2306 rerum
637 2279 667 2305 et
695 2278 872 2317 temporum
888 2267 1054 2316 qualitates
1073 2281 1139 2304 exe-

389 2326 504 2372 gerint,
526 2325 704 2366 amovendi,
728 2323 880 2359 alterandi
915 2322 997 2357 etin
1025 2323 1140 2359 melius

389 2380 616 2421 commutandi,
639 2380 762 2427 plenam
785 2387 815 2414 et
835 2378 964 2413 liberam
986 2378 1016 2412 in
1037 2378 1140 2413 omni-

390 2436 450 2472 bus
477 2436 612 2472 babeant
635 2435 825 2471 facultatem.
848 2434 993 2477 Quorum
1023 2432 1139 2469 desini-

389 2500 493 2528 torum
520 2491 657 2531 statutis.
689 2488 984 2529 constitutionibus,
1011 2487 1139 2524 ordina-

390 2547 531 2583 tionibus
568 2555 599 2582 et
620 2545 859 2581 delinitionibus
878 2552 908 2579 et
939 2544 1140 2579 correctioni-

390 2602 460 2647 bus,
482 2601 597 2649 singuli
614 2600 653 2636 de
671 2600 915 2648 congregatione
943 2598 1138 2643 huiusmodi,

389 2657 618 2706 cuiuscumque
661 2655 839 2704 dignitatiS,
878 2661 995 2700 status,
1021 2652 1138 2701 gradus

1113 883 1137 905 ᾳ

972 247 1159 272 emt-Aulum
1181 245 1344 270 ROMANUM

1166 302 1230 337 sive
1253 299 1444 336 conditionis
1465 297 1614 338 existant,
1640 296 1671 332 in
1694 295 1843 332 omnibus
1869 295 1917 332 es-

1167 351 1301 386 ficaciter
1325 360 1432 395 parere
1456 354 1631 383 teneantur.

1215 401 1235 447 5‘
1259 404 1289 434 4.
1326 398 1477 434 Volentes
1499 409 1534 432 ac
1555 403 1728 432 statuentes
1749 396 1833 444 quod
1857 396 1917 432 bu-

1168 449 1304 485 iusmodi
1327 448 1511 483 definitores
1537 446 1577 482 de
1601 445 1773 494 praedictis
1804 458 1917 482 mona-

1167 500 1272 535 steriis
1297 507 1328 532 et
1354 498 1443 538 locis,
1479 510 1516 532 ac
1555 509 1666 532 eorum
1695 495 1798 540 bonis,
1825 504 1919 543 prout

1169 548 1357 583 utilitatibus
1392 547 1569 595 praedictae
1595 545 1851 593 congregationis
1872 546 1919 581 vi-

1168 598 1292 634 debitur
1313 597 1477 645 expedire,
1500 597 1597 632 libere
1619 596 1805 644 disponere:

1217 647 1237 695 g
1260 651 1292 683 5.
1318 648 1384 683 Nec
1418 660 1480 683 non
1515 659 1571 683 eos
1597 658 1635 682 ex
1664 646 1742 694 ipsis
1754 645 1920 681 monacbis

1170 697 1390 745 praesentibus
1411 706 1442 733 et
1469 697 1594 738 suturis,
1617 708 1698 744 quos
1719 696 1758 731 ad
1786 695 1816 731 id
1850 695 1920 731 ido-

1171 761 1246 783 neos
1274 748 1494 791 iudicaverint,
1518 747 1548 782 in
1571 746 1701 782 abbates
1735 754 1766 781 et
1800 745 1922 794 priores

1171 799 1346 834 vacantium
1376 810 1433 846 pro
1467 806 1609 844 tempore
1655 796 1920 832 monasteriorum

1169 861 1205 883 ac
1225 849 1418 895 prioratuum
1447 846 1631 883 huiusmodi
1659 847 1747 887 alias,
1774 846 1858 882 iuxta
1872 846 1923 882 di-

1170 907 1237 934 ctae
1265 897 1522 946 congregationis
1549 897 1806 941 constitutiones,
1834 896 1922 932 ordi-

1172 949 1316 984 nationes
1337 958 1367 984 et
1387 956 1501 984 statuta
1528 946 1647 993 eligere
1665 947 1731 982 sive
1746 946 1922 986 nominare,

1172 1011 1294 1034 necnon
1331 999 1368 1034 ad
1409 996 1643 1045 beneplacitum
1679 1008 1788 1032 eorum
1821 996 1924 1032 taliter

1171 1049 1289 1084 electos
1315 1049 1380 1084 sive
1404 1048 1594 1088 nominatos,
1617 1046 1736 1094 absque
1757 1046 1861 1094 aliqua
1875 1045 1925 1080 di-

1172 1107 1240 1135 ctae
1261 1111 1376 1134 causae
1398 1098 1593 1145 cognitione,
1614 1109 1630 1132 a
1647 1095 1801 1143 regimine
1823 1104 1854 1131 et
1869 1095 1925 1131 ad-

1172 1149 1406 1184 ministratione
1433 1148 1591 1183 dictorum
1634 1146 1899 1182 monasteriorum
1916 1173 1924 1186 ,

1172 1199 1290 1247 quibus
1324 1207 1400 1234 tunc
1435 1198 1653 1246 praefuerint,
1676 1205 1706 1232 et
1732 1207 1814 1244 quae
1849 1203 1926 1231 tunc

1174 1258 1340 1297 propterea
1360 1260 1470 1284 vacare
1487 1254 1687 1289 censeantur,
1709 1245 1872 1281 absolvere
1895 1253 1926 1280 et

1173 1311 1332 1341 amovere,
1354 1311 1391 1334 ac
1418 1298 1510 1334 etiam
1529 1296 1634 1333 omnia
1649 1304 1680 1332 et
1693 1295 1830 1343 singula,
1844 1308 1926 1343 quae

1175 1350 1205 1384 in
1232 1349 1414 1397 praemissis
1441 1347 1602 1389 omnibus,
1629 1354 1660 1382 et
1681 1346 1764 1382 circa
1791 1357 1827 1381 ea
1843 1357 1926 1393 quo-

1175 1399 1349 1436 modolibet
1380 1398 1557 1434 necessaria
1580 1397 1629 1432 vel
1657 1403 1835 1444 opportuna
1859 1395 1927 1431 fue-

1176 1450 1248 1490 rint,
1271 1449 1372 1485 facere
1394 1456 1426 1483 et
1447 1448 1561 1496 exequi
1585 1446 1682 1483 libere
1701 1453 1733 1482 et
1753 1445 1837 1482 licite
1859 1458 1927 1494 pos-

1175 1500 1238 1535 sint
1264 1507 1295 1534 et
1322 1498 1455 1534 valeant.

1224 1549 1244 1597 S
1266 1551 1300 1584 6.
1328 1548 1437 1590 Plane,
1461 1560 1500 1583 ne
1524 1555 1594 1595 post
1612 1544 1851 1582 dissolutionem
1865 1544 1928 1580 bn—

1176 1599 1312 1635 iusmodi
1331 1598 1475 1646 capituli,
1492 1597 1651 1646 praedicta
1663 1595 1867 1643 congregatio
1882 1608 1929 1632 re·

1175 1649 1305 1696 giminis
1315 1649 1426 1684 solatio
1438 1648 1586 1684 destituta
1599 1653 1770 1687 remaneat,
1784 1646 1926 1694 quinque

1177 1699 1224 1734 vel
1242 1699 1358 1746 plures,
1382 1707 1474 1747 prout
1501 1695 1723 1733 definitoribus
1745 1695 1926 1731 huiusmodi

1178 1749 1280 1786 risum
1303 1749 1408 1794 fuerit,
1431 1748 1606 1784 visitatores
1619 1746 1824 1794 deputentur,
1839 1758 1929 1793 quo—

1178 1812 1247 1835 rum
1263 1812 1358 1837 unus.
1381 1799 1466 1834 iuxta
1481 1798 1622 1845 ipsorum
1638 1795 1839 1831 definitorum
1855 1795 1928 1831 dis-

1179 1849 1379 1897 positionem,
1395 1847 1602 1896 praesidentis
1620 1846 1732 1887 vicem,
1748 1857 1930 1894 nomenque

1178 1899 1341 1947 suscipiat,
1359 1907 1390 1934 et
1404 1898 1441 1934 ad
1460 1910 1545 1938 eum,
1560 1895 1736 1933 secundum
1748 1895 1928 1931 huiusmodi

1178 1949 1306 1997 capituli
1335 1948 1473 1993 decreta,
1499 1947 1624 1994 singula
1653 1945 1830 1994 praedictae
1852 1958 1930 1982 con-

1178 1998 1370 2047 gregationis
1405 1997 1535 2045 negocia
1569 1997 1772 2037 deserantur3
1804 1995 1929 2044 ipsique

1180 2049 1363 2097 praesidens
1384 2056 1415 2084 et
1437 2047 1612 2083 visitatores
1639 2046 1744 2082 omnia
1761 2054 1790 2080 et
1806 2046 1929 2093 singula

1180 2100 1306 2141 saciant,
1333 2099 1503 2146 disponant
1531 2106 1563 2133 et
1596 2104 1808 2145 exequantur,
1833 2108 1930 2144 super

1179 2150 1296 2198 quibus
1321 2149 1361 2184 ab
1384 2148 1567 2184 huiusmodi
1585 2147 1723 2196 capitulo
1737 2145 1851 2182 muniti
1866 2158 1930 2193 po-

1182 2208 1292 2236 testate
1315 2199 1443 2241 suerint,
1466 2198 1513 2234 vel
1536 2211 1617 2246 quae
1636 2198 1675 2234 ab
1699 2209 1738 2233 eo
1751 2196 1932 2243 receperint

1181 2251 1212 2286 in
1239 2249 1430 2294 commissis,
1457 2257 1511 2285 aut
1529 2249 1617 2291 alias,
1636 2248 1719 2284 iuxta
1732 2259 1841 2282 eorum
1853 2258 1931 2282 con-

1180 2301 1359 2337 stitutiones
1380 2310 1410 2335 et
1426 2307 1550 2341 statuta,
1564 2311 1699 2347 quorum
1714 2297 1814 2332 officia
1830 2308 1932 2345 usque

1180 2351 1219 2388 ad
1254 2363 1404 2399 sequenS,
1434 2362 1517 2386 anno
1552 2349 1691 2397 proxime
1718 2347 1826 2383 futuro
1856 2355 1933 2382 tunc

1181 2401 1419 2440 celebrandum.
1451 2398 1633 2435 huiusmodi
1677 2397 1932 2447 congregationis

1181 2452 1355 2500 capitulum
1379 2451 1542 2487 dumtaxat
1568 2450 1694 2486 durent.

1229 2503 1249 2550 g
1272 2505 1303 2537 7.
1327 2502 1434 2538 Locus
1458 2508 1582 2537 autem·
1599 2499 1728 2548 capituli
1765 2497 1930 2547 praedicti,

1182 2561 1347 2600 postquam
1382 2552 1500 2588 electus
1540 2559 1570 2586 et
1607 2557 1786 2597 acceptatus
1826 2548 1931 2592 fuerit,

1180 2603 1299 2650 absque
1323 2602 1498 2638 rationabili
1527 2613 1633 2645 causa,
1659 2599 1699 2635 de
1722 2598 1931 2647 praesidentis

1180 2666 1306 2701 quoque
1335 2665 1458 2691 necnon
1478 2651 1606 2689 maioris
1624 2650 1721 2700 partis
1736 2649 1930 2689 visitatorum

1931 239 1983 266 An.
2000 238 2030 266 C.
2043 239 2112 267 ¹³52

1954 1557 1985 1579 De
2008 1558 2126 1580 miinori-

1960 2501 1989 2523 De
2003 2501 2052 2523 Ιοοο
2065 2499 2130 2523 (nturi

1946 2532 2040 2561 capituli.
