2281 3251
101 296 151 322 An.
169 295 197 321 C.
216 297 282 323 11145

107 1339 227 1362 fimet-ate·
238 1340 281 1363 Or·

95 1372 151 1394 Otni·
178 1371 204 1392 ab
225 1371 281 1393 atio-

94 1407 141 1425 rum
172 1402 280 1429 praetato-

95 1438 141 1456 ιω
158 1433 281 1455 obedientia

96 1468 220 1486 exemerunt
261 1467 281 1486 i-

95 1497 148 1517 num
160 1501 279 1522 congrega<

95 1527 186 1551 tionem

111 1833 260 1862 veneruntque

97 1867 118 1888 ot
126 1866 234 1888 ticenttam
243 1870 283 1887 ca-

97 1897 165 1926 pttnts
190 1902 283 1923 congre-

97 1928 171 1955 μιαί,
193 1929 282 1955 etusqno

97 1959 216 1987 praecluem
241 1958 283 1979 eti-

98 1989 170 2016 ‘endu

935 288 1092 313 EUGENtth

297 349 455 391 sidentes,
482 348 567 382 curis
603 359 809 393 perurgemur
844 345 980 380 assiduis
1003 353 1044 388 et,

298 400 379 433 iuxta
413 397 550 432 creditae
574 396 665 430 uobis
698 396 945 441 dispensationis
975 393 1045 427 otti-

296 448 392 487 eiunt,
407 447 489 481 circa
512 445 711 480 subditorum
728 443 953 491 quorumlibet,
972 455 1046 489 piae-

296 497 402 530 sonim
438 496 497 529 sul)
534 496 666 541 regulari
707 494 900 527 observantia
941 494 1045 525 studio

297 545 471 580 vacantium
497 546 564 592 piae
588 544 678 587 vitae,
706 544 735 577 in
764 555 898 589 quornm
929 543 1045 588 ubique

297 595 502 641 prosperitate
535 593 711 631 relicimur,
747 601 860 626 statinn
887 590 1044 625 salubrem

295 652 324 677 et
359 655 508 690 prospere
535 642 734 688 dirigendum
758 641 966 675 solicitudinis
998 640 1046 673 of-

296 692 366 727 ficio
390 693 596 730 intendimus,
621 700 651 725 et
675 691 723 732 iis,
742 691 793 737 qni
812 691 848 724 ud
874 691 996 724 lundein
1017 697 1046 722 et

295 741 426 788 gloriam
455 741 551 775 divini
581 741 739 782 nominis,
771 740 914 786 sacrique
944 739 1047 772 cultus

294 799 512 838 angmentum,
548 802 669 824 necnon
696 789 856 834 religionis
885 801 1046 834 propagu-

294 840 411 875 tionem
429 840 510 874 illius
525 839 684 885 prol'utura
700 838 937 884 cognoscimus,
954 850 1045 882 opem

294 898 323 924 et
342 902 485 937 operam,
508 897 659 936 quantum
683 901 754 922 euni
776 886 841 922 Dee
865 899 1047 934 possumus,

295 939 510 985 impendimus
530 937 684 980 efficaci-s,
705 946 738 971 ut
762 948 817 983 per
836 943 959 970 nostrae
975 947 1048 981 ope-

295 989 422 1022 rationis
447 988 655 1021 ministerium
679 995 707 1020 et
735 984 899 1032 apostolici
934 984 1047 1018 l'uvoris

296 1038 501 1083 praesidium,
519 1049 670 1083 personae
694 1034 893 1074 huiusmodi,
922 1046 1048 1068 eurum·

293 1098 356 1133 qne
386 1086 572 1121 monasteria
608 1093 637 1118 et
661 1085 737 1122 loca,
772 1083 905 1129 singulis
933 1082 972 1117 :ib
1003 1083 1048 1117 eis

294 1135 428 1171 sublatis
454 1135 642 1180 dispendiis,
668 1133 826 1180 prosperis
847 1132 1048 1178 gratulentur

294 1184 474 1224 eventibus,
497 1195 527 1218 et
551 1185 578 1216 in
601 1182 818 1229 spiritualibus
841 1189 870 1215 ct
895 1190 1049 1227 temporu-

296 1233 378 1268 tibus
406 1234 504 1268 l'elicia
534 1233 732 1278 conspiciant
765 1232 970 1265 incrementa.

343 1282 364 1329 S
388 1285 418 1317 1.
443 1282 570 1316 Dudum
598 1281 754 1327 siquidem
774 1279 916 1314 nonnulli
945 1291 1049 1324 gene-

296 1330 376 1366 rates
400 1332 521 1379 priores
543 1330 673 1365 Ordinis
696 1329 826 1364 fratrum
843 1329 1047 1364 eremitarum

296 1380 330 1415 S.
358 1381 541 1427 Augustini,
577 1381 711 1427 priorem
745 1390 772 1414 et
802 1378 924 1422 fratres,
959 1390 1050 1424 prae-

296 1439 402 1465 sentes
433 1439 462 1464 et
500 1430 634 1473 futuros,
667 1430 778 1462 domos
811 1428 846 1465 S.
879 1427 1050 1461 Salvatoris

295 1479 400 1515 Silvae
423 1480 525 1514 Lacus
547 1479 620 1513 dicti
643 1478 774 1512 Ordinis
791 1477 942 1512 Senensis
961 1476 1051 1510 dioe-

296 1529 377 1564 cesis
403 1529 464 1564 sul)
504 1528 638 1575 regulari
672 1527 868 1562 observantia
904 1525 1049 1560 eiusdem

296 1577 425 1613 Ordinis
457 1579 621 1624 degentes,
648 1584 678 1611 et
712 1576 881 1610 cuiuslibet
904 1576 943 1609 ab
982 1575 1050 1622 ipso

296 1628 433 1674 generali
468 1628 582 1675 priore,
608 1626 766 1661 inferior-{s
788 1625 979 1664 obedientia,
1003 1625 1051 1658 iu—

299 1677 481 1712 risdictione
509 1686 539 1712 et
561 1677 757 1711 correctione
780 1676 966 1714 eximentes,
984 1673 1051 1708 illas

298 1726 356 1761 sub
379 1727 574 1773 protectione
601 1737 657 1760 sna
685 1732 937 1771 assumpserunt.

346 1775 366 1823 S
387 1778 421 1809 2.
434 1775 571 1823 thuod
587 1775 660 1809 dicti
673 1773 796 1812 fratres,
811 1774 948 1819 singulis
964 1773 1050 1806 trien-

297 1825 369 1863 niis,
390 1824 512 1871 singula
529 1825 687 1871 generula
718 1822 852 1869 capitula
884 1823 913 1856 in
945 1834 1052 1856 mense

299 1875 384 1919 maii,
409 1875 437 1908 in
471 1887 529 1908 nna
557 1886 594 1908 ex
619 1872 768 1907 domibus
791 1873 931 1918 ipsorum
956 1872 992 1905 ad
1022 1871 1051 1905 id

300 1936 354 1970 per
368 1936 477 1958 eorum
497 1924 646 1958 vicarium
662 1922 840 1969 generalem
858 1920 1051 1967 deputanda,

298 1973 468 2016 celebrare,
483 1985 519 2007 ac
534 1974 562 2006 in
583 1971 763 2006 huiusmodi
784 1969 930 2018 capitulis
952 1983 1051 2004 unum

300 2022 520 2068 praesidentent
535 2031 609 2056 tunc
619 2021 796 2056 celebrandi
814 2019 1053 2066 capituli,cuius

298 2071 435 2106 officiunt
455 2080 575 2106 tantuin
604 2071 709 2106 triduo
732 2070 833 2109 duret,
856 2078 886 2103 et
909 2071 939 2103 in
963 2071 1052 2104 cuius

299 2121 447 2155 manibus
468 2121 617 2168 antiquus
641 2120 775 2154 vicarius
801 2118 939 2153 officiunt
970 2120 1053 2153 vica-

299 2173 396 2208 riatus
436 2174 584 2210 fratribus
611 2174 644 2209 S.
685 2173 856 2208 Salvatoris
893 2174 1053 2219 resignare

300 2235 470 2269 teneretur,
486 2237 514 2263 et
530 2240 546 2263 a
566 2241 629 2275 quo
653 2228 719 2274 ipse
740 2226 872 2261 vicarius
888 2226 926 2260 ab
943 2226 1054 2260 ltuins-

300 2280 384 2316 modi
419 2281 520 2317 officio
560 2281 677 2316 absolvi
722 2281 861 2320 deberet,
904 2280 1053 2327 quodque

300 2335 446 2370 eumdem
483 2336 634 2371 vicarium
665 2348 719 2381 pro
747 2334 869 2369 delictis
898 2347 953 2381 per
979 2348 1051 2370 eum

301 2390 489 2431 commissis,
523 2390 549 2425 si
589 2389 769 2436 puniendus
805 2390 893 2427 l'oret,
931 2391 1054 2436 punire,

303 2456 426 2479 necnon
449 2443 638 2479 electionem
668 2444 737 2478 nori
762 2443 864 2477 vicarii
890 2456 944 2490 pro
968 2452 1055 2479 tem-

303 2499 541 2552 porepanonice
556 2497 742 2533 celebratam
761 2496 947 2532 confirmare
964 2497 1056 2532 debe-

304 2560 351 2586 ret
380 2552 492 2598 primo.

353 2608 415 2648 §5.
428 2605 470 2640 Et
484 2605 598 2640 deinde
613 2617 710 2639 unuin
727 2617 764 2638 ex
781 2604 856 2651 ipsis
873 2604 1054 2651 inipsorum

305 2660 448 2695 omnium
462 2667 491 2695 et
506 2659 703 2705 singularum
715 2658 881 2693 domorum
898 2658 1056 2693 societatis

1747 274 1785 306 Ἡ

1088 343 1218 377 fratrum
1253 341 1437 377 eorumdem
1475 339 1652 386 generalem
1691 339 1840 373 vicarium

1087 393 1203 437 eligere
1228 399 1370 438 possent;
1397 389 1546 437 quodque
1562 389 1591 423 in
1609 388 1756 422 vicarium
1778 388 1843 422 ele-

1088 451 1157 476 ctus
1175 441 1358 475 liuiusinodi
1385 452 1440 485 per
1462 439 1579 472 dictum
1609 437 1842 485 praesidentem

1088 492 1338 529 confirmaretur,
1371 497 1399 523 et
1436 496 1601 535 postquam
1641 486 1845 520 confirmatus

1088 539 1209 578 fuisset,
1227 540 1257 573 in
1277 551 1388 573 omnes
1410 537 1594 582 etsingulos
1612 536 1721 570 fratres
1741 536 1844 569 socie-

1089 589 1159 622 tatis
1174 587 1355 622 lininsmodi
1372 586 1498 622 casdem
1523 598 1558 620 ac
1580 597 1707 632 prorsus
1728 584 1846 619 similes

1090 637 1340 671 iurisdietionem
1357 646 1386 670 et
1403 643 1601 683 potestatem,
1617 647 1711 682 quam
1731 634 1760 668 in
1778 633 1846 667 illus

1089 686 1194 720 dietus
1219 686 1374 732 generalis
1408 685 1492 732 prior
1521 683 1612 718 liabet
1640 693 1670 719 et
1698 695 1846 717 exercere

1091 744 1206 781 potest,
1237 735 1350 769 ltaliere
1372 744 1401 768 et
1436 745 1593 771 exercere3
1628 745 1663 767 ac
1697 733 1846 779 quotsseus

1089 796 1169 829 opus
1195 784 1285 826 soret,
1309 795 1419 818 omnes
1434 792 1463 817 et
1491 782 1632 828 singulos
1650 782 1770 829 priores
1789 781 1847 815 do-

1092 845 1214 866 morum
1238 832 1381 867 eiusdem
1424 832 1594 870 societatis,
1614 831 1717 878 priore
1750 830 1847 876 ipsius

1089 882 1204 916 domus
1236 881 1271 917 S.
1301 881 1472 916 Salvatoris
1505 884 1608 927 (quein
1647 892 1701 926 per
1736 880 1846 914 fratres

1089 931 1234 966 eiusdem
1263 931 1378 965 domus
1399 930 1433 965 S.
1457 930 1638 973 Salvatoris,
1662 929 1731 964 illos
1755 928 1846 962 vide-

1091 979 1161 1014 lieet
1188 980 1241 1028 qui
1267 981 1295 1014 in
1320 981 1456 1024 capitulo
1481 991 1588 1013 vocem
1617 977 1745 1020 liabent,
1762 978 1845 1023 eligi,

1090 1029 1202 1063 eteius
1214 1029 1377 1063 electionis
1390 1029 1663 1063 contii-mationem
1674 1027 1710 1061 ad
1724 1027 1845 1061 dictum

1092 1078 1241 1112 vicarium
1274 1079 1496 1124 pertinentem,
1520 1086 1549 1111 et
1586 1089 1679 1124 quem
1710 1077 1845 1123 priorem

1090 1127 1226 1173 singulis
1247 1127 1340 1161 annis
1362 1127 1446 1172 eligi,
1478 1127 1524 1160 vel
1552 1126 1590 1160 de
1613 1137 1693 1159 novo
1728 1125 1847 1159 confir-

1091 1189 1177 1211 mare
1205 1177 1380 1218 voluerunt)
1408 1176 1569 1209 dumtaxat
1596 1182 1745 1220 excepto,
1773 1187 1849 1221 quo-

1092 1226 1173 1259 tiens
1195 1237 1277 1270 opus
1293 1225 1381 1264 l'oret,
1399 1226 1563 1259 instituere
1579 1224 1705 1263 valeret,
1726 1235 1846 1257 necnon

1092 1275 1159 1321 ipse
1185 1275 1325 1313 vicarius.
1349 1275 1373 1308 si
1397 1273 1515 1308 eisdem
1545 1272 1690 1307 fratribus
1713 1272 1747 1306 S.
1775 1272 1848 1306 Sat-

1093 1325 1205 1359 vatoris
1225 1323 1397 1362 videbitur,
1414 1323 1589 1357 dummodo
1606 1323 1699 1356 annis
1714 1321 1847 1366 singulis

1091 1373 1228 1408 officiunt
1273 1373 1429 1420 prioratus
1474 1372 1653 1407 liuiusmodi
1701 1371 1846 1416 resignet,

1091 1423 1162 1468 eligi
1188 1432 1303 1469 posset.

1141 1471 1161 1519 ἓ
1185 1476 1217 1506 4.
1242 1471 1399 1506 ΝυηιιιιΙΙ-ι
1424 1484 1551 1518 quoqne
1573 1471 1629 1504 aliu
1649 1470 1772 1504 diversa
1802 1482 1846 1502 as-

1092 1521 1296 1566 signationes,
1314 1521 1549 1559 concessiones,
1566 1520 1717 1560 licentias,
1732 1520 1846 1565 gratias

1092 1578 1123 1604 et
1151 1571 1270 1604 indulta
1302 1578 1540 1611 concesseruut,
1576 1581 1711 1616 quornm
1741 1568 1844 1615 aliqua

1094 1632 1149 1666 per
1162 1620 1318 1665 generalia
1337 1620 1436 1666 ipsius
1449 1617 1579 1653 Ordinis
1593 1618 1739 1665 capitula,
1752 1629 1847 1665 quae-

1093 1668 1164 1703 dam
1182 1682 1254 1704 vero
1271 1670 1457 1704 auctoritate
1476 1667 1646 1715 apostolica
1663 1668 1845 1701 conlirmata

1095 1717 1230 1757 fuerunt,
1263 1718 1358 1765 priori
1391 1718 1506 1752 domus
1527 1716 1561 1751 S.
1597 1716 1780 1756 Salvatoris,
1816 1726 1846 1750 et

1094 1767 1241 1802 fratribus
1262 1767 1421 1802 societatis
1455 1765 1635 1801 liuiusmodi
1674 1766 1703 1800 in
1733 1778 1847 1813 perpe-

1095 1824 1183 1851 tuum
1219 1817 1396 1851 successive
1431 1824 1669 1858 concesserunt,
1699 1825 1789 1862 prout
1818 1816 1847 1849 iu

1094 1867 1276 1912 apostolicis
1299 1875 1329 1900 et
1362 1865 1495 1900 diversis
1516 1864 1700 1899 eorumdem
1717 1877 1848 1909 genera-

1095 1915 1172 1949 lium
1202 1916 1342 1962 priorum
1367 1915 1464 1950 litcris
1487 1915 1560 1949 dicti
1589 1913 1719 1948 Ordinis
1746 1914 1848 1959 sigillo

1096 1965 1236 2008 munitis,
1250 1966 1289 1999 de
1302 1965 1419 2012 quilius
1436 1964 1525 1998 nobis
1544 1963 1682 2009 legitime
1697 1963 1847 2004 constitit,

1095 2022 1124 2048 et
1141 2026 1222 2061 quae
1247 2014 1358 2062 inspici
1384 2023 1413 2048 et
1429 2013 1600 2048 examinari
1624 2012 1756 2046 fecimus
1774 2012 1847 2046 dili-

1095 2073 1217 2109 genter,
1252 2075 1451 2110 quorumque
1479 2062 1620 2097 omniunt
1659 2069 1782 2095 tenores
1808 2061 1847 2093 de

1097 2112 1190 2147 verbo
1209 2113 1246 2147 ad
1264 2113 1391 2148 verbum
1410 2111 1629 2160 praesentibus
1646 2123 1701 2157 pro
1721 2110 1847 2143 insertis

1098 2162 1203 2196 liaberi
1228 2162 1385 2201 volumus,
1415 2161 1539 2209 plenius
1562 2161 1754 2195 continetur.

1145 2211 1165 2258 S
1187 2213 1219 2246 5.
1236 2211 1316 2246 Cum
1331 2221 1448 2253 autem,
1470 2211 1547 2244 sicut
1570 2209 1761 2256 accepimus,
1785 2217 1845 2242 tam

1096 2261 1129 2295 S.
1153 2261 1325 2296 Salvatoris
1354 2260 1515 2308 praedicti,
1532 2260 1657 2306 quaein
1673 2258 1846 2304 exemptio-

1098 2310 1157 2354 nis,
1185 2311 1445 2357 assignationum,
1467 2309 1722 2348 concessionum,
1746 2308 1847 2341 licen-

1098 2360 1225 2400 tiarnm,
1250 2360 1420 2406 gratiarum
1443 2367 1473 2392 et
1497 2358 1689 2393 indultorum
1713 2369 1846 2391 eorum-

1097 2409 1168 2444 dem
1193 2410 1390 2456 possessione
1417 2409 1569 2447 existunt,
1591 2419 1685 2454 quain
1709 2406 1741 2441 S.
1765 2406 1846 2440 Leo-

1099 2459 1185 2494 nardi
1219 2468 1249 2493 et
1278 2458 1311 2492 S.
1346 2457 1462 2492 Mariae
1489 2458 1527 2492 de
1554 2457 1659 2491 Monte
1696 2455 1846 2501 spechio,

1099 2521 1223 2543 necnon
1238 2507 1272 2542 S.
1289 2507 1419 2542 Antonii
1434 2519 1529 2554 supra
1552 2505 1705 2540 Balneum
1719 2503 1845 2538 Petrioli

1099 2558 1266 2593 domorum
1289 2556 1365 2591 dicti
1392 2555 1535 2596 Ordinis,
1557 2564 1586 2590 et
1611 2553 1784 2602 praedictae
1811 2564 1846 2586 ac

1099 2607 1310 2642 Grossetanae
1336 2604 1492 2641 dioecesis
1518 2604 1639 2651 priores
1671 2610 1700 2636 et
1725 2600 1846 2641 fratres,

1100 2657 1269 2692 mundanis
1309 2656 1422 2702 spretis
1465 2651 1736 2694 obteciaiionibus,
1763 2650 1846 2684 iuxta

1120 288 1151 310 tv
1181 287 1230 310 Pt’.

1862 284 1910 310 An.
1927 283 1956 309 C.
1977 282 2043 310 tM-'t

1872 343 1896 364 Bt
1912 345 1984 365 vienn
2005 349 2043 369 κο-

1859 373 2002 394 nenliseutun
2010 379 2042 394 οι-

1860 408 1892 425 uet
1908 406 2000 431 regimen
2023 405 2033 425 a

1859 439 1995 461 congregat.;

1875 1475 1963 1502 Altaque
1982 1475 2047 1496 Ordi-

1861 1506 1894 1526 nis
1910 1505 1990 1526 indulta
2003 1507 2035 1526 eid

1861 1540 1982 1562 congregat.
1998 1542 2047 1556 con-

1861 1571 1980 1588 censerunt,

1875 2215 1917 2235 tuta
1954 2221 2045 2241 cougre-

1862 2247 1917 2272 guito
1932 2249 1995 2270 suctu
2012 2249 2046 2266 est

1862 2280 1883 2296 et
1906 2277 1926 2296 in
1953 2276 2045 2302 regulari

1862 2308 1974 2328 obsti-uu.
1990 2306 2046 2327 mut-

1863 2342 1903 2358 tum
1920 2337 2016 2364 protecti.
