2281 3251
102 306 148 332 Ani
173 306 200 332 C.
219 307 283 333 tatio

84 2610 258 2632 Trana-mittuntur

77 2646 189 2667 processus

75 2671 149 2693 sedem
167 2673 259 2700 Aposto-

76 2703 144 2729 ticam,

904 305 1073 327 (ῑΛιιικι-ι5
1097 306 1132 328 ιιι
1163 306 1210 327 rr.
1720 297 1784 329 ¹25
1853 310 1890 335 Αιι
1921 311 1947 334 ιῑ.
1968 310 2032 335 t'itffi

297 360 444 395 omnibus
466 367 495 393 ct
518 359 650 406 singulis
671 372 711 393 ex
731 358 842 394 ordine
865 360 1041 403 recensitis,

297 419 326 445 et
374 410 466 445 etiam
504 422 559 455 pro
592 421 699 443 eorum
751 416 835 455 parte
874 409 1040 444 subiuncto

296 459 378 507 quod
404 459 474 506 ipsi,
501 458 629 504 dignum
666 458 880 493 existimantes
914 459 1040 493 tliesau-

296 521 364 543 rum
398 509 491 555 longo
528 516 667 554 tempore
696 507 915 542 absconditum
951 508 1041 543 Chri—

295 558 332 592 sti
356 557 502 592 fidelibus
518 557 633 592 debere
655 557 801 598 ostendi,
825 566 857 591 nt
881 567 1038 605 tamquam

296 607 422 642 lucerna
457 607 566 641 lucens
599 607 635 640 ad
671 607 804 641 aliorum
840 609 982 655 exempla
1010 617 1039 642 et

296 656 531 691 instructionem
553 664 682 703 pateret,
696 656 875 704 cupiebant,
893 670 947 703 pro
959 659 1039 692 exal-

296 706 409 741 tatione
441 706 577 741 nominis
612 705 750 746 Christi,
784 719 819 740 ac
848 707 1038 754 splendore,

293 756 389 800 gloria
424 764 453 790 et
494 756 612 790 bonore
650 756 749 803 ipsius
786 756 1038 792 Saresbcriensis

294 805 464 846 Ecclesiae,
497 814 527 839 ut
554 817 651 853 super
679 806 859 852 praemissis
891 806 928 841 ad
958 818 1037 841 exa-

294 855 494 890 minationem
531 855 672 890 eiusdem
709 868 873 903 processus
913 864 942 890 et
979 856 1036 891 alia

291 904 404 939 dictam
438 917 565 939 causam
602 905 823 940 concernentia
863 918 961 952 usque
998 906 1035 940 ad

289 955 555 989 canonizationem
585 955 724 990 ciusdem
748 955 845 990 sancti
871 968 925 990 viri
956 968 1037 1003 pro-

288 1004 470 1045 cederetur;
494 1004 574 1039 idem
599 1005 763 1044 Martinus,
787 1004 1035 1052 praedecessor,

289 1063 381 1099 prout
404 1054 445 1089 rei
469 1054 603 1100 gravitas
625 1063 654 1089 et
677 1053 859 1100 magnitudo
876 1055 1034 1101 poscebat,

287 1103 385 1139 bonae
427 1104 595 1138 memoriae
629 1103 742 1139 Iacobo
776 1103 974 1149 Tergestino,
1003 1105 1032 1139 in

287 1166 382 1200 regno
409 1153 541 1200 Angliae
563 1152 763 1200 Apostolicae
790 1152 882 1188 Sedis
911 1154 1033 1195 nuntio,

284 1210 313 1236 et
338 1203 553 1238 Wintoniensi
588 1216 624 1237 ac
646 1202 850 1237 Hortordensi
874 1204 1034 1250 episcopis

283 1252 349 1287 suis
385 1253 495 1287 litteris
528 1252 612 1286 dedit
648 1253 677 1286 in
707 1252 872 1291 mandatis,
897 1260 929 1287 ut
957 1266 1032 1300 pro-

281 1314 389 1336 cessus
411 1314 507 1349 super
530 1302 708 1349 praemissis
732 1302 791 1336 vita
815 1310 841 1337 et
873 1303 1032 1338 miraculis

282 1364 338 1398 per
359 1351 487 1387 eosdem
511 1351 747 1387 commissarios
768 1351 892 1386 habitos
915 1360 944 1387 et
972 1352 1032 1387 sor—

282 1409 382 1436 matos
408 1402 593 1436 auctoritate
619 1414 675 1436 sua
698 1413 769 1436 cum
799 1401 903 1436 debita
927 1410 1030 1436 matu-

281 1451 369 1486 ritate
395 1459 425 1486 et
452 1451 613 1497 gravitate,
639 1459 730 1498 prout
753 1459 855 1486 tautae
880 1451 922 1485 rei
945 1464 1029 1486 con—

281 1501 425 1541 veniret,
459 1508 659 1536 recensentes
686 1509 717 1536 et
739 1501 966 1546 examinantes,
994 1515 1029 1537 ac

281 1551 309 1584 in
347 1551 476 1585 l'ormam
512 1550 725 1585 authenticam
757 1551 960 1598 redigentes,
988 1551 1027 1587 de

280 1601 461 1647 praemissis
501 1600 650 1635 omnibus
681 1609 711 1635 et
744 1612 852 1636 eorum
883 1601 1027 1636 circnm-

278 1650 401 1685 stantiis
420 1650 575 1686 universis
594 1663 627 1684 se
645 1650 860 1691 informarent,
879 1659 909 1685 et
927 1651 1028 1698 inqui-

277 1707 381 1734 rerent
421 1700 605 1747 diligentius
641 1700 812 1739 veritatem,
846 1709 875 1735 et
911 1701 1027 1736 nibilo—

277 1749 384 1785 minus
415 1750 454 1785 ad
475 1750 685 1797 receptionem
704 1750 843 1793 testium,
867 1750 1026 1798 probatio-

276 1811 351 1833 num
386 1808 416 1834 et
448 1799 705 1834 informationum
743 1799 804 1833 fide
831 1800 1025 1847 dignorum,

277 1858 368 1896 prout
383 1849 555 1896 expediens·
569 1861 639 1883 esse
655 1859 892 1895 cognoscerent,
913 1851 941 1884 in
960 1851 1024 1897 ipsa

274 1911 367 1933 causa
402 1899 439 1934 ad
482 1898 628 1933 ulteriora
667 1899 894 1945 procederent,
933 1909 1025 1947 prout

275 1961 384 1984 eorum
418 1949 598 1984 discretioni
635 1949 801 1984 rideretur.
836 1949 944 1985 Voluit
973 1959 1024 1986 ta-

275 2010 347 2033 men
370 1997 453 2046 qnod
487 2007 585 2033 totum
611 1998 640 2032 in
665 1998 730 2046 ipsa
754 2011 859 2041 causa,
885 2008 945 2035 tam
970 2013 1026 2048 per

275 2047 404 2083 cosdem
433 2048 551 2095 primos
574 2048 692 2083 iudices
715 2047 902 2093 formatum,
929 2063 1022 2098 quam

274 2097 434 2133 secundos
449 2097 548 2132 dictos
564 2098 707 2133 auctorita
709 2106 812 2133 itesna
823 2099 1022 2136 formandum

275 2164 444 2200 processus
463 2152 493 2186 in
518 2151 641 2201 publica
665 2160 695 2187 et
717 2153 895 2189 authentica
925 2154 1023 2191 forma

274 2218 383 2241 eorum
401 2205 513 2253 sigillis
529 2207 668 2242 munitos
686 2219 740 2254 per
763 2209 924 2255 proprium
942 2222 1023 2244 nun-

275 2260 352 2295 tium
375 2260 413 2295 ad
431 2261 532 2308 ipsum
554 2261 724 2296 Mat-tinum
748 2262 1021 2309 praedecessorem

274 2313 431 2349 destinare
472 2323 629 2355 curarent,
661 2325 693 2350 ut
716 2316 797 2350 veris
815 2317 1023 2353 existentibus

273 2368 471 2416 supradictis,
495 2370 561 2417 ipse
578 2370 801 2417 praedecessor
822 2384 917 2418 super
932 2385 1024 2407 cano-

274 2423 429 2459 nizatione
466 2424 647 2459 huiusmodi
683 2426 712 2459 in
742 2426 839 2460 l'orma
862 2425 1022 2462 Ecclesiae

273 2486 435 2517 consueta.
451 2479 582 2514 servatis
598 2479 636 2513 de
653 2491 739 2514 more
757 2479 1021 2523 solemnitatibus,

273 2530 449 2567 deliberare
471 2533 595 2568 valeret.

321 2585 341 2632 S
371 2588 425 2620 10.
451 2587 513 2629 Qui
536 2587 665 2635 quidem
694 2588 904 2623 commissarii
930 2602 1020 2624 man-

248 2637 345 2674 data
364 2641 555 2688 apostolica
549 2654 578 2676 tn
602 2642 737 2689 singulis
752 2642 936 2688 diligentius
953 2656 1021 2679 exe-

273 2702 417 2741 quentes,
438 2695 513 2731 ultra
538 2696 674 2745 primos,
690 2697 758 2733 aliis
779 2697 1021 2746 quamplurimis

1085 360 1217 395 testibus
1241 359 1360 395 idoneis
1376 359 1543 406 diligenter
1565 360 1830 400 exatninatis‚eo-

1085 423 1152 444 rum
1168 411 1246 445 dicta
1270 417 1299 444 et
1329 410 1543 445 attestationes
1565 422 1600 444 ac
1623 422 1678 456 per
1700 423 1754 444 eos
1775 411 1831 444 ba-

1085 459 1164 493 bitus
1185 460 1325 507 aliosque
1346 460 1464 506 priores
1478 471 1641 505 processus
1657 460 1833 506 praedictos

1083 509 1119 543 ad
1133 509 1306 543 Romanam
1320 510 1447 543 Curiam
1469 508 1719 553 transmiserunt,
1737 509 1833 544 idem-

1082 571 1143 606 que
1184 559 1335 593 Martinus
1369 558 1591 605 praedecessor
1623 558 1661 592 ad
1698 559 1831 592 humiles

1083 621 1191 655 preces
1213 608 1364 655 episcopi,
1387 607 1496 642 decani
1524 616 1554 642 et
1589 607 1716 654 capituli
1746 621 1832 655 prae-

1082 657 1252 701 dictorum,
1271 657 1409 692 Gabrieli
1427 657 1508 691 tituli
1530 658 1627 691 sancti
1644 656 1830 695 Clementis,

1083 716 1187 761 postea
1211 707 1356 754 Eugenio
1375 707 1478 762 l'apae
1503 706 1554 751 lV,
1577 718 1612 741 ac
1640 706 1828 741 l‘etrotituli

1081 757 1178 791 sancti
1201 756 1352 803 Stephani
1378 770 1406 790 ιιι
1430 756 1540 791 Coelio
1563 764 1680 795 monte,
1696 756 1832 811 *presbi-

1081 807 1167 845 teris,
1196 814 1225 840 et
1245 806 1365 840 Lucido
1391 806 1524 841 Sanctae
1551 806 1667 840 Mariae
1695 807 1724 840 in
1748 805 1830 841 Cos-

1081 856 1184 890 medin
1207 855 1354 899 diacono,
1367 855 1591 900 cardinalibus,
1609 856 1702 890 etiam
1723 856 1753 890 in
1772 869 1829 890 suo

1079 905 1268 940 concistorio
1307 905 1434 953 publico
1464 906 1552 940 vivae
1586 905 1671 940 vocis
1701 907 1829 940 oraculo

1079 955 1263 996 commisit,
1286 963 1319 989 ut
1347 955 1375 989 in
1400 956 1480 989 dicta
1507 968 1598 990 causa
1623 955 1825 1002 procederent

1078 1013 1119 1045 et,
1143 1004 1260 1052 apertis
1275 1005 1486 1052 processibus,
1501 1017 1556 1039 eos
1580 1005 1746 1051 diligenter
1760 1019 1829 1040 exa-

1078 1055 1246 1093 minarent,
1274 1054 1396 1102 sibique
1426 1062 1532 1100 postea
1560 1066 1597 1088 ex
1626 1067 1712 1089 more
1735 1056 1828 1090 reser-

1079 1113 1144 1139 reut
1159 1104 1196 1139 ad
1215 1105 1359 1139 effectum
1375 1104 1623 1138 canonizationis
1637 1104 1823 1150 praedictae.

1124 1155 1144 1201 g
1174 1157 1228 1188 tt.
1254 1154 1330 1195 Qui,
1353 1154 1483 1188 servatis
1503 1153 1664 1188 servandis
1688 1156 1826 1201 recogni-
1841 1165 2025 1201 asumuntur<

1075 1203 1179 1251 tisqne
1202 1204 1327 1249 sigillis,
1349 1216 1514 1250 processus
1541 1203 1722 1238 huiusmodi
1752 1217 1826 1251 ape·
1840 1200 1948 1218 '¹⁶¹''n''¹‘'

1076 1261 1216 1292 ruerunt,
1241 1260 1404 1287 monentes
1423 1265 1533 1287 omnes
1555 1261 1584 1287 et
1600 1253 1754 1299 singulos,
1769 1255 1822 1300 qui

1075 1303 1103 1336 in
1133 1302 1182 1337 his
1205 1303 1357 1337 interesse
1388 1302 1515 1350 aliquod
1545 1302 1659 1337 babere
1684 1310 1822 1350 praeten-

1073 1352 1194 1393 dorent
1218 1361 1250 1387 ut
1273 1352 1309 1386 ad
1333 1352 1417 1387 diem
1441 1360 1558 1387 certam
1595 1360 1669 1386 tunc
1699 1364 1826 1399 expres-

1072 1414 1138 1436 sam
1156 1402 1294 1449 legitime
1314 1410 1546 1449 comparerent,
1568 1402 1691 1449 aliaque
1707 1402 1823 1436 deinde

1072 1452 1238 1496 fecerunt,
1275 1464 1356 1500 quae
1382 1453 1464 1487 circa
1498 1464 1532 1487 ea
1561 1452 1684 1487 lucrant
1711 1465 1824 1500 oppor-

1072 1509 1156 1536 tuna.

1119 1551 1139 1599 ἓ
1170 1554 1223 1586 12.
1238 1551 1398 1598 Cumque,
1422 1552 1465 1587 rei
1482 1552 1577 1586 liuius
1601 1552 1726 1587 veritate
1740 1564 1823 1586 com-
1836 1558 2018 1617 Βιζζὲῑιιιιιιιιειν“’·ἐ

1071 1610 1169 1648 per,ta
1192 1602 1274 1637 idem
1310 1602 1463 1636 Martinus
1488 1602 1711 1649 ptaedecessor
1746 1611 1822 1637 totis
1835 1621 1934 1643 memus
1958 1622 1974 1641 v
2008 1629 2020 1643 ς

1071 1653 1267 1706 poscentium
1289 1653 1440 1698 cogitaret
1458 1665 1609 1693 annuere,
1632 1652 1714 1687 sicut
1731 1651 1821 1686 Attis
1835 1659 1889 1674 '⁸¹⁵
1905 1654 2017 1675 ⁶⁰⁰0<¹¹¹¹⁵²

1070 1701 1152 1735 simo
1169 1702 1296 1748 placuit,
1315 1715 1332 1737 e
1348 1701 1453 1737 medio
1472 1702 1614 1737 sublatus
1629 1712 1686 1743 est;
1703 1710 1732 1736 et
1748 1702 1820 1737 licet

1070 1750 1255 1786 recolendae
1271 1752 1440 1786 memoriae
1464 1752 1627 1798 Eugenius
1651 1752 1819 1799 pr',aelatus

1068 1801 1212 1835 similiter
1240 1801 1465 1849 praedecessor
1488 1810 1611 1845 noster,
1634 1814 1698 1836 rem
1727 1801 1820 1846 lianc,

1069 1858 1102 1884 ut
1121 1852 1314 1898 accepimus,
1330 1860 1437 1899 optato
1450 1853 1512 1886 line
1527 1852 1718 1887 concludere
1739 1851 1817 1886 velle

1067 1910 1241 1941 assereret,
1258 1910 1357 1936 morte
1379 1910 1468 1936 antea
1497 1902 1703 1949 interceptus,
1733 1903 1817 1948 quod

1068 1960 1276 1998 proposuerat
1304 1964 1365 1986 non
1398 1951 1549 1998 implevit.
1592 1951 1738 1999 Denique
1767 1951 1816 1986 sel.

1069 2012 1130 2034 rec.
1151 2000 1299 2036 Nicolaus
1317 2001 1399 2048 Papa
1416 2001 1454 2041 V,
1479 2001 1702 2048 praedecessor
1723 2003 1816 2036 etiam

1069 2059 1174 2085 noster
1194 2050 1409 2091 immediatus,
1433 2052 1640 2098 plurimorum
1657 2052 1818 2099 supplica—

1068 2099 1209 2134 tionibus
1241 2101 1432 2141 inclinatus,
1469 2101 1553 2148 quod
1595 2101 1624 2136 in
1659 2101 1815 2136 similibus

1066 2152 1167 2189 Sedes
1189 2155 1369 2202 Apostolica
1397 2155 1563 2191 observare
1594 2165 1815 2195 consueverat

1066 2216 1097 2242 et
1120 2209 1161 2244 rei
1190 2209 1323 2257 qualitas
1351 2210 1512 2257 expetebat
1532 2238 1539 2249 ,
1560 2209 1661 2250 nobis,
1689 2218 1764 2246 tunc
1786 2211 1816 2245 in

1066 2263 1244 2298 minoribus
1259 2265 1452 2305 constitutis,
1475 2278 1508 2299 ac
1536 2264 1649 2299 dilecto
1672 2265 1737 2300 filio
1761 2278 1817 2300 no-

1065 2326 1129 2352 stro
1145 2318 1312 2354 Dominico
1336 2319 1414 2353 tituli
1438 2327 1563 2354 sanctae
1584 2319 1699 2355 Crucis
1720 2320 1750 2354 in
1772 2320 1816 2355 le·

1067 2373 1213 2414 rusaleni,
1249 2374 1430 2421 presbytero
1458 2373 1624 2417 cardinali,
1653 2374 1813 2421 negotium

1066 2425 1169 2473 ipsum
1194 2428 1448 2471 examinandum,
1472 2428 1723 2475 investigandum
1754 2428 1815 2463 dis-

1065 2482 1313 2529 cutiendumque
1341 2482 1517 2523 con'nnisit3
1554 2483 1670 2529 inquo
1710 2482 1811 2517 debita

1064 2548 1136 2570 cum
1160 2536 1320 2583 diligentia
1345 2537 1563 2583 procedentes,
1598 2545 1707 2572 cuncta
1731 2550 1812 2583 quae

1065 2590 1095 2624 in
1121 2590 1301 2637 praemissis
1323 2599 1353 2625 et
1388 2591 1470 2626 circa
1503 2603 1539 2626 ea
1573 2590 1809 2638 quomodolibet

1064 2653 1240 2691 opportuna
1264 2653 1363 2686 erant,
1386 2658 1457 2680 cum
1482 2645 1567 2680 omni
1595 2645 1766 2680 attentione
1782 2654 1809 2679 et

1065 2699 1241 2735 maturitate
1254 2699 1357 2734 rimari
1370 2707 1400 2734 et
1416 2699 1602 2746 investigare
1618 2699 1808 2738 curavimus,
