2281 3251
255 254 302 280 An.
321 252 351 280 C.
369 254 433 281 tmen

261 367 311 389 Pon
321 369 371 389 enon
380 373 437 389 men-

253 404 288 419 ne·
312 406 322 419 ι
344 400 376 420 die
399 406 437 426 pu-

253 430 360 450 laine-tlon.
379 430 438 455 Ιιμι,

254 466 274 482 οι
300 462 436 488 interpret-ri

253 500 294 513 non
311 497 387 520 poten.

502 244 573 277 fit-¹.

1023 252 1210 276 acuminat
1237 252 1400 276 nonnum

500 311 520 358 S
547 313 604 346 45.
624 309 710 353 Quas
725 317 846 344 nostras
860 307 1112 344 consultissimas
1130 321 1203 344 con-
1245 311 1294 340 Leo
1314 312 1458 348 episcopus
1482 318 1578 342 servus
1601 318 1741 341 servornm
1758 310 1816 345 Dei,
1840 311 1874 340 ad
1898 318 1994 348 perpe-

453 361 651 403 stitntioncs,
674 367 741 407 post
766 358 846 393 duos
881 370 1004 393 menses
1031 358 1069 393 ab
1091 370 1200 393 earnm

454 410 676 458 publicatione,
711 409 806 455 ligare
828 408 943 443 debere
971 409 1062 443 etiam
1087 408 1203 443 ‹lecer-

454 460 558 495 nimus
589 467 617 494 ct
653 458 876 499 declarainus;
905 458 1077 493 districtius
1114 458 1202 492 inlii-

454 510 562 545 bentes
584 521 622 544 ne
645 508 716 556 quis
738 520 790 543 eas
812 508 951 555 glossare
970 508 1016 543 vel
1041 520 1138 556 snper
1156 508 1202 542 eis

453 559 674 596 commentaria
690 558 1000 605 interpretationesve
1015 557 1205 599 sacere,abs-

453 622 513 657 que
535 608 659 655 speciali
688 616 790 643 nostra
814 607 861 643 vel
884 607 979 643 Sedis
1001 608 1203 656 Apostolieae

454 659 588 698 licentia,
615 667 803 706 praesumat.
835 658 868 693 Si
900 658 971 705 quis
999 667 1102 693 autem
1125 671 1202 693 ausu

454 718 618 744 temerario
645 716 904 752 contravenerit,
939 720 1203 744 excommunica-

454 759 546 794 tionis
569 758 647 793 latae
659 759 834 794 sententiae
851 770 983 806 poenam
999 771 1035 794 eo
1055 759 1124 806 ipso
1149 759 1202 794 in—

453 818 567 844 currat.

502 858 585 893 Nulli
609 870 683 905 ergo
705 858 836 893 omnino
858 858 1023 894 hominum
1051 867 1104 894 etc.

502 908 536 944 Si
559 908 630 956 (piis
651 917 754 944 antem
783 917 834 943 etc.

503 958 618 993 Datum
642 958 762 993 Romae
786 959 816 993 in
841 958 967 1006 publica
990 960 1145 1004 sessione,
1173 960 1204 994 in

454 1009 659 1044 Lateranensi
687 1017 884 1044 sacrosancta
912 1009 1038 1044 basilica
1061 1009 1208 1045 solemni-

455 1068 501 1094 ter
524 1058 691 1104 celebrata,
718 1071 802 1093 anno
819 1058 1044 1095 incarnationis
1067 1059 1207 1095 domini-

455 1121 509 1144 cae
531 1109 702 1144 millesimo
725 1109 983 1156 quingentesimo
1005 1109 1208 1157 quartodeci-

455 1171 519 1200 mo,
543 1160 633 1194 tertio
656 1171 755 1194 nonas
777 1159 864 1205 maii,
887 1159 1087 1207 pontificatus
1110 1161 1206 1196 nostri

455 1221 539 1244 anno
566 1209 718 1245 secundo.

525 1270 584 1301 Dat.
603 1271 649 1301 die
667 1272 684 1302 5
704 1271 773 1302 maii
793 1272 878 1309 1514,
896 1272 997 1311 pontif.
1015 1282 1092 1302 anno
1111 1281 1139 1303 11.

809 1478 862 1513 tx.

459 1561 635 1594 Iuris-dictio
665 1568 691 1593 et
720 1561 882 1605 facultates
910 1560 1132 1594 Gubernatoris
1154 1560 1210 1594 al—

507 1623 573 1645 mae
603 1610 690 1644 Urbis
711 1612 831 1656 eiusque
851 1611 1018 1653 districtus,
1035 1623 1070 1644 ac
1092 1611 1210 1644 Viceca-

506 1673 643 1695 merarii.

727 1741 940 1773 SUMMAtttUM

458 1809 645 1839 Prooemium.
658 1825 696 1831 —
709 1810 736 1838 1.
755 1808 907 1847 Deputatio
920 1808 1126 1846 gubernatoris
1143 1817 1209 1838 Cum

498 1853 696 1893 infrascriptis
720 1853 921 1883 facultatibus:
936 1870 975 1875 —
989 1853 1016 1882 Ξ.
1035 1852 1146 1882 Causas
1166 1854 1210 1883 ri-

497 1898 570 1928 riles
585 1903 613 1928 et
629 1898 800 1928 criminales
814 1898 1023 1936 cognoscendi3
1035 1915 1073 1919 —
1085 1898 1110 1927 3.
1127 1898 1212 1928 Sum-

497 1943 599 1980 marie,
615 1947 665 1972 etc.
685 1942 878 1981 procedendi;
900 1959 938 1964 —
955 1942 983 1972 4.
1002 1942 1210 1972 Excommuni—

499 1988 583 2017 candi
619 1992 648 2018 et
675 1987 829 2017 brachium
863 1986 1015 2016 saeculare
1048 1987 1212 2023 exercendi,

497 2050 536 2056 —
557 2032 584 2062 5.
607 2031 817 2071 Delinquentes
841 2031 1000 2071 puniendi,
1033 2031 1212 2071 privandis-c,

499 2077 594 2116 quoad
617 2076 701 2111 alios,
729 2076 758 2106 in
779 2076 881 2115 poenis
901 2075 936 2105 ab
965 2085 998 2105 eo
1018 2075 1146 2112 indictis,
1170 2075 1211 2105 vel

499 2122 563 2152 data
587 2122 805 2162 praeventione3
822 2137 861 2143 —
878 2120 905 2150 6.
923 2119 1066 2159 Dotnique
1093 2120 1213 2155 citandi3

499 2183 536 2188 —
559 2167 584 2197 7.
607 2166 721 2196 Poenas
740 2165 866 2203 augendi
895 2170 922 2194 et
948 2164 1110 2194 minuendi.
1130 2181 1167 2186 —
1186 2165 1212 2193 8.

499 2211 621 2241 Statutis
634 2210 804 2249 derogandi;
819 2227 857 2232 —
869 2210 896 2240 9.
907 2209 1006 2239 Edicta
1021 2209 1212 2248 proponendi.

499 2273 538 2279 -
557 2256 602 2287 10.
622 2254 777 2286 Nullitates
802 2256 830 2285 in
851 2255 904 2284 nac
927 2254 1011 2284 Curia
1038 2264 1095 2283 non
1115 2259 1211 2283 atten-

502 2302 623 2332 dendae.
651 2318 690 2323 —
713 2301 758 2330 11.
778 2300 942 2340 Appellatio
968 2300 1085 2338 quando
1109 2299 1213 2329 «landa.

501 2364 539 2370 —
562 2346 605 2376 12.
625 2346 736 2376 Causae
755 2356 812 2376 non
830 2345 995 2375 at'orantlae.
1010 2361 1049 2366 —
1069 2344 1110 2373 13.
1134 2344 1213 2373 offic.

502 2400 604 2422 omnes
624 2391 649 2421 ei
670 2395 798 2431 parcant.
821 2408 859 2413 -
878 2391 921 2420 14.
941 2389 1109 2428 Syndieatui
1139 2393 1214 2418 stare

503 2446 559 2466 non
589 2440 714 2472 tenetur;
740 2452 779 2458 —
813 2436 855 2464 ¹5.
879 2434 1124 2473 lrregnlaritatent
1156 2442 1214 2461 non

503 2481 635 2511 incurrit.
660 2497 699 2503 —
717 2481 762 2510 te.
785 2480 938 2510 Decretum
961 2479 1090 2509 irritans.
1112 2494 1151 2499 —
1170 2478 1214 2506 17.

502 2525 612 2556 Omnes
647 2529 842 2565 exequutores
874 2525 938 2554 cius
975 2522 1109 2553 mandata
1146 2531 1214 2551 exc-

503 2575 640 2610 quantur.
655 2587 694 2593 —
712 2570 756 2600 18.
773 2569 848 2599 llaec
864 2569 944 2599 bulla
959 2568 1036 2608 capit
1051 2567 1214 2607 praesentia

504 2620 532 2645 et
561 2616 666 2646 lutura.
695 2631 732 2637 —
756 2615 801 2645 19.
830 2613 980 2644 Contraria
1008 2621 1065 2642 non
1089 2610 1215 2641 obstant.

504 2676 542 2682 -—
556 2660 602 2692 ΞΟ.
620 2659 747 2692 llortatio
764 2658 890 2690 fideliter
905 2657 1032 2689 officium
1049 2655 1214 2686 exercendi.

1289 362 1366 391 tuam
1401 362 1443 391 rei
1461 362 1628 396 memoriam,
1653 362 1754 391 dilecto
1786 361 1842 390 filio
1861 361 1997 397 magistro

1289 412 1420 441 Amadaeo
1438 412 1553 442 Berrnto
1575 413 1685 442 notario
1703 412 1815 445 nostro,
1840 418 1889 448 pro
1921 410 1998 440 nobis

1290 462 1319 490 et
1339 462 1455 491 Romana
1472 462 1552 491 Curia
1585 463 1642 492 sivo
1661 462 1779 491 Ecclesia
1795 461 1824 490 in
1844 461 1916 490 alma
1930 460 1998 489 Urbe

1289 512 1384 540 nostra
1403 512 1592 548 gubernatori,
1619 512 1736 541 satutem
1759 513 1790 541 ot
1818 510 1998 548 apostolicam

1289 560 1511 591 benedictionem.

1294 628 1374 674 Etsi,
1397 643 1452 677 pro
1481 638 1664 665 cunctarum
1681 630 1843 665 civitatum
1873 638 1997 676 tempo-

1247 678 1300 713 rali
1332 679 1472 714 dominio
1498 688 1624 715 sanetae
1645 678 1807 714 Romanae
1837 678 1997 714 Ecclesiae

1246 728 1458 764 subiectarum
1485 742 1637 777 prospero
1659 741 1696 764 ac
1722 728 1802 764 felici
1831 729 1998 776 regimine,

1246 787 1400 826 quantum
1429 778 1520 815 nobis
1535 792 1573 814 ex
1595 778 1657 814 alto
1679 778 1876 822 conceditur,
1891 790 1997 812 curam

1247 829 1393 865 solertem
1410 837 1439 865 ct
1468 829 1593 876 vigilem
1611 840 1721 876 gerere
1748 828 1934 868 debeamus,
1961 827 1999 861 de

1248 888 1372 914 nostrae
1396 888 1498 914 tamen
1521 878 1621 913 almae
1643 877 1738 913 Urbis
1760 877 1922 914 beatorum
1939 876 1999 912 Pe-

1249 929 1284 963 tri
1307 937 1337 964 et
1364 929 1453 964 Pauli
1481 928 1696 974 apostolorum
1723 940 1835 963 cruore
1863 926 2000 962 Domino

1249 989 1356 1014 nostro
1384 979 1452 1014 lesu
1482 978 1610 1013 Christo
1637 986 1857 1021 consecratae,
1884 989 1921 1012 ac
1949 976 2001 1010 in-

1248 1029 1386 1064 colarum
1415 1029 1484 1064 eius
1507 1036 1537 1063 et
1559 1028 1713 1063 Gamerae
1735 1027 1938 1074 Apostolicae
1952 1026 2001 1061 os-

1249 1079 1392 1114 liciorum
1422 1078 1566 1125 diligenti
1601 1077 1874 1113 administratione
1916 1084 2001 1111 tanto

1249 1129 1430 1164 accuratius
1451 1128 1587 1174 cogitare
1616 1140 1672 1163 nos
1698 1128 1857 1171 convenit,
1883 1133 2001 1174 qnanto

1249 1179 1326 1214 urbs
1350 1179 1415 1226 ipsa
1439 1187 1531 1224 capnt
1555 1187 1601 1213 est
1635 1177 1733 1218 orbis,
1755 1185 1785 1211 et
1807 1176 1838 1211 in
1860 1189 1896 1211 ea
1919 1175 2004 1211 altis-

1249 1230 1350 1264 simus
1364 1228 1521 1264 Sacerdos
1537 1227 1742 1275 principalem
1761 1239 1797 1262 ac
1811 1226 2000 1274 praecipuam

1251 1279 1373 1323 sedem,
1396 1279 1432 1313 ad
1461 1291 1555 1325 qnam
1579 1277 1617 1312 de
1640 1277 1774 1312 diversis
1801 1275 1911 1310 mundi
1932 1287 2004 1323 par-

1252 1329 1336 1364 tibus
1368 1327 1591 1364 christifideles
1625 1326 1789 1362 conllnunt
1817 1327 1846 1360 in
1871 1337 2003 1360 numero

1251 1380 1391 1426 copioso,
1407 1377 1672 1417 voluitcollocari,
1696 1385 1726 1411 et
1741 1388 1821 1424 qnae
1843 1376 1873 1410 in
1893 1375 2002 1410 eadem

1251 1429 1382 1464 Camera
1406 1435 1611 1475 peraguntur,
1633 1427 1714 1461 inter
1737 1426 1876 1472 graviora
1903 1424 2003 1460 dictae

1251 1478 1413 1513 Ecclesiae
1436 1477 1559 1524 negotia
1581 1477 1672 1512 solita
1688 1484 1761 1511 sunt
1784 1475 1935 1522 reputari,
1951 1487 2004 1510 ea-

1251 1541 1313 1576 que
1336 1528 1466 1575 expedit
1487 1527 1594 1563 solerti
1609 1538 1683 1562 cura
1706 1535 1736 1562 et
1753 1525 1914 1572 diligentia
1932 1537 2005 1572 per-

1253 1586 1387 1613 tractari.

1300 1629 1320 1675 g
1352 1631 1379 1662 1.
1404 1626 1582 1675 Cupientes
1602 1626 1698 1673 igitur
1719 1633 1755 1661 ut
1776 1624 1860 1660 Urbs
1882 1625 1948 1673 ipsa
1970 1637 2005 1659 ac
2032 1639 2144 1667 neputaiio
2165 1644 2204 1665 gu-

2019 1671 2138 1692 bernatoris
2157 1675 2203 1690 curn

2019 1701 2158 1728 infrascriptis
2175 1699 2205 1720 ta-

1253 1679 1335 1714 illius
1357 1680 1441 1713 cives
1463 1686 1493 1712 et
1515 1676 1648 1720 incolae,
1672 1675 1847 1724 peculiares
1861 1674 1959 1710 nostri
1975 1682 2005 1709 et

2014 250 2062 277 An.
2081 249 2111 276 C.
2128 248 2193 277 15st

2037 638 2170 659 Prooemlnm.

1255 1728 1409 1776 praelatae
1431 1727 1592 1763 Ecclesiae
1620 1726 1686 1771 lilii,
1702 1724 1822 1773 providi
1844 1725 2004 1772 guberna-
2020 1733 2140 1754 calonibus-e

1253 1780 1330 1814 toris
1354 1778 1512 1826 potiantur
1534 1777 1699 1824 regimine,
1720 1784 1751 1810 et
1777 1787 1858 1822 quae
1884 1774 1922 1810 ad
1951 1786 2005 1809 ca-

1255 1830 1441 1864 merariatus
1475 1827 1614 1862 ellicinm
1643 1827 1673 1860 in
1708 1824 1840 1861 Camcra
1871 1824 2005 1872 praefata

1255 1879 1425 1926 pertinent,
1449 1885 1479 1912 et
1503 1889 1556 1924 per
1582 1876 1744 1912 camerarii
1771 1875 1868 1910 nostri
1885 1875 2008 1909 locum-

1255 1936 1412 1964 tenentem
1437 1940 1491 1962 seu
1522 1926 1796 1962 vicecamerarium
1820 1924 1935 1959 ibidem
1951 1936 2008 1959 ex—

1254 1979 1354 2014 erceri
1376 1978 1465 2013 solita
1488 1985 1573 2018 sunt,
1601 1989 1637 2012 ea
1659 1988 1738 2023 quac
1756 1974 1884 2022 expedit
1899 1973 2006 2009 solerti

1254 2042 1327 2065 cura
1356 2027 1576 2075 expediantur,
1599 2039 1635 2061 ac
1657 2026 1696 2060 de
1716 2034 1757 2073 te,
1774 2024 1828 2072 qni
1852 2023 2009 2072 praelatus

1257 2088 1362 2114 noster
1390 2077 1585 2113 domesticus
1599 2076 1720 2116 existis,
1743 2084 1772 2110 et
1795 2075 1824 2109 in
1848 2087 1911 2122 quo
1928 2083 2010 2108 tam-

1255 2129 1308 2164 diu
1329 2137 1390 2163 tam
1415 2127 1589 2162 doctrinam
1610 2125 1801 2172 singularem
1824 2136 1917 2172 quam
1936 2123 2007 2158 lidei

1255 2177 1475 2222 constantiam,
1499 2176 1800 2224 magnanimitatem,
1818 2176 2009 2221 circutnspc

1255 2229 1390 2264 ctionem
1415 2239 1450 2263 ac
1472 2227 1551 2261 vitae
1579 2225 1787 2272 integritatem
1810 2233 1905 2272 atque
1931 2223 2009 2258 alias

1257 2280 1399 2321 virtutos,
1419 2285 1547 2312 anctore
1570 2276 1718 2316 Domino,
1746 2274 1920 2310 cumulatas
1939 2286 2008 2308 esse

1256 2328 1489 2375 cognoscimus,
1518 2335 1680 2362 sumentes
1704 2326 1733 2360 in
1761 2323 1899 2360 Domino
1921 2324 2010 2359 lidu-

1256 2379 1334 2414 ciam
1359 2377 1527 2426 specialem
1552 2376 1636 2425 quod
1660 2376 1777 2416 omnia,
1800 2375 1893 2410 etiam
1914 2374 2009 2408 ardua

1257 2437 1287 2463 et
1314 2427 1461 2468 diflicilia,
1483 2439 1563 2474 quae
1585 2426 1622 2461 ad
1651 2426 1802 2461 bonorem
1831 2432 1861 2459 et
1887 2423 2009 2458 felicem

1257 2495 1293 2518 ac
1317 2495 1502 2531 prosperum
1526 2489 1641 2517 statum
1665 2488 1806 2515 nostrum
1835 2490 1869 2513 ac
1897 2477 2012 2513 Eccle-

1258 2537 1320 2572 siae
1342 2545 1373 2572 et
1391 2536 1488 2572 Sedis
1509 2534 1690 2584 praedictae
1714 2534 1870 2582 pertinere
1897 2544 2010 2577 cogno-

1260 2592 1351 2637 veris,
1373 2592 1478 2627 divina
1503 2590 1623 2625 favente
1643 2589 1822 2633 clementia,
1844 2586 2011 2622 laudabili-

1260 2654 1306 2682 ter
1321 2646 1502 2694 exeqneris:
1519 2652 1604 2681 motu
1628 2643 1768 2692 proprio,
1784 2654 1844 2678 non
1868 2641 1904 2677 ad
1926 2649 2010 2677 tuam
