2281 3251
104 268 154 296 Au.
173 267 202 295 C.
221 266 288 294 ¹515

135 461 285 483 Advocationis

103 499 176 515 munus
199 497 230 513 eis
252 499 285 513 iu—

103 525 195 547 tei-dicim

116 775 226 797 Lectorum
239 780 284 795 mu-

103 813 141 828 nus
155 807 242 830 Indicam

127 1867 288 1890 observantiam

106 1903 127 1922 et
137 1905 208 1921 euram
217 1902 289 1921 recto-

106 1931 122 1952 ri
146 1933 167 1952 et
187 1930 290 1951 reim-ma—

106 1961 187 1983 toribus
197 1961 291 1983 commit-

107 1994 140 2019 tit3

989 258 1048 282 LE‘)
1070 260 1092 282 Χ
1115 259 1165 282 1²1³

301 316 478 353 adhibenda
509 315 696 361 diligentia,
729 314 892 350 annuatim
923 313 1053 349 condu—

301 375 424 403 cantur.

349 421 365 460 §
395 418 429 450 4.
457 415 498 450 Et
524 413 631 448 nullus
653 413 810 449 dictorum
834 413 970 449 duorum
994 413 1053 448 do-

298 473 434 509 ctorum,
455 465 500 499 sic
520 463 803 499 conducendorum
817 491 825 507 ,
849 464 972 498 interim
996 463 1052 498 atl-

299 515 471 550 vocationis
492 521 557 552 aut,
581 521 799 560 praeterquam
824 513 922 554 domi,
939 513 963 546 si
994 525 1054 547 vo-

299 564 401 604 luerit,
424 562 633 606 consulendo,
666 563 800 610 quodvis
823 562 908 597 aliud
938 561 1054 597 Curiae

299 613 347 649 vel
381 613 478 649 Urbis
506 612 737 660 praedictarum
780 612 918 647 officium
955 611 1053 646 valeat

298 675 459 698 exercere.

347 713 368 761 S
390 715 422 747 5.
452 711 515 748 Sed
539 720 600 747 tam
618 710 675 759 ipsi
698 723 792 759 quam
810 711 906 747 ceteri
929 722 1054 751 onmes,

298 762 336 798 ad
368 761 538 809 legendnm
571 761 600 795 in
638 760 820 796 huiusmodi
851 760 968 796 scholis
999 773 1054 807 pro

300 821 443 859 tempore
474 811 649 855 conducti,
672 811 775 845 solitis
805 810 1003 858 temporibus
1025 817 1055 845 et

299 861 412 899 diebus
446 861 598 908 horisque
620 861 657 895 ad
689 860 719 895 id
748 861 793 895 eis
817 872 873 906 per
899 869 1053 895 rectorem

299 920 330 947 et
345 911 568 946 reformatores
589 910 744 957 praefatos
760 911 897 964 statuti-s,
913 909 1054 956 legitimo

299 961 528 1009 impedimento
562 970 728 999 cessante
757 959 962 994 commissum
995 958 1054 993 sibi

299 1011 426 1056 legendi
451 1022 568 1045 munus
603 1010 703 1054 obite,
725 1016 756 1043 et
783 1016 894 1063 posti
876 1008 981 1043 finitas
1008 1009 1054 1042 le-

298 1061 433 1105 ctiones,
456 1072 512 1106 per
534 1059 662 1106 aliquod
690 1058 882 1094 conveniens
905 1058 1055 1104 spatium,

299 1110 434 1145 circulos
457 1110 486 1143 in
504 1108 623 1144 eisdem
643 1108 760 1143 scholis
779 1117 886 1143 tenere
909 1107 1054 1142 debcant.

299 1159 341 1195 Et
361 1160 387 1194 si
407 1159 479 1206 quis
502 1171 539 1193 ex
561 1158 694 1203 eis,n0n
715 1157 854 1203 legitime
871 1157 1054 1204 impeditus

301 1221 317 1244 a
345 1208 482 1256 legendo
504 1207 684 1248 cessaverit,
707 1207 855 1254 quotiens
878 1206 909 1240 id
935 1206 1055 1246 fecerit,

302 1259 417 1295 totiens
439 1257 526 1304 dupli
547 1257 626 1298 eius,
655 1256 739 1311 quod
768 1267 825 1303 pro
848 1255 988 1303 qualibet
1009 1256 1057 1290 le-

301 1308 406 1344 ctione
419 1318 458 1342 ex
471 1307 646 1342 constituto
660 1306 686 1341 ei
702 1305 849 1350 salario,
843 1317 947 1352 ipsum
962 1305 1057 1339 attin-

300 1369 375 1404 gere
397 1357 614 1397 discernetur3
642 1364 671 1390 et
698 1355 796 1402 quod,
816 1367 873 1401 pro
896 1367 974 1399 una,
1001 1355 1058 1390 bi-

301 1407 393 1442 dellis
418 1407 483 1441 sive
506 1407 626 1441 nuntiis
645 1405 720 1440 dicti
738 1404 840 1439 Studii
865 1404 897 1439 id
919 1405 1057 1451 legitime

302 1456 586 1501 denunciantibus,
614 1463 644 1490 et
672 1454 771 1489 tribus
788 1454 918 1501 reliquis
938 1455 1058 1501 quartis

303 1507 446 1555 partibus
469 1506 605 1540 fabricae
620 1505 800 1540 scholarum
819 1505 1004 1540 earumdem
1021 1517 1058 1539 ex

304 1568 388 1591 nunc
410 1555 620 1603 applicamus,
642 1566 744 1602 poena
772 1554 955 1598 mulctetur,
979 1563 1009 1589 et
1031 1555 1057 1588 ei

303 1606 456 1642 tradenda
472 1605 600 1640 bulletta
619 1617 675 1640 seu
699 1604 859 1648 mandato,
881 1604 1058 1639 defalcandi

303 1665 334 1692 et
360 1655 576 1691 denunciandi
612 1667 648 1690 ac
665 1666 773 1689 curam
797 1653 898 1689 dictae
920 1654 1060 1689 fabricae

303 1705 444 1751 habenti,
467 1706 555 1740 iuxta
577 1705 822 1753 applicationem
852 1702 1059 1752 praedictam,

304 1755 519 1804 persolvendi.

353 1805 373 1852 S
395 1809 428 1840 6.
451 1805 491 1840 Et
510 1804 661 1852 quoniam
678 1803 799 1838 inutilis
821 1803 899 1839 haec
922 1803 1060 1859 proxisio

305 1854 344 1890 de
371 1854 453 1890 facili
482 1854 569 1889 reddi
601 1861 720 1900 posset,
744 1853 803 1888 nisi
827 1855 891 1888 sint
913 1854 965 1901 qui
994 1865 1061 1888 eius

305 1911 555 1952 transgressores
582 1903 746 1944 adnotent,
775 1912 805 1938 et
827 1903 951 1938 scholas
979 1903 1062 1950 ipsas

305 1954 428 1989 solicite
441 1954 566 1989 visitent
581 1962 611 1989 et
631 1953 825 2001 frequenter,
847 1953 931 2000 quod
949 1961 1061 1996 rector,

307 2016 380 2039 cum
403 2004 530 2039 duobus
553 2004 663 2039 saltem
687 2003 845 2038 dictorum
877 2002 1063 2037 reformato-

308 2066 390 2095 rum,
413 2053 513 2089 semel
538 2054 567 2087 in
588 2064 709 2097 mense,
725 2061 755 2087 et
779 2052 909 2100 pluries,
933 2052 985 2087 ubi
1007 2064 1063 2087 co-

307 2108 474 2155 gnoverint
502 2107 677 2155 expedire,
711 2106 826 2142 diebus
857 2115 950 2154 atque
978 2106 1063 2141 horis

308 2163 401 2198 variis
423 2169 453 2197 et
470 2162 608 2204 incertis,
632 2162 669 2196 ad
689 2162 773 2209 ipsas
796 2160 921 2196 scholas
943 2173 977 2196 se
993 2173 1065 2208 per-

308 2216 457 2252 sonaliter
475 2215 649 2260 conferant,
668 2225 696 2250 et
715 2227 768 2250 eas
779 2227 951 2262 earumque
964 2215 1061 2249 lecto-

308 2283 370 2316 res,
389 2271 464 2306 dum
480 2271 600 2318 legunt,
615 2273 689 2304 dum
707 2276 813 2304 tenent
828 2269 976 2310 circulos,
993 2269 1066 2303 risi-

309 2334 387 2367 tent;
401 2334 431 2361 et
446 2326 471 2360 si
488 2337 548 2373 qua
565 2325 759 2360 correctione
773 2331 827 2359 aut
841 2324 1065 2359 reformatione

309 2379 403 2427 digna
422 2379 569 2423 viderint,
592 2379 641 2414 illa
663 2379 820 2426 corrigant
837 2386 867 2414 et
882 2377 1066 2421 reforment3

311 2442 341 2469 et
355 2446 440 2469 unus
451 2446 489 2468 ex
499 2434 617 2469 eisdem
636 2432 894 2468 reformatoribus
909 2444 1066 2479 seorsum,

310 2488 359 2524 bis
382 2487 492 2523 saltem
516 2487 545 2521 in
570 2487 779 2531 hebdomada,
801 2486 991 2522 visitationis
1006 2486 1068 2520 hu-

312 2541 450 2577 iusmodi
473 2540 612 2575 officium
636 2540 748 2576 subeat
775 2552 832 2588 per
853 2540 1012 2587 seipsum,
1038 2548 1069 2575 et

313 2594 578 2643 transgressiones
597 2604 649 2630 aut
672 2594 731 2630 alia
752 2593 937 2640 corrigenda
954 2593 1001 2629 vel
1018 2605 1070 2628 re-

312 2649 476 2687 formanda
510 2662 584 2685 cum
607 2657 727 2685 rectore
749 2648 890 2685 conferat
912 2655 945 2683 et
971 2647 1069 2684 colle-

393 2707 469 2738 Bull.
492 2706 570 2737 Rom.
592 2706 648 2737 Vol.
669 2706 698 2737 V.
915 2704 951 2735 72

1729 249 1799 283 569

1094 314 1155 360 gis,
1168 320 1212 359 ut,
1222 325 1330 349 eorum
1346 325 1439 361 opera
1454 313 1498 349 sic
1512 313 1649 349 adhibita
1666 316 1774 370 (super
1787 327 1851 371 qno

1094 376 1204 399 corum
1227 371 1259 399 et
1282 364 1421 411 ipsorum
1450 364 1621 399 cuiuslibet
1642 364 1851 399 conscientias

1095 416 1289 458 oneramus),
1298 414 1448 449 Studium
1465 413 1772 461 praedictumvotivis
1782 426 1852 462 pro-

1096 463 1179 498 ficiat
1202 463 1418 498 incrementis.

1144 518 1159 556 5
1183 516 1214 547 7.
1237 513 1351 548 Bidelli
1373 525 1446 548 vero
1481 524 1537 547 seu
1565 513 1674 548 nuncii
1700 512 1829 568 praefati

1095 570 1148 597 aut
1161 574 1215 597 eor
1220 575 1270 597 um
1285 563 1363 598 altor
1377 562 1470 597 rotuli
1483 562 1715 597 collationatam
1727 563 1849 610 copiam

1095 612 1231 646 habeant
1250 624 1347 659 penes
1361 623 1406 652 se,
1430 612 1461 646 in
1485 624 1546 659 qua
1569 612 1682 667 scripta
1707 613 1771 646 sint
1794 624 1852 647 no-

1097 662 1180 696 mina
1190 674 1331 696 omnium
1348 661 1500 697 lectorum
1515 669 1612 709 etqua
1622 674 1757 710 quisque
1774 661 1851 696 hora

1095 711 1134 745 sit
1147 711 1297 751 lecturus,
1321 719 1350 745 et
1366 711 1450 745 iuxta
1469 711 1552 746 illius
1567 711 1710 746 ordinem
1726 719 1756 745 et
1769 719 1852 746 teno

1097 773 1161 795 rem
1178 760 1305 795 scholas
1320 760 1526 796 circumeant.
1545 760 1637 796 Festa
1653 761 1764 796 Palatii
1780 773 1854 795 con-

1096 818 1195 851 sueta,
1214 811 1243 844 iu
1260 810 1378 845 scholis
1396 818 1467 845 ante
1482 810 1662 846 cathedram
1674 838 1681 851 ,
1695 810 1851 846 doctorib.

1096 868 1125 893 et
1142 859 1341 895 scholaribus
1357 860 1520 901 nunciene
1543 868 1573 894 et
1594 861 1618 894 si
1643 873 1736 907 quem
1750 873 1788 894 ex
1803 860 1853 895 di-

1097 909 1155 944 ctis
1173 909 1354 950 lectoribus,
1371 922 1430 943 suo
1445 910 1513 943 loco
1536 909 1646 944 abesse
1665 910 1853 956 repererint,

1097 958 1240 994 adhibito
1265 967 1355 1000 teste,
1385 959 1474 993 illum
1497 959 1661 1003 adnotent,
1676 968 1707 994 ot
1735 960 1764 993 in
1790 958 1852 994 fine

1097 1009 1252 1055 cuiusque
1269 1008 1499 1052 hebdomadae,
1523 1010 1644 1043 notario
1660 1008 1736 1043 dicti
1749 1017 1854 1043 recto-

1098 1059 1152 1098 ris,
1175 1059 1228 1104 qui
1245 1070 1308 1093 rem
1333 1058 1370 1093 ad
1393 1058 1536 1105 ipsorum
1555 1059 1682 1093 rectoris
1709 1066 1740 1092 et
1759 1057 1854 1093 refor-

1098 1116 1254 1141 matorum
1271 1107 1412 1141 notitiam
1426 1107 1560 1141 fideliter
1569 1107 1628 1141 ded
1637 1116 1718 1148 ucat,
1730 1108 1760 1141 in
1773 1108 1854 1141 scri·

1099 1157 1302 1203 ptistradant.
1320 1157 1394 1191 Etsi
1412 1157 1486 1191 dicti
1502 1156 1608 1190 bidelli
1626 1157 1655 1191 in
1672 1156 1852 1204 praemissis

1099 1206 1855 1252 negligentesfuerint,perprotemporeexisten-

1100 1265 1161 1290 tem
1174 1255 1384 1302 ipsiusStudii
1401 1256 1752 1302 rectorem,proprima,
1768 1255 1855 1290 eius-

1099 1305 1171 1340 dem
1187 1306 1320 1340 rectoris
1330 1305 1470 1346 arbitrio;
1486 1316 1541 1352 pro
1558 1304 1854 1350 secunda,vicibus,

1099 1355 1202 1390 salarii
1226 1364 1257 1390 et
1279 1356 1567 1390 emolumentorum
1591 1356 1733 1390 omnium
1758 1356 1856 1391 unius

1100 1406 1271 1445 semestris,
1296 1406 1324 1439 iu
1349 1406 1464 1440 dictam
1494 1404 1642 1439 fabricam
1665 1413 1857 1440 converten-

1100 1455 1225 1496 dorum,
1240 1455 1421 1490 amissionis
1437 1467 1536 1501 poena
1549 1453 1855 1497 mulctentur.Quod

1100 1505 1126 1539 si
1151 1505 1242 1539 tertio
1271 1506 1302 1539 in
1325 1505 1461 1540 similem
1486 1503 1658 1539 inciderint
1686 1503 1857 1550 negligen-

1101 1555 1186 1595 tiam,
1201 1554 1304 1589 officio
1321 1554 1489 1589 bidellatus
1505 1553 1685 1588 huiusmodi
1703 1562 1856 1600 perpetuo

1103 1605 1224 1651 privati,
1241 1604 1322 1639 etad
1340 1604 1415 1639 illud
1437 1604 1570 1639 ulterius
1584 1603 1792 1638 obtinendum
1808 1603 1858 1637 in-

1103 1654 1222 1689 habiles
1243 1655 1317 1699 sint,
1341 1654 1481 1701 illudque
1505 1665 1614 1688 vacare
1636 1661 1802 1689 censeatur
1820 1664 1857 1688 eo

1103 1705 1170 1752 ipso
1197 1712 1250 1738 etc.

1151 1754 1171 1801 ἓ
1194 1755 1225 1788 8.
1242 1753 1376 1800 Insuper
1391 1753 1585 1794 inhibemus,
1603 1751 1664 1787 sub
1678 1763 1859 1788 excommu-

1104 1803 1272 1838 nicationis
1291 1803 1369 1838 latae
1389 1804 1564 1838 sententiae
1580 1811 1611 1837 et
1633 1801 1721 1849 dupli
1745 1802 1813 1836 eius
1828 1802 1858 1836 in

1102 1865 1164 1908 quo
1188 1852 1284 1888 laesio
1313 1853 1541 1897 committetur,
1568 1852 1592 1887 si
1621 1852 1859 1887 extimationem

1105 1903 1245 1950 recipiat,
1260 1903 1339 1950 parti
1355 1903 1505 1938 damnum
1521 1902 1590 1937 vel
1584 1902 1727 1936 iniuriam
1744 1902 1861 1948 patien-

1106 1953 1125 1987 ti
1156 1964 1294 1988 exnunc
1310 1953 1469 1999 applicati,
1494 1964 1604 1999 poena,
1628 1952 1775 1999 quotiens
1791 1963 1860 1986 con·

1105 2010 1281 2037 traventum
1312 2002 1426 2046 fuerit,
1454 2003 1523 2049 ipso
1550 2002 1631 2036 facto
1659 2000 1862 2041 incurrenda,

1105 2052 1229 2087 dilectis
1255 2052 1326 2086 liliis
1343 2051 1514 2089 modernis
1531 2051 1625 2098 etqui
1650 2063 1705 2097 pro
1720 2058 1861 2096 tempore

1107 2106 1232 2148 fuerint,
1249 2106 1353 2141 dictae
1366 2105 1463 2141 Urbis
1481 2105 1696 2152 gubernatori,
1711 2103 1861 2149 senatori,

1106 2158 1863 2206 CuriaecausarumGameraeApostolicaeaudi-

1108 2216 1178 2261 tori,
1190 2216 1366 2263 ceterisque
1384 2215 1498 2250 Curiae
1520 2223 1549 2250 et
1567 2214 1664 2250 Urbis
1684 2213 1861 2261 praedicta-

1109 2283 1176 2305 rum
1198 2270 1366 2306 ordinariis
1378 2268 1677 2304 etextraordinariis
1691 2267 1862 2311 iudicibus,

1108 2337 1147 2360 ne
1161 2337 1258 2373 super
1270 2324 1373 2360 causis
1385 2331 1494 2359 contra
1510 2323 1612 2358 dictos
1630 2321 1790 2357 scholares
1805 2333 1861 2355 seu

1108 2391 1217 2414 eorum
1240 2379 1378 2426 aliquem
1401 2389 1457 2425 pro
1476 2385 1619 2424 tempore
1641 2376 1747 2416 motis;
1762 2383 1791 2410 et
1805 2374 1862 2408 do-

1110 2434 1261 2469 banorum
1285 2445 1320 2468 ac
1342 2432 1472 2467 aliarum
1495 2430 1688 2478 gabellarum
1711 2440 1863 2476 quarum-

1110 2500 1259 2535 cumque,
1272 2488 1365 2522 etiam
1377 2487 1495 2521 ratione
1508 2492 1667 2532 portarum
1678 2491 1709 2518 et
1719 2483 1863 2530 pontium

1110 2543 1211 2578 dictae
1233 2541 1340 2586 Urbis,
1368 2539 1581 2579 exactoribus,
1607 2550 1646 2573 ne
1662 2538 1694 2573 in
1714 2536 1809 2572 rebus
1831 2544 1862 2570 et

1111 2597 1203 2633 bonis
1216 2596 1252 2631 ad
1263 2596 1363 2630 dictos
1376 2594 1546 2635 scholares,
1558 2604 1614 2641 pro
1628 2599 1736 2627 eorum
1748 2590 1863 2626 Studio

1112 2649 1293 2687 huiusmodi
1310 2648 1526 2685 insistentium
1537 2645 1862 2695 usu,pertinentibus‚

1865 260 1914 287 An.
1933 259 1960 287 C.
1981 261 2049 288 ¹5¹3

1843 541 1851 553 ,
1875 529 1948 550 nitent
1960 529 2050 549 effictum

1868 568 1904 587 pra
1894 563 1974 586 aetiuit3

1879 1762 2059 1789 Privttogiumtori

1874 1800 1894 1817 et
1916 1795 2059 1822 exemptionis

1875 1827 2002 1848 scholarium
2013 1831 2059 1846 ser-

1874 1859 1918 1879 vari
1935 1858 2000 1883 iubet,
