2281 3251
110 282 160 314 An.
181 283 290 313 casta

128 741 186 761 Nunc
212 741 298 761 ordinu-

117 776 184 796 tiones
196 777 216 794 ot
233 775 299 800 privi-

117 806 299 832 lcgi.=dirt:ecou-

117 837 299 863 gregariorum-ou-

118 868 192 893 firrnut3

959 280 1063 303 11'L1Us

308 335 475 384 assumpti,
498 333 721 382 exposuimus,
744 334 874 381 dignum
898 335 1057 370 existima-

309 400 381 423 mus
406 386 455 421 illa
478 384 710 431 congregationi
734 392 763 418 et
786 385 945 420 canonicis
968 397 1058 432 prae-

309 437 378 471 fatis
394 436 558 483 ipsiusque
584 435 834 480 congregationis
849 435 1058 479 monasteriis,

309 486 387 521 locis
409 492 440 520 et
458 484 600 532 personis
616 484 804 528 concedere,
822 497 875 531 per
891 497 970 531 quae
987 497 1059 531 pos-

309 536 383 579 sint,
399 535 468 581 ipso
482 533 643 568 Salvatore
665 533 711 568 eis
734 546 859 581 semper
881 535 1059 574 assistente,

310 592 433 631 gratum
462 584 495 618 in
518 584 586 618 eius
609 583 812 631 beneplacitis
839 583 987 619 exhibere
1016 584 1061 618 sa-

312 634 476 669 mulatum.

360 683 380 730 g
403 686 434 717 1.
465 682 548 718 Sane
570 696 655 724 curn,
678 683 759 717 sieut
778 683 970 730 accepimus,
986 683 1062 718 alias

314 733 402 780 plura
437 733 651 767 immunitates
678 742 708 767 et
742 733 863 767 diversa
891 733 1062 779 privilegia,

313 783 453 829 gratiae,
484 782 604 817 favores
633 791 662 817 et
690 782 808 817 indulta
835 782 1007 829 spiritualia
1035 791 1063 816 et

316 831 498 879 temporalia
522 844 577 879 per
598 832 738 867 diversos
760 832 921 866 Romanos
946 831 1064 866 Ponti-

315 882 413 926 fices,
443 882 700 928 praedecessores
734 889 881 925 nostros,
909 880 1064 928 praefatae

315 931 551 978 congregationi
581 931 728 979 illiusque
752 931 961 975 monasteriis,
977 931 1064 975 locis,

317 981 483 1028 personis,
511 980 604 1016 bonis
637 990 666 1016 et
698 980 792 1015 rebus
818 992 967 1015 concessa
994 980 1066 1015 fue-

317 1031 389 1074 rint,
411 1042 469 1066 nos
490 1030 654 1078 cupientes
676 1039 709 1065 ut
730 1030 864 1064 dilectus
890 1030 973 1065 filius
997 1042 1067 1064 mo-

317 1080 434 1115 dernus
456 1088 487 1115 et
514 1092 570 1127 pro
592 1088 733 1127 tempore
756 1079 892 1114 existens
914 1080 999 1127 prior
1016 1091 1067 1125 ge-

319 1130 433 1164 neralis
454 1129 557 1165 dictae
579 1129 832 1176 congregationis
859 1136 888 1163 et
923 1129 1065 1164 canonici

320 1179 445 1226 praefati
492 1187 523 1214 et
556 1191 663 1214 eorum
699 1191 792 1214 curae
827 1179 985 1214 commissi
1031 1190 1068 1212 eo

320 1228 423 1275 potius
440 1229 561 1276 possint
574 1228 711 1263 Domino
727 1229 756 1262 in
772 1229 841 1263 eius
863 1227 1068 1275 beneplacitis

319 1278 476 1322 famulari,
499 1290 563 1325 quo
585 1279 790 1324 cognoverint
809 1277 991 1312 huiusmodi
1011 1278 1068 1324 pri

320 1327 430 1374 vilegia
458 1334 489 1361 et
517 1328 744 1372 immunitates,
767 1340 823 1375 pro
847 1327 973 1362 illorum
994 1327 1069 1361 sub-

319 1378 457 1412 sistentia
482 1376 625 1422 firmiori,
650 1377 742 1412 etiam
773 1385 896 1412 nostrae
918 1377 1070 1425 approba-

319 1427 412 1461 tionis
435 1426 548 1462 robore
570 1427 772 1468 communiri,
788 1440 823 1462 ac
845 1428 938 1462 etiam
959 1427 1070 1474 prioris

318 1476 473 1522 generalis
495 1484 526 1511 et
552 1478 778 1512 canonicorum
800 1489 834 1511 ac
857 1477 1071 1523 congregatio-

319 1526 368 1561 nis
394 1526 575 1562 huiusmodi
610 1526 890 1562 commoditatibus
923 1534 953 1561 et
988 1538 1070 1572 aug-

321 1585 426 1611 mento
461 1577 620 1624 statuique
644 1589 794 1624 prospero
813 1584 843 1611 et
859 1576 951 1617 felici,
974 1588 1072 1623 qnan-

320 1633 385 1660 tum
414 1638 484 1660 cum
508 1626 576 1661 Deo
598 1639 768 1682 possumus
789 1626 968 1670 adiuvante,
987 1625 1072 1660 salu-

321 1674 417 1710 briter
440 1676 639 1732 consuler'e3
632 1688 815 1723 ipsosqueD
798 1676 975 1710 sreneralem
992 1675 1074 1723 prio-

322 1737 386 1760 rem
415 1733 445 1759 et
471 1727 640 1761 canonicos
674 1734 703 1760 et
731 1725 984 1772 congregationis
1012 1725 1073 1759 bn-

321 1774 458 1810 iusmodi
481 1776 657 1822 singulares
680 1788 829 1822 personas
865 1788 880 1809 a
908 1774 1074 1822 quibusvis

322 1825 670 1865 excommunicationis,
694 1824 914 1871 suspensionis
929 1832 959 1859 et
975 1825 1074 1859 inter-

321 1874 396 1909 dicti
402 1874 542 1922 aliisque
557 1875 780 1910 ecclesiasticis
798 1874 974 1918 sententiis,
992 1886 1073 1909 ceu-

322 1919 405 1959 suris
437 1932 467 1960 et
502 1924 621 1972 poenis,
647 1936 664 1959 a
692 1925 760 1959 iure
795 1924 841 1959 vel
868 1923 907 1958 ab
930 1924 1074 1969 bomine,

322 1973 433 2021 quavis
451 1975 616 2010 occasione
637 1974 685 2009 vel
709 1986 803 2009 eausa
822 1974 903 2019 latis,
916 1974 942 2008 si
959 1973 1075 2021 quibus

323 2023 563 2071 quomodolibet
584 2023 724 2059 innodati
753 2024 899 2068 existant,
928 2023 967 2058 ad
995 2023 1073 2058 effe-

323 2080 409 2108 ctum
438 2073 650 2121 praesentium
683 2074 846 2109 dumtaxat
873 2085 1076 2120 consequen-

323 2126 400 2162 dum
422 2127 533 2162 harum
549 2127 630 2163 serie
646 2127 844 2163 absolventes
862 2135 892 2163 et
914 2127 1076 2162 absolutos

324 2180 390 2217 fore
412 2190 594 2224 censentes3
619 2194 655 2217 ac
676 2182 781 2217 omnia
808 2189 838 2217 et
865 2182 991 2229 singula
1008 2194 1077 2217 mo-

324 2236 471 2282 nasteria,
493 2244 556 2271 tam
585 2236 684 2272 dictae
711 2236 946 2282 congregationi
981 2248 1075 2283 quani

325 2290 476 2326 beneficia
490 2291 690 2327 monasteriis
709 2291 810 2326 dietae
825 2290 1077 2337 congregationis

326 2345 423 2387 unita,
445 2357 579 2392 annexa,
601 2345 798 2393 incorporata
817 2353 847 2380 et
870 2357 1027 2392 possessa,
1042 2356 1078 2379 ac

327 2411 545 2447 quaecumque
580 2399 638 2435 alia
673 2407 703 2435 et
734 2398 857 2446 singula
898 2399 1076 2446 privilegia,

327 2454 454 2499 gratias,
470 2453 601 2496 favores,
618 2453 845 2497 immunitates,
861 2453 1079 2500 exemptiones

327 2507 572 2553 etindulta,tam
586 2508 759 2556 spiritualia
773 2519 868 2555 quam
885 2506 1079 2554 temporalia,

329 2561 429 2596 eidem
453 2563 690 2610 congregationi
713 2575 748 2598 ac
772 2562 856 2597 illius
869 2562 1079 2608 monasteriis,

331 2613 409 2649 locis
435 2623 465 2650 et
492 2617 649 2663 personis,
666 2617 726 2652 sub
748 2617 1004 2665 quibuscumque
1032 2626 1081 2653 te-

331 2668 460 2704 noribus
473 2678 503 2706 et
518 2682 573 2718 per
586 2683 806 2720 quoscumque
821 2671 983 2708 Romanos
993 2671 1082 2707 Pon-

1090 281 1113 304 1¹
1142 281 1190 304 1¹1¹.
1726 269 1745 302 5
1756 270 1764 302 Ι
1776 270 1792 302 7

1100 336 1219 376 tilices.
1242 334 1471 382 imperatores,
1493 345 1605 380 reges.
1634 334 1793 382 principes
1819 343 1851 369 et

1101 397 1317 432 quoscumque
1341 384 1418 419 alios
1442 383 1663 418 christifideles
1685 396 1851 429 concessa,

1102 436 1292 482 illorumque
1305 435 1448 469 omnium
1467 443 1591 468 tenores
1605 445 1640 468 ac
1662 433 1686 468 si
1703 433 1741 468 de
1758 434 1852 468 verbo

1101 485 1136 519 atl
1155 485 1283 519 verbum
1301 483 1520 531 praesentibus
1546 484 1769 538 insererentur.
1788 483 1852 518 eis-

1103 534 1173 569 dem
1199 533 1417 589 praesentibus
1440 546 1496 580 pro
1510 534 1670 581 expressis
1689 533 1853 577 babentes,

1104 593 1188 618 motu
1216 584 1360 638 proprio,
1390 596 1450 618 non
1485 583 1522 617 ad
1560 583 1671 630 prioris
1697 583 1854 629 generalis

1103 642 1133 668 et
1155 645 1380 668 canonicorum
1406 632 1635 680 praedictorum
1652 632 1697 667 vel
1717 632 1855 667 alicuius

1104 683 1233 718 alterius
1260 695 1315 729 pro
1344 683 1389 717 eis
1418 682 1507 717 nobis
1529 694 1623 729 super
1650 682 1710 716 boc
1733 682 1854 717 oblatae

1106 732 1266 779 petitionis
1290 733 1481 771 instantiam,
1504 732 1558 767 sed
1583 732 1620 766 de
1647 740 1750 767 nostra
1771 744 1854 767 mera

1106 782 1288 816 liberalitate
1302 790 1331 815 et
1347 781 1570 816 deliberatione
1595 790 1742 828 certaque
1756 782 1857 816 scien-

1106 831 1145 866 tia
1159 843 1194 866 ac
1210 831 1248 866 ‹le
1264 831 1453 878 apostolicae,
1470 832 1630 878 potestatis
1647 831 1857 878 plenitudine,

1107 881 1212 915 literas
1228 893 1351 922 omnes,
1374 881 1597 920 ordinationes,
1613 881 1857 916 constitutiones

1107 938 1137 966 et
1158 930 1417 985 consuetudineS,
1435 930 1550 977 quibus
1573 930 1638 977 ipsa
1655 931 1857 977 congregatio

1109 980 1226 1026 regitur
1252 988 1281 1014 et
1312 979 1518 1026 gubernatur,
1544 992 1580 1014 ac
1606 980 1709 1014 omnia
1740 989 1770 1014 et
1793 981 1858 1015 siu-

1107 1029 1179 1076 gula
1203 1029 1260 1064 alia
1284 1029 1460 1077 privilegia,
1483 1029 1617 1075 gratias,
1641 1029 1773 1074 favores,
1797 1030 1859 1064 im-

1109 1079 1289 1118 munitates,
1312 1079 1528 1125 exemptiones
1550 1087 1578 1113 et
1603 1078 1724 1113 indulta
1742 1079 1860 1114 buius—

1110 1129 1205 1173 modi,
1228 1129 1411 1163 auctoritate
1439 1128 1620 1175 apostolica,
1644 1137 1751 1163 tenore
1768 1141 1860 1176 prae-

1109 1178 1245 1213 sentium
1261 1177 1472 1224 approbamus
1484 1186 1513 1212 et
1527 1177 1727 1222 innovamus
1736 1190 1771 1213 ac
1783 1191 1860 1226 per-

1111 1235 1223 1283 petuae
1243 1227 1396 1261 firmitatis
1411 1227 1507 1261 robur
1517 1227 1660 1262 obtinere
1666 1236 1779 1275 ,atque
1794 1241 1862 1263 orn-

1110 1278 1159 1312 nia
1187 1286 1218 1312 et
1240 1277 1363 1324 singula
1388 1277 1611 1312 inviolabiliter
1634 1277 1790 1313 observari
1807 1278 1862 1313 de-

1111 1327 1281 1362 cernimus.

1160 1381 1176 1420 g
1202 1378 1235 1411 2.
1269 1375 1486 1423 Volumusque
1516 1376 1671 1424 quidquid
1707 1376 1794 1412 dubii
1831 1377 1861 1412 in
1891 1389 1929 1409 Eo
1922 1394 2006 1415 ‹211qu
2022 1389 2060 1408 it-lt

1112 1426 1204 1461 dictis
1242 1426 1414 1474 privilegiis
1449 1438 1504 1461 seu
1536 1427 1641 1474 aliquo
1668 1439 1777 1462 eorum
1806 1421 1906 1474 pross'.v
1900 1420 2061 1471 .g¹‘.'..⁰¹2‘¹„

1113 1485 1253 1522 tempore
1281 1476 1467 1519 emerserit,
1503 1475 1557 1520 id,
1593 1476 1661 1510 data
1698 1476 1967 1511 verborumssmimw
1992 1482 2061 1501 ¹⁰¹0-

1113 1525 1316 1572 ambiguitate
1343 1534 1373 1560 et
1402 1525 1481 1560 varia
1511 1526 1682 1573 peritorum
1707 1517 1944 1581 interpre-¹'⁰¹¹¹'
1932 1513 2041 1535 ¹¹¹¹¹¹¹³¹¹

1114 1575 1243 1620 tatione,
1272 1575 1301 1609 in
1325 1575 1460 1610 savorem
1490 1575 1590 1610 dietae
1612 1577 1864 1623 congregationis

1114 1633 1145 1660 et
1167 1625 1308 1660 locorum
1337 1625 1571 1671 particularium
1594 1603 1748 1660 eiusdemF>
1765 1626 1864 1661 inter-

1115 1675 1229 1722 pretari
1258 1675 1396 1716 debere,
1429 1683 1459 1710 et
1487 1675 1539 1709 ubi
1568 1675 1627 1731 ipsi
1656 1675 1685 1710 in
1708 1675 1864 1722 aliquibus

1116 1725 1325 1760 redderentur
1337 1724 1424 1759 dubii
1439 1737 1494 1759 seu
1510 1725 1675 1772 ancipites
1685 1725 1864 1760 secundum

1116 1775 1230 1809 bonam
1253 1775 1454 1822 aequitatem,
1467 1774 1504 1809 ad
1521 1774 1656 1810 savorem
1680 1775 1788 1809 salutis
1803 1776 1867 1810 ani-

1116 1837 1239 1859 marum
1262 1837 1404 1869 suarum,
1431 1824 1482 1859 illa
1509 1825 1602 1859 etiam
1626 1825 1800 1871 largissime
1817 1825 1866 1859 in-

1116 1874 1298 1921 telligantur
1325 1883 1355 1909 et
1383 1874 1643 1921 interpretentur,
1671 1887 1733 1910 non
1761 1883 1865 1909 autem

1116 1924 1291 1959 secundum
1316 1923 1391 1958 iuris
1408 1925 1543 1971 rigorem
1560 1932 1611 1959 aut
1624 1925 1788 1960 doctorum
1804 1925 1868 1972 opi-

1118 1973 1230 2009 niones
1257 1974 1304 2008 vel
1327 1974 1528 2009 subtilitates.

1166 2023 1185 2070 ἓ
1209 2028 1240 2058 5.
1264 2023 1303 2058 Et
1319 2024 1457 2059 cuiusvis
1474 2023 1670 2071 particularis
1686 2023 1866 2059 monasterii
1889 2032 1951 2053 Cum
1943 2036 2006 2052 cum
2022 2036 2067 2051 rno-

1882 2066 1953 2083 nascrt
1945 2064 1968 2082 rii
1986 2062 2066 2083 indulta

1119 2085 1174 2108 seu
1198 2073 1257 2108 loci
1281 2082 1342 2109 tam
1367 2073 1445 2108 uniti
1481 2085 1573 2121 quam
1605 2073 1752 2119 uniendi,
1777 2085 1869 2121 prae·
1883 2096 1906 2114 ..d
1929 2094 1969 2113 J
1991 2099 2066 2113 ....0..

1118 2128 1215 2163 sentis
1250 2137 1281 2163 et
1320 2128 1442 2169 futuri
1481 2128 1583 2163 dietae
1613 2127 1972 2175 congregationis⁵¹²¹³
1964 2126 2066 2149 ⁰³¹¹‘⁰‘¹²⁵

1120 2182 1292 2230 privilegia,
1318 2183 1551 2224 concessiones,
1574 2182 1778 2218 remissiones
1794 2194 1871 2231 pec-

1119 2245 1260 2272 catorum
1284 2245 1314 2272 et
1336 2237 1563 2285 indulgentiae,
1590 2249 1793 2285 quocumque
1810 2250 1870 2273 no-

1121 2292 1205 2326 mine
1233 2301 1447 2339 nuncupatae,
1463 2291 1678 2327 immunitates
1701 2299 1731 2326 et
1753 2292 1871 2339 gratiae

1120 2345 1322 2381 concedenda
1348 2354 1408 2381 tam
1437 2358 1491 2393 per
1512 2346 1675 2381 Romanos
1701 2345 1872 2381 Pontifices

1120 2412 1215 2447 quam
1231 2400 1308 2435 alios
1321 2412 1550 2448 quoscumque,
1573 2412 1675 2447 reges,
1698 2400 1806 2446 duces,
1822 2399 1872 2434 ba-

1123 2466 1225 2500 rones,
1254 2455 1421 2502 principes,
1444 2454 1582 2490 dominia
1609 2463 1638 2490 et
1660 2455 1872 2490 communita-

1122 2516 1179 2551 tes,
1214 2509 1244 2543 in
1280 2509 1427 2544 omnibus
1454 2515 1484 2543 et
1511 2521 1566 2556 per
1592 2509 1696 2544 omnia
1725 2508 1785 2556 ipsi
1814 2509 1869 2544 toti

1122 2562 1358 2610 congregationi
1386 2570 1416 2598 et
1443 2563 1514 2598 aliis
1536 2563 1606 2598 eius
1629 2562 1871 2610 particularibus

1124 2617 1325 2652 monasteriis
1347 2629 1414 2653 esse
1441 2617 1621 2653 communia
1640 2626 1670 2652 et
1691 2616 1728 2651 ad
1752 2616 1801 2652 illa
1818 2629 1873 2652 ex-

1124 2672 1221 2715 tendi,
1234 2680 1325 2720 prout
1346 2672 1546 2708 extendimus
1561 2684 1616 2720 per
1631 2680 1818 2719 praesentes.

1865 281 1913 307 An.
1932 278 2046 306 (1.1ΐὶίέ
