2281 3251
873 323 974 348 INDEX
996 321 1205 347 ammentum

276 382 336 416 VII.
364 379 603 422 Privilegiorum
634 378 889 421 congregationis
914 388 1024 410 inona-

364 430 499 463 chorum
522 428 554 461 B.
578 427 693 460 Mariae
709 427 820 460 MontiS
835 426 956 465 Oliveti‚
975 426 1028 459 Or-

366 477 448 511 dinis
460 477 489 510 S.
513 476 686 515 Benedicti,
710 475 882 519 deputandi
895 474 1026 513 iudices,

369 530 608 560 conservatores
632 524 791 557 bonorum
821 528 851 556 et
879 533 1029 566 persona-

373 586 445 608 rum
466 574 566 618 ipsius
577 571 843 617 congregationis,
854 582 1031 615 eorumque

370 627 629 658 conservatorum
639 622 746 665 ampla
758 620 944 659 iurisdictiQ
954 620 988 653 41
998 621 1011 653 1
1023 647 1028 652 .

279 675 353 708 VIII.
380 673 497 707 Contra
512 671 689 705 homicidas
714 676 744 703 et
759 670 838 703 alios
858 669 1033 713 capitaliter

371 721 539 760 bannitos,
567 725 621 753 aut
646 720 704 752 sibi
729 719 778 751 ius
803 719 954 757 dicentes,
981 723 1035 750 aut

374 771 564 804 cavalcatam
585 769 735 802 facientes
759 772 830 807 etc„
858 776 1034 810 eorumque

375 823 590 862 receptatores
606 823 633 850 et
655 818 805 853 fautores.
828 816 902 849 415.

284 870 333 904 IX.
356 867 534 903 Prohibitio
554 865 736 910 appellandi
758 865 787 897 in
805 864 908 897 causis
928 863 1035 896 crimi-

375 917 503 951 nalibus
523 915 704 960 provinciae
729 913 886 947 Marchiae
902 912 933 944 in
950 912 1036 945 Statu

376 965 612 1005 Ecclesiastico,
630 975 694 997 non
715 965 795 996 facto
812 962 954 1005 deposito
968 972 1040 1005 poe-

380 1026 440 1049 nae
460 1014 678 1059 pecuniariae,
695 1014 727 1046 in
747 1024 810 1056 qua
829 1011 875 1044 rei
891 1011 1041 1044 condem-

377 1065 442 1099 nati
463 1069 548 1103 sunt,
570 1063 645 1096 417.

290 1116 326 1149 X.
351 1112 530 1150 Iurisdictio
551 1117 581 1144 et
600 1110 771 1144 auctoritas
782 1106 974 1142 clericorum
986 1108 1042 1140 Re-

382 1162 539 1197 verendae
559 1160 710 1194 Gamerae
730 1158 928 1202 Apostolicae
951 1167 1042 1200 prae-

383 1210 556 1246 sidentium
582 1208 703 1252 aliquot
733 1218 769 1240 ex
798 1218 830 1239 se
855 1206 931 1249 ipsis
954 1205 1045 1238 annis

385 1259 517 1304 singulis
532 1255 766 1292 transmittendi
786 1256 824 1288 ad
848 1256 918 1287 loca
942 1254 1047 1287 Status

386 1307 597 1343 Ecclesiastici
612 1305 776 1344 visitanda,
790 1304 1003 1346 officialesque
1018 1306 1049 1335 et

388 1358 466 1392 alios
477 1365 698 1400 quoscumque
718 1353 939 1395 delinquentes
958 1361 1048 1384 coer-

389 1406 494 1446 cendi,
516 1404 592 1438 418.

302 1458 352 1492 XI.
381 1456 496 1491 Contra
517 1454 650 1487 clericos
670 1457 700 1485 et
724 1451 885 1484 ministros
899 1449 1052 1482 Reveren-

390 1506 448 1538 dae
473 1504 623 1537 Gamerae
642 1499 854 1544 Apostolicae‚
876 1497 1052 1541 quomodo-

390 1553 465 1586 libet
490 1552 522 1584 in
546 1549 761 1584 contractibus
780 1558 889 1581 rerum
910 1557 1051 1579 camera-

393 1601 472 1635 lium
490 1600 728 1644 participantes,
755 1596 830 1630 420.

390 1649 584 1695 Approbatio
609 1653 640 1681 et
663 1645 817 1680 institutio
847 1644 971 1678 Ordinis
996 1644 1054 1676 fra-

391 1705 478 1733 trum
499 1698 703 1732 Minimorum
719 1695 817 1729 sancti
838 1693 996 1727 Francisci
1016 1693 1053 1726 de

395 1748 506 1788 Paula,
529 1746 585 1790 qui
609 1745 686 1778 alias
708 1743 865 1777 Eremitae
886 1752 1054 1785 nuncupa-

394 1799 523 1836 bantur,
546 1800 576 1829 et
591 1793 791 1828 confirmatio
811 1791 907 1825 unius
916 1791 1055 1833 Regulae

395 1858 412 1880 a
427 1847 461 1880 Β.
484 1844 653 1880 Francisco
669 1853 726 1886 pro
747 1841 838 1874 dictis
862 1839 1011 1873 fratribus
1026 1844 1056 1872 ct

394 1894 525 1928 alterius
545 1904 603 1938 pro
632 1891 796 1925 sororibus
822 1894 853 1923 et
876 1888 970 1922 etiam
998 1898 1055 1932 pro

393 1942 555 1978 Tertiariis
563 1942 676 1981 editae,
685 1950 758 1973 cum
766 1938 979 1983 plurimarum
989 1947 1056 1980 gra-

395 1992 513 2025 tiarum
534 1996 564 2024 et
588 1988 827 2035 prixilegiorum
848 1985 1053 2029 elargitione,

303 1652 366 1686 XII.

395 2051 477 2084 quae
492 2043 661 2084 propterea
676 2037 765 2070 Mare
783 2036 938 2079 Maynum
949 2035 1057 2079 appel-

394 2091 491 2129 latur,
511 2088 586 2121 4021.

308 2141 385 2176 XIII.
417 2138 568 2182 Sequitur
592 2136 653 2170 alia
682 2134 844 2169 concessio
870 2133 1056 2167 eorumdem

398 2194 430 2223 et
448 2188 585 2221 aliorum
611 2183 861 2229 privilegiorum,
883 2181 958 2215 434.

309 2239 383 2275 XIV.
405 2236 551 2271 Facultas
579 2234 718 2267 duorum
743 2243 779 2265 ex
808 2231 957 2275 praelatis
981 2241 1058 2263 con-

397 2284 589 2331 gregationis
613 2282 846 2316 monachorum
867 2281 980 2313 Beatae
1001 2279 1060 2312 Ma-

400 2336 466 2370 riae
481 2334 594 2368 Montis
609 2331 730 2372 Oliveti‚
743 2329 869 2364 Ordinis
884 2328 990 2363 Sancti
1004 2328 1060 2361 Be-

399 2388 537 2429 nedicti,
565 2387 650 2420 circa
669 2384 894 2418 alienationem
915 2382 984 2416 eius
1002 2381 1060 2415 bo-

403 2453 532 2482 norum,
550 2441 574 2474 si
590 2438 775 2473 huiusmodi
791 2436 939 2470 alienatio
955 2435 988 2468 in
1003 2435 1062 2468 evi-

402 2497 529 2530 dentem
550 2493 718 2527 utilitatem
739 2490 840 2530 cedat,
867 2489 942 2522 442.

314 2551 375 2585 XV.
403 2547 624 2584 Ordinationes
642 2556 701 2590 pro
721 2544 804 2577 bono
821 2542 975 2586 regimine
991 2550 1064 2574 con-

405 2599 597 2646 gregationis
625 2597 858 2631 monachorum
882 2595 916 2628 B.
948 2593 1063 2627 Mariae

403 2655 516 2690 Montis
535 2651 656 2692 Oliveti‚
678 2650 803 2685 Ordinis
831 2649 862 2682 S.
890 2646 1061 2686 Benedicti,

405 2709 539 2753 eiusque
561 2705 681 2751 gratiae
696 2709 727 2739 et
746 2702 974 2742 immunitates,
986 2699 1061 2734 444.

398 2757 472 2789 Bull.
491 2757 566 2788 Rom.
586 2755 640 2786 vol.
662 2754 690 2785 V.
892 2750 947 2781 103

1685 310 1752 342 817

1067 376 1141 410 XVI.
1165 373 1358 419 Approbatio
1385 374 1556 415 gratiarum
1584 379 1613 405 et
1635 372 1814 416 privilegio-

1157 434 1227 457 rum
1249 435 1266 456 a
1286 423 1503 461 Pontificibus,
1527 421 1773 465 imperatoribus
1788 426 1818 453 et

1157 473 1226 506 aliis
1251 481 1475 505 concessorum
1497 470 1734 513 congregationi
1751 479 1815 502 mo-

1159 521 1335 555 nachorum
1359 520 1454 553 Vallis
1474 519 1664 559 Umbrosae,
1692 517 1820 551 Ordinis

1159 570 1189 604 S.
1218 569 1390 608 Benedicti,
1421 572 1451 601 et
1471 566 1718 600 communicatio
1739 576 1818 609 qua-

1159 629 1372 661 rumcumque
1384 617 1556 659 gratiarum
1574 621 1601 649 et
1619 615 1817 648 indultorum

1160 668 1388 712 quoquomodo
1405 665 1641 709 congregationi
1653 664 1818 698 Cassinen-

1161 718 1185 750 si
1201 717 1432 750 monachorum
1445 715 1586 747 eiusdem
1605 713 1731 747 Ordinis
1747 722 1820 745 con-

1163 776 1324 799 cessorum
1346 769 1376 797 et
1391 762 1682 801 concetlcndorum‚
1699 761 1773 795 455.

1075 815 1163 848 XVII.
1198 813 1313 847 Contra
1346 813 1541 845 occultantes
1574 812 1620 843 vel
1651 811 1822 843 retinentes

1165 863 1338 906 scripturas
1362 862 1401 894 ad
1420 860 1635 894 Reverendam
1659 859 1822 892 Cameram

1167 915 1356 955 spectantes,
1374 910 1449 944 457.

1079 962 1180 994 xvlll.
1216 959 1370 994 Institutio
1400 958 1524 1001 collegii
1553 957 1744 1001 scriptorum
1774 965 1824 988 ar-

1169 1009 1261 1043 chivii
1277 1010 1436 1041 Romanae
1448 1007 1560 1040 Curiae
1580 1006 1778 1039 notariorum
1795 1006 1826 1038 in

1169 1058 1272 1091 causis
1292 1055 1517 1090 commissaliis
1532 1055 1563 1088 in
1582 1055 1665 1088 Urbe
1680 1053 1763 1098 apud
1780 1054 1827 1087 iu-

1171 1107 1255 1139 dices
1272 1104 1418 1149 proprios
1429 1103 1568 1137 notarios
1579 1114 1643 1136 non
1662 1102 1825 1142 habentes;

1172 1160 1200 1188 et
1226 1153 1388 1187 concessio
1413 1152 1569 1186 facultatis
1598 1151 1725 1184 creandi
1750 1150 1828 1183 alios

1172 1202 1333 1242 notarios,
1364 1212 1400 1234 ac
1429 1200 1625 1243 legitimandi
1648 1198 1827 1237 bastardos,

1173 1251 1248 1285 458.

1188 1299 1338 1343 Sequitur
1357 1297 1527 1331 declaratio
1551 1295 1731 1340 praedictae
1754 1304 1830 1328 con-

1177 1347 1360 1387 stitutionis,
1386 1346 1461 1380 465.

1179 1398 1222 1431 De
1241 1395 1443 1441 portionibus
1470 1394 1633 1427 fructuum
1654 1403 1691 1426 ex
1713 1391 1832 1425 benefi-

1179 1446 1234 1478 ciis
1248 1444 1379 1477 militiae
1389 1443 1426 1475 de
1436 1442 1607 1480 Calatrava,
1621 1439 1835 1473 Cisterciensis

1179 1494 1324 1533 Ordinis,
1351 1490 1515 1526 communi
1535 1491 1685 1523 thesauro
1709 1489 1832 1528 debitis,

1181 1543 1274 1577 certis
1293 1543 1455 1575 dumtaxat
1475 1539 1600 1573 casibus
1609 1538 1833 1582 expendendis,

1179 1592 1254 1626 466.

1093 1643 1169 1676 XXI.
1192 1640 1282 1680 Quod
1297 1638 1401 1673 totalis
1424 1636 1604 1671 obedientia
1619 1635 1743 1669 Ordinis
1761 1635 1835 1668 Car-

1181 1688 1329 1723 tusiensis
1350 1690 1506 1731 perpetuo
1522 1685 1561 1718 sit
1580 1684 1638 1717 sub
1655 1684 1761 1727 priore
1776 1693 1840 1717 ma-

1182 1737 1258 1771 ioris
1277 1737 1391 1770 domus
1405 1733 1566 1769 Cartusiae
1586 1737 1617 1766 et
1635 1731 1838 1765 definitorum

1183 1786 1313 1830 capituli
1338 1783 1506 1828 generalis,
1528 1782 1604 1816 469.

1096 1837 1186 1870 XXII.
1197 1835 1287 1875 Quod
1303 1834 1385 1867 Ordo
1396 1833 1529 1866 fratrum
1541 1830 1753 1864 Eremitarum
1765 1830 1839 1863 San-

1184 1884 1224 1918 cti
1239 1882 1406 1927 Augustini
1422 1879 1530 1924 gratiis
1541 1884 1570 1912 et
1581 1878 1751 1922 privilegiis
1766 1877 1840 1911 alio-

1184 1943 1256 1967 rum
1276 1931 1429 1965 Ordinum
1441 1927 1687 1962 Mendicantium
1699 1927 1840 1972 perfrua-

1183 1987 1248 2021 tur,
1269 1981 1344 2014 471.

1097 2031 1200 2066 XXIII.
1230 2030 1274 2063 Ne
1298 2027 1438 2071 religiosi
1462 2026 1616 2060 Ordinum
1641 2024 1840 2058 Praedicato-

1185 2089 1257 2112 rum
1278 2083 1308 2111 et
1326 2077 1482 2110 Minorum
1499 2078 1740 2108 commorentur
1755 2078 1842 2106 extra

1186 2126 1351 2166 coenobia,
1370 2125 1463 2160 etiam
1474 2123 1640 2158 occasione
1649 2122 1840 2161 studiorum,

1185 2176 1261 2210 472.

1099 2225 1201 2260 XXIV.
1227 2225 1343 2258 Contra
1370 2226 1546 2267 pugnantes
1571 2221 1602 2253 in
1632 2219 1759 2258 duello,
1789 2224 1844 2252 aut

1187 2274 1265 2307 illud
1290 2271 1507 2317 permittentes
1522 2270 1554 2302 in
1576 2270 1664 2303 Statu
1688 2267 1842 2301 Ecclesia-

1188 2322 1278 2362 stico,
1303 2321 1380 2355 474.

1101 2377 1189 2411 XXV.
1215 2373 1389 2409 Prohibitio
1409 2370 1588 2415 occupandi
1604 2371 1687 2404 bona
1716 2370 1844 2403 naufra-

1189 2428 1293 2473 gantia
1308 2427 1339 2460 in
1358 2426 1437 2459 locis
1462 2424 1557 2457 maris
1577 2423 1607 2457 S.
1630 2423 1665 2456 R.
1693 2423 1742 2463 Ε.,
1764 2422 1840 2456 476.

1102 2483 1202 2518 XXVI.
1224 2479 1394 2515 Renovatio
1424 2477 1578 2522 privilegii
1606 2476 1794 2510 monialium
1815 2480 1846 2508 et.

1190 2537 1323 2569 fratrum
1334 2533 1491 2567 Minorum
1507 2530 1631 2564 Ordinis
1642 2530 1672 2563 S.
1686 2528 1845 2562 Francisci

1190 2589 1228 2622 de
1248 2587 1335 2621 novis
1345 2584 1543 2619 monasteriis
1558 2583 1642 2615 circa
1662 2591 1773 2615 eorum
1790 2580 1844 2613 do-

1192 2653 1260 2675 mos
1271 2641 1351 2674 infra
1367 2638 1504 2683 spatium
1519 2646 1574 2671 ccc
1591 2643 1766 2669 cannarum
1780 2643 1844 2667 non

1192 2692 1407 2734 aedificandis,
1433 2690 1509 2725 477.

1087 1300 1152 1335 XIX
1159 1326 1164 1332 .

1089 1398 1152 1432 XX.
