2281 3251
122 269 168 295 An.
188 267 297 295 0111111

133 1707 161 1728 De
174 1709 302 1735 recipiendis

121 1741 145 1760 att
161 1740 268 1762 Ordlnem.
282 1743 302 1760 et

120 1772 202 1797 quando
226 1771 301 1792 (ratres

119 1804 209 1822 orationi
230 1807 250 1822 et
271 1806 302 1823 ta-

119 1834 234 1854 citurnitati
249 1835 302 1854 insi-

120 1868 176 1885 stere
188 1865 301 1885 habebunt.

909 266 924 288 ,t
932 266 1103 289 113&thssst
1130 266 1163 289 Vt
1192 267 1237 289 ΡΙ).

314 321 440 369 capituli
460 321 567 356 localis
581 320 825 365 ordinationem,
846 334 994 357 exercere
1010 336 1060 370 po-

315 380 439 413 terunt;
473 371 667 406 considerata
705 383 777 405 vcro
805 372 976 416 debilitate,
999 381 1059 407 tani

316 423 374 456 illis
400 433 494 469 quam
517 420 674 463 fratribus,
697 421 735 455 de
763 433 918 456 consensu
949 435 1061 457 corre-

313 472 406 506 ctoris
428 479 457 504 et
479 471 606 517 capituli
624 470 743 514 localis,
763 471 866 505 licebit
888 473 1060 518 assignare:

315 521 345 555 hi
381 521 496 563 oblati,
523 521 743 554 calceamentis
777 521 928 566 integris,
956 522 1063 568 caligis

314 571 417 616 longis
443 578 473 604 et
496 570 632 604 camisiis
659 571 820 616 canapinis
837 572 879 605 nti
904 579 1063 618 poterunt7

313 621 352 653 de
386 620 507 654 licentia
536 619 723 654 correctoris
750 629 779 655 et
803 622 962 655 seniorum
987 634 1064 655 con-

314 669 394 710 silio;
423 678 507 703 extra
531 681 604 703 vero
627 670 693 704 loca
717 669 747 704 in
772 671 889 718 quibus
913 683 968 718 pro
985 680 1064 704 teni-

315 731 388 765 pore
411 718 618 763 residebunt,
643 718 738 762 nibil,
772 729 1064 767 quantumcumque

315 768 481 803 minimum
497 768 547 810 sit,
563 770 709 816 cuiquam
723 770 796 804 dare
819 779 869 804 aut
889 782 1065 805 accommo-

313 817 398 859 dare,
421 830 479 852 nec
506 818 611 853 literas
637 831 907 866 quorumcumque
943 826 1064 865 portat-e

314 876 368 901 aut
388 868 480 902 etiam
504 868 639 912 mittere,
666 869 747 903 sicut
778 881 836 903 nec
870 868 921 902 alii
944 868 1064 906 fratres,

314 917 433 963 absque
458 917 582 951 licentia
605 918 790 965 superioris,
807 926 1020 965 praesumant;
1036 927 1063 951 ct

315 974 349 999 ut
368 967 471 1000 omnia
489 967 547 1000 rite
561 976 591 1000 et
608 967 739 1002 honeste
761 980 833 1013 erga
854 967 963 1001 fratres
979 967 1064 1003 fiant,

314 1024 447 1062 quatuor
474 1016 567 1050 oblati
590 1016 627 1050 ad
651 1017 756 1051 minus
783 1017 813 1050 in
836 1016 975 1063 quolibet
993 1028 1065 1049 con-

314 1073 421 1109 ventu,
437 1066 461 1100 si
480 1065 629 1112 possibile
651 1066 702 1107 sit,
724 1066 907 1101 habeantur.
919 1065 1062 1100 Tertiarii

315 1122 418 1149 autem
442 1114 572 1149 Ordinis
609 1115 773 1162 utriusque
804 1127 898 1150 sexus
927 1114 1064 1149 cordone

316 1176 370 1198 seu
395 1164 520 1210 cingulo
543 1165 643 1199 tribus
661 1165 823 1200 dumtaxat
846 1165 937 1199 nodis
952 1164 1065 1198 nodato

317 1222 461 1252 utantur,
490 1214 628 1248 habitum
659 1223 837 1260 portantes,
860 1214 1064 1260 divinumque

317 1262 452 1297 officium
468 1263 665 1303 facientes,ut
682 1265 711 1298 in
728 1277 835 1299 corum
854 1264 973 1309 Regula
989 1276 1065 1297 con-

317 1312 452 1351 tinetur,
487 1314 539 1359 qui
573 1315 665 1347 etiam
701 1327 772 1348 cum
809 1314 1064 1360 procuratoribus

316 1361 529 1396 saecularibus
564 1362 740 1409 Religionis
767 1364 873 1407 gratiis
900 1371 930 1397 et
954 1363 1064 1397 indul—

316 1413 431 1457 gentiis
452 1411 582 1446 Ordinis
598 1413 792 1459 gaudebunt,
806 1413 844 1446 de
863 1412 979 1460 quibus
993 1414 1060 1460 qni-

317 1461 387 1495 dem
417 1462 544 1496 tertiarii
580 1462 689 1496 fratres
718 1475 779 1496 non
809 1463 878 1508 plus
904 1475 937 1496 se
967 1463 1065 1496 intro-

318 1511 554 1558 mittant,quam
573 1512 602 1545 in
617 1524 725 1546 eorum
736 1512 857 1558 Regula
868 1512 1063 1559 exprimitur.

611 1582 690 1618 Cae.
715 1583 766 1618 tv.

366 1659 380 1697 g*
410 1657 462 1688 14.
492 1654 678 1702 Recipiendi
695 1655 732 1690 ad
757 1654 908 1690 Ordinem
934 1656 1025 1690 istum
1050 1668 1063 1689 a

317 1705 431 1738 saeculi
451 1707 582 1739 vanitate
601 1705 768 1751 fugientes,
782 1718 877 1752 penes
889 1706 1063 1751 generalem

316 1762 346 1788 et
362 1754 570 1800 provinciales
584 1764 790 1794 correctores,
805 1764 858 1788 aut
880 1755 995 1801 quibus
1012 1768 1066 1800 per

317 1815 371 1838 eos
394 1805 485 1838 fuerit
502 1805 720 1848 commissum,
736 1804 906 1839 auctoritas
923 1805 1064 1839 resident.

317 1854 369 1900 qui
387 1866 441 1900 per
452 1866 484 1888 se
497 1853 543 1887 vel
558 1854 636 1888 alios
649 1854 778 1888 idoneos
793 1854 902 1888 fratres
917 1854 955 1888 de
968 1855 1066 1888 omni-

317 1903 375 1936 hus
405 1903 442 1937 ad
468 1903 641 1949 legitimum
676 1903 855 1950 Religionis
891 1904 1064 1950 ingressum

319 1953 502 1987 necessariis
518 1953 722 1998 interrogent,
740 1954 764 1987 si
790 1955 819 1986 in
837 1953 897 1988 lide
913 1954 1064 1987 catholica

319 2001 518 2036 inveniantur
541 2002 645 2044 firmi,
673 2003 759 2037 nullo
793 2015 898 2037 errore
935 2003 1039 2037 infecti
1058 2032 1066 2042 ‚

319 2063 380 2085 non
405 2052 547 2090 uxorati,
570 2052 666 2086 nullis
689 2053 862 2086 ratiociniis
890 2061 921 2087 et
951 2052 1066 2087 debitis

317 2104 461 2151 obligati,
484 2113 514 2139 et
540 2105 697 2140 decimum
721 2114 864 2140 octavum
888 2118 1005 2141 annum
1029 2108 1064 2140 nd

318 2161 424 2194 minus
449 2161 620 2206 attigerin13
648 2168 677 2194 et
699 2161 769 2207 qui,
799 2162 921 2207 praevia
948 2170 979 2195 et
1002 2175 1065 2197 ma-

318 2222 386 2248 tura
422 2214 650 2249 deliberatione
665 2243 672 2253 ,
697 2215 725 2248 in
749 2215 881 2249 clericos
904 2215 950 2249 vel
974 2216 1067 2251 laicos

317 2279 352 2302 ac
375 2268 497 2302 oblatos
524 2269 733 2315 recipiantur,
761 2277 790 2303 et
818 2269 848 2302 in
878 2269 935 2303 isto
963 2278 1041 2304 statn
1059 2300 1066 2304 .

319 2323 348 2355 in
371 2334 434 2369 quo
457 2324 572 2370 recepti
596 2322 713 2357 fuerint
731 2352 739 2361 ,
762 2330 915 2369 perpetuo
944 2336 1068 2370 perma-

319 2384 428 2410 neant:
457 2377 481 2411 si
510 2389 582 2412 vero
605 2378 820 2411 testimoninm
842 2376 958 2411 bouum
975 2389 991 2412 a
1007 2377 1068 2412 fra—

319 2430 419 2464 tribus
432 2439 461 2465 et
478 2431 666 2466 instructore
682 2432 874 2465 novitiorum
893 2430 1067 2468 habuerint.

320 2484 356 2517 ad
381 2484 606 2530 professionem
628 2495 696 2532 post
716 2497 832 2520 annum
853 2485 1067 2520 admittantur:

321 2550 495 2586 omnesque
522 2539 631 2573 fratres
656 2541 717 2574 sint
753 2539 878 2585 benigni
896 2566 905 2583 7
933 2539 1066 2575 modesti

321 2600 352 2626 et
373 2593 580 2639 exemplares,
609 2606 670 2628 non
693 2594 770 2628 alios
792 2593 847 2628 sed
871 2594 993 2641 seipsos
1022 2594 1069 2628 in-

321 2645 474 2692 dicantes,
497 2648 642 2689 orationi,
665 2659 735 2682 cum
760 2647 806 2682 eis
824 2656 922 2690 vacat,
946 2648 1069 2684 incum-

1729 258 1795 289 38¹1·

1105 323 1224 361 bcntrs,
1247 322 1480 368 multiloquium
1509 323 1682 369 fugientes;
1712 325 1738 357 si
1766 324 1850 358 enim

1103 373 1246 407 debonis
1260 373 1374 414 verbis,
1388 382 1513 420 propter
1527 373 1642 407 silentii
1657 373 1852 419 gravitatem,

1103 422 1272 468 aliquoties
1294 431 1340 457 est
1369 423 1547 461 tacendum,
1575 436 1611 456 eo
1640 423 1739 469 magis
1760 422 1800 457 ab
1815 423 1855 457 il-

1105 472 1215 511 tit-itis,
1237 472 1277 506 ob
1299 472 1423 519 culpam
1453 473 1648 511 evitandam,
1676 473 1735 507 erit
1755 472 1855 507 absti-

1106 522 1265 559 nendum,
1288 534 1358 555 cum
1383 522 1411 556 in
1437 522 1608 556 novissimo
1635 521 1686 556 die
1708 523 1746 557 de
1768 522 1854 556 omni

1106 571 1216 612 verbo,
1240 572 1354 605 nedum
1392 572 1501 618 iniquo
1527 571 1582 606 sed
1618 572 1710 606 etiam
1734 571 1855 615 otioso,

1105 620 1302 655 strictissima
1335 621 1373 654 sit
1406 620 1565 655 reddenda
1606 622 1701 661 rati0;
1738 621 1856 656 idcirco

1106 669 1255 703 exhortor
1288 678 1381 716 atque
1416 683 1529 704 moneo
1562 680 1595 704 ut
1625 670 1791 718 praecipue
1825 672 1854 705 in

1106 718 1251 758 ecclesia,
1270 718 1455 754 dormitorio
1477 728 1571 766 atque
1589 719 1726 755 claustro
1749 721 1855 755 silen-

1107 768 1183 801 tium
1212 768 1406 808 observetur,
1429 769 1574 803 similiter
1601 781 1616 802 3
1650 770 1856 816 completorio

1107 829 1207 863 usque
1234 818 1271 851 ad
1301 818 1445 863 primam,
1473 827 1501 852 et
1525 819 1616 852 etiam
1640 819 1670 853 iu
1694 819 1856 854 refectorio

1108 875 1247 913 tempore
1272 866 1461 901 refectionis.

1414 937 1493 973 Car.
1516 938 1555 974 V.

1156 1010 1175 1057 S
1204 1013 1259 1045 15.
1283 1009 1365 1045 Cum
1393 1011 1475 1045 enim
1503 1011 1571 1045 Deo
1599 1021 1854 1047 consecratorum

1107 1059 1146 1093 ab
1161 1072 1210 1100 eo,
1226 1061 1279 1106 qui
1303 1061 1486 1095 tentationis
1506 1060 1586 1095 bella
1610 1073 1671 1095 uon
1686 1062 1855 1108 subegerit,

1107 1121 1213 1143 curam
1251 1110 1412 1157 suscipere
1440 1122 1501 1144 nou
1530 1111 1696 1157 expediat,
1719 1123 1856 1158 cumque

1107 1159 1143 1192 ad
1184 1158 1381 1193 subditorum
1423 1161 1562 1205 regimen
1601 1160 1742 1195 debitum
1777 1161 1858 1196 inter

1107 1209 1202 1242 animi
1226 1208 1315 1243 dotes
1332 1210 1505 1243 necessaria
1522 1210 1561 1243 sit
1576 1210 1783 1256 experientia,
1796 1223 1858 1256 qua

1108 1258 1245 1292 dictante
1275 1259 1391 1292 certius
1409 1267 1558 1306 operetur
1579 1268 1726 1306 expertus
1748 1260 1858 1294 artifex

1107 1307 1226 1341 artifice
1242 1320 1304 1342 non
1324 1317 1472 1354 expert03
1494 1321 1529 1343 ea
1553 1317 1681 1355 propter
1703 1309 1811 1344 nullus
1827 1310 1856 1343 in

1107 1356 1228 1390 Ordine
1256 1357 1314 1392 isto
1339 1357 1546 1404 praeficiatur,
1570 1370 1627 1392 nec
1650 1359 1680 1393 iu
1704 1358 1857 1393 electione

1108 1415 1137 1440 et
1164 1407 1364 1452 depositione
1384 1409 1586 1453 superiorum
1611 1421 1717 1443 vocem
1733 1408 1858 1448 habeat,

1109 1456 1167 1490 nisi
1193 1469 1247 1502 per
1269 1457 1441 1491 triennium
1471 1457 1632 1504 professus
1659 1457 1859 1493 laudabiliter

1108 1506 1230 1549 vixerit,
1258 1518 1315 1541 nec
1343 1515 1411 1552 post
1434 1506 1554 1541 dictum
1573 1507 1859 1546 triennium,dem-

1109 1556 1170 1601 ptis
1198 1557 1417 1591 sacerdotibus
1435 1557 1580 1603 primitus
1601 1557 1662 1592 hoc
1685 1558 1716 1592 in
1735 1556 1858 1591 Ordine

1110 1604 1275 1650 professiS,
1303 1607 1327 1639 si
1351 1614 1453 1640 tamen
1489 1606 1675 1653 vigesimum
1710 1608 1856 1654 quintum

1108 1666 1225 1688 annum
1253 1656 1442 1701 attigissent,
1467 1657 1524 1690 nisi
1548 1668 1706 1691 consensu
1729 1657 1857 1703 capituli

1110 1705 1312 1750 provincialis
1335 1706 1573 1740 interveniente.
1596 1705 1726 1741 Ordinis
1752 1715 1857 1741 autem

1109 1754 1197 1788 istius
1219 1755 1399 1801 superiores
1412 1768 1643 1802 quoscumque,
1665 1765 1858 1791 correctores

1110 1804 1343 1850 nuncupandos
1357 1817 1536 1845 censemus,
1560 1814 1595 1839 ut
1616 1817 1650 1840 se
1673 1806 1757 1852 ipsos
1772 1807 1859 1852 prius

1107 1854 1311 1898 corrigentes,
1328 1853 1456 1889 fratrum
1477 1867 1606 1889 suorum
1629 1854 1772 1890 desectus
1786 1868 1857 1890 cutn

1109 1902 1259 1937 charitate
1281 1912 1311 1938 et
1333 1905 1556 1951 compassione
1574 1905 1690 1947 delere,
1706 1914 1736 1939 et
1751 1917 1859 1940 emen-

1108 1952 1267 1986 dationem
1292 1954 1394 1999 potius
1421 1966 1513 2000 quam
1544 1954 1738 2001 punitionem
1768 1967 1859 2001 prae-

1109 2001 1286 2045 tendentes,
1306 2005 1526 2038 communitati
1549 2005 1578 2037 in
1603 2004 1683 2038 victu
1698 2013 1729 2039 et
1746 2005 1858 2039 vestitu

1109 2064 1142 2085 se
1181 2051 1380 2087 conformare
1414 2052 1572 2098 debeant,
1601 2053 1789 2101 nullumque
1820 2066 1857 2089 ex

1108 2104 1256 2140 fratribus
1289 2107 1357 2140 suis
1392 2106 1553 2146 minimis,
1581 2115 1611 2141 et
1634 2107 1693 2154 ipsi
1723 2107 1858 2147 minimi,

1109 2170 1309 2206 quacumque
1342 2161 1458 2206 gratiae
1493 2160 1725 2196 auctoritatisve
1760 2173 1860 2208 praee-

1111 2213 1248 2247 mineant
1275 2215 1483 2260 praestantia,
1506 2222 1558 2248 aut
1579 2213 1619 2248 de
1646 2214 1705 2249 hoc
1727 2224 1860 2250 conten—

1109 2265 1183 2301 dere
1204 2276 1258 2301 aut
1279 2279 1467 2302 concurrere
1496 2275 1709 2314 praesumant.
1736 2268 1860 2304 Fratres

1112 2332 1182 2355 vero
1213 2321 1331 2356 subditi
1359 2329 1584 2365 correctorem,
1619 2321 1702 2356 velut
1737 2330 1858 2369 patrem

1110 2375 1304 2421 spiritualem
1332 2375 1491 2411 offendere
1518 2377 1661 2421 timeant,
1677 2375 1793 2411 nedum
1810 2389 1860 2412 ar-

1111 2438 1245 2476 guentes
1273 2443 1344 2466 cum
1373 2443 1409 2465 eo
1444 2442 1540 2478 super
1573 2443 1775 2479 quacumque
1803 2444 1860 2476 re,

1112 2485 1171 2518 nisi
1197 2485 1235 2519 sit
1256 2494 1363 2520 contra
1380 2484 1496 2526 Deum,
1518 2485 1654 2520 animam
1676 2498 1779 2530 suam,
1795 2484 1860 2521 Re-

1111 2539 1218 2586 gulam
1239 2541 1342 2583 istani,
1359 2539 1494 2587 superba
1516 2541 1637 2575 cervice
1655 2540 1860 2585 contendere,

1111 2603 1164 2628 aut
1194 2595 1220 2628 ei
1249 2602 1431 2641 arroganter
1468 2594 1659 2641 respondere
1697 2594 1860 2636 audeaut;

1112 2650 1165 2683 sed
1190 2662 1223 2685 re
1251 2658 1280 2684 et
1308 2648 1415 2694 verbo,
1444 2658 1474 2684 ut
1498 2649 1552 2683 lilii
1576 2649 1718 2686 benevoli
1739 2662 1794 2687 eos
1811 2663 1860 2687 re-

1870 267 1916 294 An⁴
1940 268 1967 293 C,
1984 268 2047 294 ¹⁹,th

1886 1021 1913 1042 De
1936 1022 2055 1048 superiori-

1872 1054 1909 1073 bus
1930 1053 2014 1074 omium
2034 1057 2056 1073 et

1872 1086 1897 1104 de
1904 1085 2025 1104 obedientia
2034 1087 2056 1103 et.

1872 1119 1978 1135 rever-ent,
2001 1116 2055 1141 ipsu

1872 1147 1990 1166 exhibentia
