2281 3251
245 262 293 290 An.
312 263 339 291 C.
362 264 428 291 ¹512

492 253 562 287 550

443 320 615 355 modolibet
634 318 774 365 impediri
793 317 836 351 vel
851 316 964 351 differri
980 317 1088 363 possit,
1105 316 1192 350 clau-

443 371 522 405 sulis
548 381 714 405 concessas
743 367 895 402 baetenus
924 376 953 401 et
977 367 1006 400 in
1033 375 1191 412 posterum

444 419 675 461 concedendas,
700 429 753 464 per
780 417 917 464 aliquem
942 417 980 451 dc
1003 416 1084 450 dicta
1112 428 1193 451 cou—

443 471 625 517 gregatione
653 469 699 502 vel
727 476 811 501 extra
841 479 934 505 eam
964 466 1194 513 cuiuscumque

443 529 559 564 status,
586 518 718 566 gradus,
749 517 868 552 ordinis
899 528 953 551 seu
988 516 1194 551 conditionis.

443 571 562 606 etiamsi
578 568 789 604 cardinalatus
810 567 929 601 bonore
956 575 1007 601 aut
1025 553 1194 614 pontificali

444 620 491 656 vel
506 620 561 655 alia
578 617 846 666 quavisdignitate
862 616 1065 664 praefulgeat,
1079 617 1108 650 in
1126 617 1197 651 titu-

443 671 508 705 lum
540 682 594 705 seu
617 667 835 703 commendam
867 675 921 701 aut
953 667 1197 701 administratio-

443 732 514 755 nem
529 719 575 754 vel
589 719 664 754 alias
686 717 831 758 obtineri,
855 729 910 752 seu
934 717 994 751 sibi
1023 729 1118 764 super
1140 717 1197 751 ali-

443 770 532 805 cuius
555 769 680 804 illorum
705 767 870 809 fr,uctil›ns
886 767 1062 802 redditibus
1080 775 1109 802 et
1131 780 1197 814 pro-

443 819 600 859 ventibus,
621 818 724 866 aliqua
741 818 852 865 pensio
875 818 1042 862 reservati
1064 818 1196 852 concedi

441 870 489 904 vel
512 869 677 915 assignari,
698 880 755 903 seu
773 881 821 902 ius
835 867 892 902 sibi
907 868 1044 914 desuper
1065 868 1197 915 aequiri;

443 897 728 967 velaliqiiiscontra
739 918 949 973 praesentium
962 926 1115 958 tenorem,
1124 930 1198 965 quo-

443 969 491 1004 vis
517 969 661 1017 quaesito
680 968 798 1012 colore,
820 968 914 1003 etiam
932 976 1094 1015 praetextu
1117 980 1198 1015 quo-

443 1031 653 1067 rumcumque
680 1026 906 1053 conventorum
943 1030 997 1052 seu
1024 1025 1198 1065 pactorum,

443 1079 603 1117 tamquam
617 1068 874 1109 simoniacorum,
897 1069 1078 1115 quempiam
1094 1067 1133 1103 de
1148 1068 1199 1102 di-

443 1128 491 1154 cta
513 1118 759 1166 congregatione
781 1130 878 1166 super
900 1118 1005 1165 aliquo
1027 1131 1065 1153 ex
1089 1131 1199 1153 mona-

443 1169 558 1211 steriis,
590 1168 781 1216 prioratibus
798 1177 829 1203 et
847 1167 923 1203 locis
947 1168 1125 1215 praedictis,
1149 1182 1199 1204 ra-

444 1219 529 1255 tione
557 1219 638 1253 tituli
666 1219 732 1253 sive
754 1218 961 1253 commendas!
984 1218 1032 1252 vel
1062 1218 1200 1253 admini-

443 1269 604 1305 strationis
618 1276 670 1304 aut
682 1268 844 1316 pensionis
856 1267 1036 1303 huiusmodi
1052 1269 1098 1303 vel
1113 1269 1198 1311 alias,

445 1319 597 1367 impetere
619 1331 675 1354 scu
704 1318 871 1353 molestare
902 1318 1012 1353 valeat.
1042 1318 1199 1366 Nullaque

443 1368 595 1417 deinceps
623 1380 661 1404 ex
688 1368 850 1403 beneficiis
876 1368 1106 1413 ecclesiasticis,
1128 1382 1198 1404 cum

444 1431 520 1454 eura
542 1419 590 1454 vel
606 1419 674 1454 sine
688 1430 775 1460 cura,
790 1418 827 1453 ad
850 1417 1050 1453 collationem
1064 1419 1110 1454 vel
1127 1431 1200 1466 pro-

444 1469 611 1514 visionem,
627 1468 925 1516 praesentationem,
936 1468 1123 1504 electionem
1143 1482 1199 1505 seu

445 1519 589 1566 quamvis
610 1518 703 1554 aliam
723 1518 966 1566 dispositionem
990 1517 1138 1554 abbatum
1154 1520 1199 1554 vel

445 1581 586 1617 priorum
614 1580 650 1604 ac
672 1576 885 1604 conventuum
903 1595 911 1612 ,
935 1576 1199 1604 monasteriorum

444 1627 476 1654 et
496 1618 629 1655 aliorum
653 1618 795 1654 locorum
815 1618 916 1654 dictae
932 1619 1199 1665 congregationis,

445 1669 658 1704 communiter
670 1669 715 1704 vel
731 1669 867 1709 divisim,
885 1680 940 1715 pro
962 1677 1102 1716 tempore
1126 1682 1200 1717 per-

446 1719 633 1764 tinentibus,
649 1719 742 1754 etiam
755 1718 1030 1766 qualitercumque
1047 1718 1198 1755 beneficia

446 1770 513 1816 ipsa
528 1777 558 1805 et
580 1769 783 1817 ubicumque,
806 1777 1023 1824 praeterquam
1040 1769 1124 1824 apud
1141 1770 1201 1805 Se-

445 1819 517 1854 dem
545 1819 749 1867 praedictam,
766 1831 873 1854 vacare
900 1819 1077 1866 eontigerit,
1100 1819 1201 1855 dum—

445 1869 541 1904 modo
566 1869 766 1916 dispositioni
793 1846 1004 1916 apostolicaeD
1013 1870 1201 1915 generaliter

445 1926 602 1954 reservata
619 1931 681 1954 non
697 1918 825 1963 fuerint,
849 1918 909 1953 sub
931 1919 1037 1966 gratiis
1060 1927 1089 1954 et
1105 1931 1201 1967 expe-

446 1969 569 2004 ctativis
596 1977 626 2004 et
655 1968 888 2016 provisionibus
921 1981 975 2004 seu
999 1968 1067 2003 aliis
1091 1969 1201 2017 dispo—

445 2018 613 2055 sitionibus
639 2018 739 2054 dictae
765 2018 880 2060 Sedis,
912 2018 1112 2054 facultatibus
1144 2032 1200 2055 seu

447 2068 578 2105 indultis
596 2068 636 2104 de
657 2068 857 2104 conferendis
874 2068 1036 2104 benefieiis
1050 2069 1200 2105 ecclesia-

446 2126 545 2171 sticis,
564 2124 747 2161 vacantibus
774 2124 820 2159 vel
844 2125 1007 2170 vacaturis,
1035 2125 1201 2172 quibusvis

447 2180 602 2228 personis,
617 2180 850 2228 cuiuscumque
872 2187 983 2220 status,
1006 2180 1133 2226 gradus,
1149 2180 1201 2215 di-

447 2235 586 2283 gnitatis,
600 2235 720 2271 ordinis
735 2235 782 2270 vel
798 2235 988 2270 conditionis
1003 2235 1132 2280 fuerint,
1146 2244 1198 2270 aut

448 2291 557 2339 quavis
581 2291 673 2326 etiam
696 2290 848 2338 dignitate
866 2290 1037 2338 pontificali
1061 2290 1200 2337 praeful-

451 2353 555 2394 geant,
578 2345 617 2381 ab
631 2345 740 2380 cadem
763 2344 846 2380 Sede
868 2344 1105 2392 quomodolibet
1124 2357 1200 2380 eou-

449 2401 548 2437 cessis
574 2408 605 2436 et
627 2401 658 2436 in
681 2408 771 2436 antea
794 2399 1008 2436 concedendis
1030 2399 1200 2447 quomodo-

450 2456 536 2502 libet,
559 2456 672 2492 cadant
698 2468 752 2491 seu
788 2455 1118 2504 eompreliendantur3
1146 2455 1199 2491 sed

451 2513 591 2561 ipsorum
619 2511 844 2548 beneficiorum
875 2511 1021 2552 collatio,
1052 2511 1200 2558 provisio,

451 2567 662 2616 praesentatio
677 2578 733 2602 seu
749 2566 860 2602 electio
879 2575 909 2601 et
931 2565 1110 2614 dispositio,
1130 2565 1201 2600 illo-

451 2635 521 2657 rum
544 2629 729 2658 occurrente
753 2622 924 2666 vacatione,
941 2620 1119 2669 praemissis
1138 2632 1200 2655 uon

452 2677 657 2719 obstantibus.
677 2677 714 2713 ad
737 2676 864 2713 abbates
886 2684 915 2712 et
944 2677 1064 2725 priores
1079 2683 1109 2712 et
1125 2687 1201 2711 con-

1021 261 1208 284 nummum
1236 259 1305 283 ΗΘΜ
1311 259 1397 283 ANU.

1237 324 1346 350 unlus
1375 329 1420 362 pi
1412 316 1529 349 relatos
1551 314 1602 349 til„
1607 328 1646 349 te
1674 323 1702 349 ct
1721 314 1839 362 alisque
1867 315 1985 362 aliquo,

1236 367 1327 400 etiam
1346 365 1498 420 praelatae
1513 364 1616 406 Sedis,
1629 365 1861 412 praeventionis
1880 365 1986 412 impe-

1236 417 1388 455 <limenio
1412 415 1587 461 pertineant
1602 423 1632 450 et
1647 423 1802 463 spectent;
1825 427 1861 449 ac
1883 414 1987 450 bene-

1237 465 1344 500 liciis
1339 465 1415 512 ipsis
1443 465 1548 500 nullus
1570 465 1650 500 alius
1670 478 1763 512 quam
1786 465 1914 500 abbates
1931 477 1986 500 seu

1238 516 1356 563 priores
1368 523 1397 549 et
1412 516 1988 562 conventuspraedicti,quarumcum-

1238 578 1298 613 que
1321 564 1500 599 facultatum
1519 573 1549 599 et
1572 564 1764 600 indultorum
1788 566 1847 600 sibi
1870 577 1886 600 a
1904 565 1988 600 Sede

1240 616 1284 651 vel
1307 615 1416 662 legatis
1440 615 1584 662 praefatis
1597 615 1869 663 qualitercumque
1885 623 1915 650 et
1930 615 1988 650 sub

1239 665 1404 713 quibusvis
1432 665 1597 700 verborum
1632 665 1742 700 formis
1771 673 1801 700 et
1827 665 1989 705 clausulis,

1239 716 1331 751 etiam
1356 715 1627 762 derogatoriarum
1651 714 1869 762 derogatoriis,
1895 715 1989 751 etiam

1239 775 1324 801 motu
1348 765 1442 800 simili
1472 777 1694 801 concessorum
1717 773 1747 801 et
1769 764 1991 800 concedendo-

1241 829 1309 852 rum
1326 816 1432 863 vigore
1447 815 1496 851 vel
1511 823 1684 864 praetextu,
1706 815 1873 863 disponere
1893 815 1992 850 valeat

1240 865 1479 921 quoquomodo,
1493 878 1529 901 ac
1544 878 1654 901 omnes
1664 874 1694 900 et
1707 877 1764 900 sin
1758 865 1849 913 rulae
1863 866 1992 912 gratiae,

1240 916 1453 965 expectativae
1474 924 1504 951 et
1522 916 1763 962 acceptationes,
1786 915 1993 963 provisiones,

1240 967 1477 1015 dispositiones,
1505 966 1688 1000 collationes
1714 973 1745 1001 et
1771 965 1879 1000 literae
1901 964 1994 1000 Sedis

1242 1017 1419 1064 praedictae
1442 1024 1471 1051 et
1491 1016 1574 1050 illius
1597 1016 1770 1063 legatorum
1795 1015 1994 1059 huiusmodi,

1242 1067 1468 1114 lacultatesque
1482 1074 1511 1100 et
1527 1066 1646 1101 indulta
1659 1077 1754 1113 super
1775 1065 1995 1101 collationibus

1243 1117 1468 1152 beneficiorum
1496 1116 1781 1151 ceclesiasticorum
1817 1115 1993 1151 vacantium

1241 1180 1296 1202 seu
1313 1175 1531 1202 vacatur-orum
1547 1166 1724 1214 quibusvis,
1741 1166 1847 1207 etiam,
1864 1173 1897 1201 ut
1910 1177 1995 1213 prae-

1243 1218 1350 1262 fertur,
1372 1216 1558 1264 qualificatis
1581 1217 1724 1264 personis
1745 1224 1775 1252 et
1802 1228 1873 1251 cum
1903 1227 1996 1263 prae-

1241 1268 1291 1301 dic
1297 1269 1335 1303 tis
1350 1267 1500 1302 clausulis
1516 1279 1571 1313 pro
1587 1277 1728 1314 tempore
1743 1277 1906 1310 concessa,
1921 1277 1996 1312 pro-

1242 1329 1415 1364 fessusque
1446 1317 1585 1364 desuper
1613 1329 1668 1364 pro
1696 1325 1839 1364 tempore
1868 1315 1996 1371 babiti,

1241 1368 1333 1402 etiam
1359 1367 1710 1411 excommunicationis,
1730 1365 1948 1413 suspensionis
1967 1373 1997 1400 et

1243 1418 1399 1453 interdicti
1442 1417 1583 1464 aliasque
1609 1416 1838 1451 ecclesiasticas
1865 1424 1997 1451 senten-

1243 1468 1310 1513 tias,
1333 1479 1482 1503 censuras
1499 1475 1527 1501 et
1544 1478 1661 1514 poenas
1677 1467 1706 1500 in
1729 1478 1763 1501 se
1785 1465 1996 1512 continentes,

1242 1519 1342 1565 quoad
1360 1517 1522 1558 beneficia,
1545 1516 1584 1550 ad
1604 1516 1816 1557 collationem,
1841 1516 1997 1563 provisio-

1243 1581 1334 1608 nem,
1372 1566 1654 1615 praesentationem
1672 1594 1682 1610 ,
1719 1565 1906 1601 electionem
1945 1573 1998 1601 aut

1241 1618 1331 1652 aliam
1355 1617 1594 1665 dispositionem
1625 1615 1773 1651 abbatum
1802 1623 1832 1651 et
1855 1615 1995 1663 priorum

1241 1680 1277 1703 ac
1308 1676 1522 1703 conventuum
1560 1666 1790 1715 praedictorum
1824 1666 1998 1713 respective

1242 1718 1414 1765 spectantia
1429 1716 1623 1761 huiusmodi,
1639 1724 1784 1752 actotum
1795 1715 1995 1763 id,quicquid

1244 1781 1273 1802 in
1293 1768 1486 1803 contrarium
1504 1780 1518 1803 a
1535 1778 1710 1814 quoquam,
1732 1766 1842 1814 quavis
1858 1767 1997 1801 auctori-

1243 1826 1315 1859 tate,
1338 1819 1474 1853 scienter
1496 1817 1543 1853 vel
1559 1818 1747 1864 ignoranter,
1761 1816 1903 1851 attentari
1918 1828 1997 1851 eon-

1243 1868 1359 1915 tigerit,
1374 1869 1459 1904 omni
1479 1879 1609 1915 prorsus
1623 1875 1749 1902 careant
1761 1866 1918 1901 firmitate.
1932 1865 1995 1901 Sed

1243 1931 1346 1966 neque
1368 1930 1424 1966 per
1442 1928 1662 1966 quascumque
1685 1916 1912 1961 revocationes,
1928 1927 1998 1951 cas-

1242 1970 1379 2003 sationes
1405 1980 1459 2003 seu
1476 1966 1710 2002 annullationes
1722 1977 1997 2014 quarumcumque

1244 2018 1410 2060 unionum,
1424 2017 1948 2064 annexionum,incorporationum
1967 2025 1998 2052 et

1242 2069 1533 2116 appropriationum
1554 2067 1593 2103 de
1608 2067 1773 2115 quibusvis
1787 2068 1997 2113 monasteriis,

1243 2124 1431 2172 prioratibus
1447 2152 1456 2170 ,
1479 2123 1622 2159 ecclesiis
1649 2124 1714 2159 sive
1741 2123 1820 2159 locis
1841 2124 1998 2160 ecclcsia-

1242 2179 1338 2225 sticis,
1352 2192 1406 2227 per
1422 2191 1479 2214 nos
1494 2191 1549 2214 seu
1574 2191 1774 2214 successores
1790 2186 1914 2215 nostros
1927 2179 1995 2215 Ro-

1242 2246 1353 2269 manos
1381 2234 1550 2270 Pontifices
1577 2243 1631 2270 aut
1657 2246 1766 2269 corum
1789 2234 1942 2282 aliquem,
1965 2235 1995 2270 in

1242 2301 1358 2335 genere
1382 2289 1428 2325 vel
1453 2289 1484 2324 in
1507 2289 1632 2337 speeie,
1653 2288 1712 2324 sub
1735 2289 1899 2337 quibusvis
1924 2302 1995 2326 ver-

1242 2343 1352 2379 borum
1369 2343 1478 2379 formis
1496 2344 1542 2379 vel
1565 2344 1824 2391 expressionibus
1838 2344 1876 2380 dc
1891 2353 1995 2380 cetero

1244 2398 1346 2434 forsan
1366 2399 1533 2444 faciendis,
1556 2399 1679 2435 nullum
1699 2400 1800 2436 dictae
1822 2413 1996 2449 congrega-

1243 2455 1442 2503 tioni,super
1465 2455 1647 2501 unionibus,
1671 2455 1994 2503 incorporationibus‚

1242 2510 1551 2558 appropriationibus
1578 2517 1609 2545 et
1636 2510 1892 2545 innovationibus
1913 2524 1992 2559 quo-

1244 2577 1452 2613 rumcumque
1476 2565 1753 2610 monasteriorum,
1775 2564 1994 2607 ecclesiarum,

1244 2621 1436 2666 prioratuum
1460 2629 1513 2655 aut
1534 2620 1665 2656 aliorum
1690 2620 1917 2656 beneficiorum
1939 2633 1992 2657 ec-

1243 2675 1506 2723 clesiasticorum,
1531 2688 1584 2725 per
1606 2688 1663 2712 nos
1684 2684 1714 2712 et
1735 2675 1851 2712 Sedem
1867 2675 1992 2726 praedi-

2001 260 2050 286 An.
2069 258 2098 286 C.
2118 258 2184 286 ¹512
