2281 3251
52 323 100 353 Αη.
117 322 228 352 Ο.1519

75 580 100 601 Et
114 585 169 601 nune
180 595 185 605 ,
207 579 231 599 ad

49 612 170 633 instantium
184 615 234 631 con-

50 641 101 663 sutis
114 642 182 663 dictae
193 647 233 661 na-

50 673 126 699 tionis,

65 1173 110 1196 Non
122 1174 235 1195 restituen—

53 1209 86 1227 tes
137 1205 237 1232 pecunias

51 1240 91 1257 etc.
100 1237 193 1257 eiusdem
203 1241 238 1255 na-

51 1268 115 1288 tionis
150 1272 238 1288 excom·-

51 1300 156 1323 municat;

928 321 990 345 LEO
1012 322 1033 344 Χ
1057 321 1104 344 ΡΡ.

245 377 416 414 archivium
451 376 532 412 ferre
566 388 620 411 seu
649 385 773 423 portare
800 383 993 416 tenerentur,

247 428 456 471 decernimus,
481 434 573 474 prout
600 427 630 461 in
655 426 772 461 eisdem
802 426 899 461 literis
926 426 994 473 ple-

247 490 319 512 nius
346 485 538 513 continetur.

295 527 315 574 g
342 529 373 561 5.
398 526 480 561 Cum
504 533 610 560 autem
634 526 723 569 (sicut
745 525 885 560 exliiliita
904 525 994 558 nobis

248 575 887 623 nuperpropartedilectililiiBernardide
899 574 994 613 Binis,

247 625 390 661 moderni
420 626 570 665 consulis,
587 625 695 671 petitio
714 624 904 668 continebat)
921 636 996 657 non-

247 675 323 710 nulli
346 674 521 710 Florentini
550 683 756 717 mercatores,
779 674 915 708 bancarii
943 680 995 707 aut

248 724 417 759 fondacarii
447 724 615 759 nonnullas
638 725 842 771 pecuniarum
856 734 996 757 summas

247 775 284 808 ad
310 775 428 809 dictum
463 774 661 809 consulatum
690 780 886 820 spectantes,
917 783 996 818 quas

248 824 287 858 de
314 823 425 858 eodem
448 823 612 858 consulatu
637 823 832 866 babuerunt,
855 821 997 865 latitent,

249 873 380 919 illasque
422 873 583 908 detineant
625 872 761 906 indebite
803 879 970 916 occupatas
989 896 997 912 ,

248 934 343 969 quare
373 934 429 969 pro
452 930 538 969 parte
560 922 702 957 eiusdem
728 920 881 955 Bernardi
907 919 998 954 nobis

249 971 305 1005 fuit
327 971 489 1005 humiliter
507 971 720 1018 supplicatum
738 969 842 1004 utsibi
865 981 901 1003 ac
927 980 998 1003 con-

249 1021 364 1055 sulatui
391 1020 574 1055 huiusmodi
609 1021 640 1054 in
673 1021 731 1055 hoc
758 1018 926 1066 providere
960 1017 999 1051 de

251 1070 446 1116 benignitate
474 1069 644 1117 apostolica
667 1070 880 1115 dignaremur.

299 1119 318 1166 S
341 1121 372 1153 6.
401 1119 466 1154 Nos
482 1120 586 1165 igitur,
606 1119 770 1166 cupientes
794 1116 998 1164 pecuniarum

251 1181 391 1203 summas
410 1168 591 1203 huiusmodi
613 1167 749 1215 praefato
764 1165 942 1201 consulatui
957 1176 1002 1198 re-

251 1218 350 1262 stitui,
378 1218 546 1264 ipsumque
572 1217 784 1259 Bernardum,
806 1216 873 1262 qui,
893 1221 924 1249 nt
945 1225 1001 1248 as-

252 1267 339 1311 serit,
361 1267 465 1302 dilecti
490 1267 542 1300 tilii
566 1266 705 1312 magistri
727 1266 887 1312 Baptistae
909 1263 1000 1297 etiam

253 1316 292 1351 de
318 1316 429 1360 Binis,
453 1316 563 1350 notarii
601 1315 725 1359 nostri,
748 1322 777 1349 et
804 1327 860 1361 pro
887 1313 1003 1348 dilecto

253 1366 318 1400 tilio
351 1373 458 1399 nostro
486 1365 579 1408 Iulio,
602 1365 682 1398 tituli
707 1372 887 1398 sanctorum
911 1362 1003 1396 Lau-

253 1414 342 1449 rentii
361 1422 391 1448 et
413 1414 540 1449 Damasi
558 1414 739 1461 presbytero
755 1412 920 1451 cardinali,
937 1423 1004 1445 san-

253 1472 320 1499 etae
347 1463 510 1498 Romanae
538 1463 698 1498 Ecclesiae
734 1462 1005 1504 vicecancellario,

254 1514 282 1548 in
320 1512 515 1548 Cancellaria
538 1512 720 1560 Apostolica
750 1510 1004 1551 locumtenentis,

253 1563 376 1609 genitor
399 1563 518 1602 existit,
546 1574 562 1596 11
595 1562 757 1609 quibusvis
784 1560 1004 1596 exeommuni-

253 1612 408 1655 cationis,
436 1611 656 1658 suspensionis
679 1619 709 1646 et
737 1610 895 1645 interdicti
919 1610 1008 1643 aliis-

254 1674 316 1709 que
344 1661 567 1696 ecclesiasticis
597 1661 785 1705 sententiis,
812 1660 956 1695 censuris
979 1667 1008 1694 et

256 1712 367 1758 poenis
393 1724 409 1746 a
434 1711 501 1745 iure
529 1710 575 1745 vel
599 1711 638 1744 ab
660 1710 800 1753 bomine,
823 1710 933 1756 quavis
955 1721 1008 1744 oc-

255 1762 382 1796 casione
417 1761 463 1796 rel
498 1772 592 1795 causa
621 1760 709 1799 latis,
732 1760 756 1794 si
785 1760 900 1806 quibus
927 1771 1010 1806 quo-

257 1810 430 1845 modolibet
463 1810 632 1844 innodatus
653 1810 780 1853 existit,
803 1809 841 1843 ad
864 1808 1008 1843 effectum

260 1860 473 1907 praesentium
491 1859 653 1893 dumtaxat
673 1858 946 1905 consequendum,
963 1858 1011 1891 lia-

260 1922 327 1944 rum
365 1910 445 1944 serie
468 1909 678 1952 absolventes,
699 1917 727 1942 et
745 1908 921 1942 absolutum
948 1908 1011 1941 lore

259 1967 436 2003 censentes,
460 1958 646 1993 huiusmodi
670 1957 1014 2004 supplicationibusin-

259 2009 391 2049 clinati,
422 2021 532 2042 omnes
567 2016 596 2042 et
631 2008 773 2054 singulos
812 2006 1013 2040 Florentinos

259 2067 471 2101 mercatores,
504 2057 668 2092 banearios
702 2065 755 2091 aut
795 2055 1012 2095 subducat-ios,

260 2107 313 2154 qui
335 2107 489 2142 hactenns
520 2107 691 2154 quidquam
725 2106 764 2140 de
801 2106 944 2152 pecuniis
976 2104 1011 2138 ad

261 2161 380 2195 dietum
405 2160 603 2195 consulatum
636 2159 866 2206 pertinentibus
890 2159 919 2192 in
944 2172 1012 2192 nia-

262 2214 358 2249 nibus
377 2214 557 2258 habuerint,
573 2222 602 2248 et
625 2214 663 2248 de
693 2214 753 2248 illis
775 2213 905 2247 minime
921 2213 1016 2246 satis-

263 2268 413 2313 fecerint,
441 2278 493 2304 ant
517 2269 668 2303 rationem
695 2275 927 2314 competentem
953 2280 1012 2301 non

264 2323 469 2368 reddiderint,
492 2332 521 2358 et
544 2335 578 2358 ea
601 2322 753 2361 detinent,
773 2321 879 2355 sende
894 2321 1014 2355 eisdem

264 2378 457 2423 satisfacere,
471 2387 501 2413 et
515 2385 747 2424 competentem
772 2376 925 2410 rationem
945 2376 1016 2409 red—

265 2433 339 2467 dere
366 2432 531 2479 negligunt
557 2444 610 2466 sen
641 2438 810 2470 recusant,
834 2442 1017 2464 excommu-

268 2488 433 2522 nicationis
455 2487 609 2521 sententia
639 2489 664 2528 (a
692 2497 766 2531 qua,
795 2484 896 2518 donec
925 2485 1017 2517 satis-

269 2541 397 2576 fecerint
417 2553 472 2575 seu
503 2548 733 2586 competentem
763 2538 915 2573 rationem
946 2537 1019 2571 red—

268 2595 416 2636 diderint,
437 2594 559 2629 nonnisi
583 2606 598 2628 a
620 2593 766 2628 Romano
786 2592 940 2626 Pontilice
964 2603 1018 2638 pro

270 2657 409 2696 tempore
431 2649 597 2689 existente,
621 2655 836 2694 praeterquam
862 2645 891 2679 in
910 2645 1019 2679 mortis

269 2702 399 2739 articulo
420 2702 593 2747 constituti,
611 2700 817 2735 absolutionis
830 2698 1018 2734 beneficium

1671 309 1732 342 751

1037 382 1196 422 nequeant
1216 374 1381 418 obtinere),
1402 373 1587 409 auctoritate
1605 373 1789 420 apostolica,

1037 426 1148 460 harum
1172 425 1252 459 serie
1276 425 1489 464 innodamus,
1513 435 1548 458 ac
1571 423 1737 458 innodatos
1760 431 1790 457 et

1038 475 1372 509 excommunicationis
1395 473 1582 508 sententiam
1607 472 1788 507 huiusmodi

1039 525 1208 559 incurrisse
1231 524 1432 558 decernimus
1455 531 1484 557 et
1507 523 1714 557 declaramus.

1087 578 1101 617 g
1125 576 1156 607 7.
1181 574 1221 608 Et
1245 574 1453 608 nibilominus
1472 571 1670 607 Beruardum
1688 580 1717 605 et
1735 582 1790 617 pro
1805 582 1905 603 nomines
1921 584 1990 603 dietae

1039 632 1180 670 tempore
1216 623 1399 657 existentem
1439 621 1601 656 consulem
1618 649 1627 665 ,
1667 632 1788 655 necnon
1805 615 1993 665 ζᾞζᾟξῢῑζῑζζζξζ

1039 672 1237 707 consiliarios
1257 672 1411 719 praefatos
1432 672 1613 717 dictamque
1631 670 1789 705 nationem
1806 677 1843 696 dos
1859 676 1990 711 9⁰⁸P¹¹¹⁰⁴¹⁰

1040 722 1250 756 Florentinum
1286 721 1479 768 peramplius
1507 720 1625 755 bonore
1660 728 1690 754 et
1716 731 1792 766 spe·
1806 706 1990 729 ²¹³¹²²¹¹¹²⁰¹u¹²⁰¹³

1040 771 1129 806 cialis
1155 771 1272 818 gratiae
1309 771 1411 805 favore
1446 770 1593 817 prosequi
1628 769 1768 803 volentes
1783 795 1792 813 ,

1040 820 1207 855 statuimus
1223 828 1253 854 et
1268 820 1451 854 ordinamus
1468 819 1552 867 quod
1572 819 1676 853 nullus
1692 818 1793 852 dictae

1041 870 1188 914 nationis,
1215 870 1245 903 in
1274 869 1354 904 dieta
1384 869 1478 903 Curia
1507 881 1563 916 pro
1591 879 1793 915 quocumque

1041 919 1171 954 crimine
1194 926 1246 953 aut
1274 918 1390 954 delicto
1413 926 1524 965 captus
1556 926 1585 952 et
1612 916 1793 951 carceribus

1806 319 1855 345 Αη,
1873 319 1901 345 C.
1923 317 1987 346 tst‘.)

1041 969 1257 1014 mancipatus,
1286 968 1412 1002 nonnisi
1446 974 1611 1014 praesente
1635 966 1794 1013 praedicto

1042 1017 1173 1052 consule
1199 1029 1234 1051 ac
1264 1029 1326 1051 uno
1352 1029 1389 1051 ex
1426 1016 1614 1051 consiliariis
1649 1014 1794 1061 praefatis

1042 1076 1094 1102 aut
1116 1066 1222 1113 aliquo
1237 1066 1275 1100 ab
1297 1067 1343 1100 eis
1363 1078 1418 1112 pro
1434 1074 1573 1112 tempore
1596 1064 1795 1108 transmisso,

1042 1116 1214 1151 examinari
1241 1115 1350 1149 valeat.
1373 1115 1532 1161 Quodque
1554 1115 1646 1149 etiam
1670 1113 1794 1156 nullus,

1043 1166 1182 1200 cuiusvis
1205 1165 1357 1204 nationis,
1380 1166 1409 1198 in
1433 1164 1528 1198 domo
1552 1176 1607 1198 seu
1644 1163 1795 1197 societate

1044 1216 1118 1249 dicti
1142 1214 1294 1255 consulis,
1317 1213 1483 1248 occasione
1502 1213 1552 1247 vel
1580 1224 1672 1247 causa
1685 1211 1794 1250 debiti,

1045 1264 1109 1299 sive
1148 1264 1266 1298 ratione
1282 1263 1422 1297 cuiusvis
1438 1262 1578 1297 criminis
1594 1261 1640 1295 vel
1657 1261 1731 1295 dicti
1752 1263 1797 1304 (t)

1046 1318 1120 1358 (non
1149 1321 1253 1347 tamen
1277 1313 1377 1347 laesae
1393 1311 1575 1355 maiestatis)
1604 1311 1672 1356 capi
1689 1310 1797 1357 possit.

1095 1367 1110 1406 ἓ
1133 1364 1165 1397 8.
1200 1362 1240 1396 Et
1268 1362 1407 1407 insuper,
1436 1360 1555 1395 eisdem
1578 1359 1741 1395 Bernardo
1764 1370 1799 1393 ac
1814 1385 1930 1406 Consum,
1945 1390 1999 1404 mn,

1048 1424 1103 1458 pro
1133 1421 1274 1458 tempore
1307 1411 1453 1445 existenti
1487 1410 1609 1444 consuli
1639 1417 1669 1443 et
1695 1408 1900 1443 consi-sinatus
1930 1421 1999 1450 firmo—

1048 1461 1156 1501 liariiS,
1171 1470 1278 1507 nt,pro
1294 1460 1478 1494 defensione
1501 1470 1706 1506 personarum
1727 1470 1800 1492 sua-
1815 1447 1998 1506 {ffm‘iffsss‘JOENm

1050 1523 1129 1554 rum,
1153 1511 1210 1556 ipsi
1239 1518 1268 1544 et
1296 1522 1404 1544 eornm
1425 1509 1569 1555 quilibet,
1588 1520 1659 1543 cum
1676 1507 1802 1542 dnobus

1049 1572 1159 1595 eorum
1187 1560 1391 1594 servitoribus
1421 1567 1451 1592 et
1482 1558 1622 1597 famutis2
1645 1569 1681 1591 ac
1703 1557 1803 1591 servi-

1051 1617 1144 1649 tores,
1174 1608 1282 1643 famuli
1306 1617 1335 1643 et
1358 1619 1511 1655 personae
1533 1606 1716 1642 consulatus
1738 1606 1801 1639 1111-

1051 1659 1184 1693 iusmodi
1205 1670 1239 1692 ae
1253 1670 1362 1692 eorum
1380 1657 1522 1704 quilibet,
1545 1657 1594 1691 die
1630 1663 1802 1701 noctuque,

1051 1708 1170 1755 absque
1191 1709 1322 1742 alterius
1344 1708 1590 1754 gubernatorum
1612 1705 1712 1740 almae
1741 1703 1805 1739 Ur-

1053 1758 1100 1792 bis
1139 1766 1263 1792 nostrae
1306 1766 1358 1792 aut
1396 1756 1531 1791 bai-iselli
1576 1768 1630 1790 seu
1666 1753 1803 1789 Romani

1053 1807 1217 1842 Pontificis
1240 1820 1294 1853 pro
1318 1816 1458 1853 tempore
1477 1805 1641 1839 existentis
1668 1804 1804 1847 licentia,

1053 1869 1137 1891 arma
1162 1856 1320 1891 defensiva
1349 1866 1377 1891 et
1401 1855 1550 1889 offensira
1579 1853 1716 1888 deferre.

1102 1906 1122 1953 g
1144 1910 1177 1940 9.
1206 1906 1323 1952 Acipsi
1338 1905 1485 1939 consules
1502 1903 1728 1945 eteousiliarii,
1748 1913 1804 1949 pro
1859 1925 2003 1953 carceresque

1055 1955 1211 2002 fugiendis
1233 1956 1394 2002 expensis,
1417 1967 1494 2001 quas
1514 1953 1554 1987 ol)
1578 1965 1731 1999 pauperes
1756 1952 1804 1984 in—
1819 1961 2005 1999 con-§quereres-

1055 2013 1231 2039 carceratos
1259 2005 1364 2039 subire
1387 2014 1432 2038 est
1461 2016 1604 2045 necesse,
1633 2013 1730 2048 prope,
1758 2001 1805 2035 lo·
1820 1995 1842 2010 ξε
1857 1989 1964 2014 ω““1’“”’“’

1055 2067 1125 2088 cum
1148 2054 1222 2088 dicti
1245 2054 1426 2088 consulatus
1443 2081 1451 2092 ,
1474 2064 1615 2086 carceres
1641 2051 1781 2097 publicos
1797 2076 1805 2090 ,

1057 2104 1085 2137 in
1114 2104 1231 2150 quibus
1265 2116 1372 2137 eoruin
1402 2102 1535 2140 subditi,
1566 2114 1620 2147 pro
1643 2099 1750 2133 debito
1777 2107 1807 2133 et

1057 2153 1242 2187 criminibus
1264 2153 1433 2199 quibusvis
1455 2152 1500 2185 eis
1519 2152 1610 2188 notis,
1634 2148 1808 2194 mancipari

1058 2203 1202 2246 valeant,
1229 2212 1412 2236 construere
1441 2209 1470 2234 et
1499 2200 1615 2233 liabere
1644 2198 1741 2232 libere
1778 2206 1808 2231 et

1059 2253 1142 2286 licite
1161 2252 1295 2291 valeant,
1318 2252 1400 2284 dicta
1423 2249 1608 2283 auctoritate
1624 2247 1807 2294 apostolica,

1059 2311 1166 2336 tenore
1189 2301 1415 2347 praesentium,
1440 2300 1600 2333 liet-utam
1625 2307 1654 2332 ct
1677 2296 1809 2331 fuculta-

1060 2360 1121 2385 tem
1145 2351 1363 2384 concedimus.

1108 2405 1123 2443 3'
1151 2402 1202 2434 10.
1227 2400 1394 2440 Quocirca,
1414 2397 1645 2431 venerabilibus
1661 2394 1809 2429 fratribus
1823 2407 1953 2429 executores
1969 2407 2009 2428 hn-

1061 2451 1175 2483 nostris
1194 2448 1367 2483 Casei-nno
1382 2457 1409 2481 et
1425 2447 1618 2482 Salutiarum
1639 2446 1808 2492 episcopis,
1825 2440 1946 2498 mapalia-o
1971 2439 2010 2459 ‘st‘

1061 2512 1095 2533 ae
1117 2499 1230 2533 dilecto
1260 2499 1321 2531 lilio
1355 2498 1530 2544 praeposito
1559 2496 1710 2530 ecelesiae
1736 2493 1811 2527 Flo-
1892 2486 1897 2496 ¹

1063 2550 1192 2591 rentiae,
1216 2560 1270 2593 per
1291 2548 1461 2592 apostolica
1484 2545 1598 2592 scripta
1623 2543 1812 2579 mandamus

1063 2609 1218 2645 quatenus
1246 2597 1303 2643 ipsi
1334 2597 1379 2630 vel
1407 2597 1470 2630 dno
1501 2604 1554 2629 aut
1578 2606 1661 2629 nnus
1688 2606 1811 2634 eorum,

1065 2661 1117 2694 per
1139 2660 1172 2682 se
1200 2646 1246 2680 vel
1268 2647 1364 2679 alium
1393 2658 1446 2679 seu
1475 2645 1564 2684 alios,
1586 2642 1813 2690 piaesentesli-

1098 2710 1136 2746 (1)
1157 2709 1306 2744 Legendum
1323 2712 1447 2743 putamus
1464 2709 1551 2733 ‹telicti'
1567 2706 1605 2742 (u.
1623 2706 1672 2742 T.).
