2281 3251
217 290 249 314 λυ
276 288 302 313 Γ.
326 288 392 314 Πιδῧ

226 551 294 571 tetii·
304 558 350 571 eum
362 552 394 571 i-u

211 584 269 603 itam
285 583 394 602 rub-bua-

212 619 248 636 ιιυ,
264 618 373 634 euritii-tos

463 278 528 311 128

410 344 529 378 ximum
578 344 765 378 christianae
818 344 886 378 fidei
929 342 1160 390 vilipendium,

408 394 584 428 animarum
605 406 731 442 quoque
754 393 892 428 fidelium
917 392 1089 439 periculum
1113 405 1160 439 pa-

409 443 484 478 riter
505 452 536 478 et
559 444 720 478 iacturam.

458 493 478 540 g
499 497 532 528 5.
554 492 630 532 Nos,
654 502 686 527 ut
711 493 832 536 iudaei,
855 491 992 527 saraceni
1010 491 1160 538 praedicti

410 555 444 577 ac
468 543 594 578 illorum
619 543 786 578 fautores
781 543 867 589 impii
891 542 1067 597 cmliristiani,
1087 553 1162 588 poe-

412 604 522 627 narum
546 592 804 640 impositionibus
839 592 957 634 territi,
995 599 1162 625 xereannn·

412 644 442 677 ln
471 651 561 677 fllllea
585 643 613 676 ln
638 655 747 678 Porum
774 642 963 688 '‘Ol'lllllOSOS
985 653 1083 675 ausus
1112 653 1163 675 ΓΟ-

412 692 491 736 labi,
517 701 546 727 et
575 692 807 736 cliristilidcles,
824 692 852 726 in
880 704 935 726 sua
961 692 1164 738 persistentes

412 742 560 777 lidelitate
583 751 775 786 constanter,
800 754 860 776 non
885 740 1021 776 babeant
1038 749 1164 789 propter

413 793 535 826 illorum
564 792 742 826 claudicare
776 791 950 838 perfidiam,
990 790 1163 833 remediis,

411 841 528 888 quibus
551 853 731 886 possumus,
756 849 847 888 prout
867 853 903 875 ex
928 840 1035 876 debito
1059 849 1164 886 pasto-

412 891 484 926 ralis
499 890 591 925 officii
608 899 765 934 tenemur,
781 903 964 938 praecavere
984 891 1164 938 cupientes,

411 940 447 974 ad
476 940 672 975 orthodoxae
705 941 776 975 [idei
813 940 1105 976 corroborationem
1133 949 1163 974 et

412 989 647 1029 exaltationem,
671 991 846 1037 praesentis
884 998 1035 1037 perpetuo
1081 990 1163 1025 vali-

413 1049 500 1075 turae
530 1049 560 1074 et
584 1040 839 1087 irrefragabiliter
857 1040 1073 1075 observandae
1092 1053 1163 1075 con-

413 1090 586 1125 stitutionis
619 1090 742 1135 edicto,
769 1090 957 1125 auctoritate
981 1090 1165 1137 apostolica,

414 1140 518 1174 omnia
555 1149 584 1174 ct
607 1140 729 1186 singula
752 1141 895 1179 ‹le-creta,
923 1140 1165 1174 constitutiones

414 1198 443 1223 et
465 1189 640 1225 decretales
663 1191 811 1238 epistolas
835 1189 1004 1236 praedicta,
1026 1202 1164 1237 quorum

413 1240 556 1274 omnium
592 1248 717 1274 tenores
758 1241 796 1274 de
833 1240 925 1274 verbo
961 1241 997 1274 ad
1035 1239 1164 1274 verbum

415 1289 635 1345 praesentibus
671 1290 776 1324 baberi
801 1290 947 1325 volumus
982 1302 1038 1337 pro
1067 1290 1167 1324 inser-

415 1340 465 1379 tis,
489 1340 688 1380 innovamns;
700 1352 834 1374 necnon
857 1340 1032 1380 sancimus,
1053 1339 1167 1374 statui-

415 1402 486 1424 mus
513 1398 542 1424 ct
570 1390 754 1425 ordinamus
792 1391 875 1436 quod
913 1389 1063 1437 deinceps
1094 1401 1167 1436 per-

416 1439 519 1485 pituis
543 1439 657 1473 suturis
679 1439 876 1486 temporibus
899 1439 1063 1474 christiani
1093 1451 1166 1474 cum

415 1488 535 1523 iudaeis
558 1499 588 1524 et
604 1490 763 1524 saiacenis
785 1489 951 1524 comedere
973 1498 1025 1523 aut
1048 1488 1167 1532 bibere,

415 1551 468 1573 seu
499 1539 584 1586 ipsos
606 1539 643 1574 ad
673 1539 814 1573 convivia
841 1539 1007 1574 admittere
1042 1538 1087 1573 vel
1122 1539 1168 1572 eis

415 1588 607 1633 cohabitare,
642 1597 692 1623 aut
721 1601 793 1624 cnm
823 1590 900 1636 ipsis
935 1588 1091 1628 balneari,
1120 1587 1166 1622 vel

415 1641 453 1676 ab
479 1643 525 1678 eis
548 1644 579 1678 in
603 1655 710 1678 eorum
735 1642 974 1678 infirmitatibus
996 1651 1050 1677 aut
1077 1642 1169 1677 debi-

416 1697 511 1738 litate,
539 1709 592 1733 seu
617 1697 678 1733 alio
700 1709 903 1746 quocumque
932 1705 1074 1745 tempore
1101 1710 1169 1732 me-

415 1751 550 1786 dicinam
586 1751 632 1787 vel
669 1752 833 1800 potiones,
861 1764 916 1786 seu
947 1752 1110 1787 vulnerum
1139 1761 1169 1788 et

415 1805 597 1841 cicatricum
621 1807 831 1849 curationem,
853 1807 918 1840 sive
941 1806 1066 1854 aliquod
1101 1819 1170 1842 me—

416 1859 552 1894 dicabile
575 1872 677 1907 genus
704 1861 843 1908 recipere
866 1873 928 1895 non
952 1860 1107 1901 debeant,
1134 1874 1170 1897 ac

416 1913 577 1955 christiani
607 1927 668 1950 non
707 1915 888 1963 permittant
917 1914 1048 1950 iudaeos
1075 1924 1105 1950 et
1123 1929 1170 1951 sa-

418 1980 549 2003 racenos
590 1978 697 2004 contra
737 1968 927 2004 christianos
963 1969 1170 2016 dignitatibus

416 2022 633 2058 saecularibus
668 2023 807 2071 praefici,
831 2023 877 2058 rel
907 2023 1008 2058 ollicia
1044 2023 1169 2071 publiea

417 2089 578 2112 exercere.

465 2130 486 2178 ἓ
515 2133 548 2165 Ιι.
577 2131 681 2166 ludaei
718 2143 845 2180 quoque
875 2139 903 2166 ct
937 2131 1077 2166 saraceni
1107 2143 1169 2166 non

234 2193 256 2214 Et
281 2194 321 2214 ¹·
347 2199 402 2214 non
414 2186 539 2232 possint
579 2198 648 2221 esse
683 2186 925 2226 arrendatores,
960 2184 1171 2227 collectores,

418 2241 627 2277 conductores
657 2254 710 2277 sen
736 2241 889 2276 locatores
916 2240 1090 2284 fructuum,
1114 2239 1172 2275 bo-

420 2308 533 2330 norum
563 2297 608 2331 vel
633 2309 735 2331 rerum
759 2296 1017 2339 christianorum,
1036 2307 1090 2330 sen
1116 2307 1172 2329 eo-

419 2363 487 2385 rum
515 2358 769 2398 computatores,
805 2358 1037 2398 procuratorcS,
1071 2361 1171 2388 oeco-

420 2405 525 2449 nomi,
560 2405 757 2451 ncgotiorum
790 2413 948 2451 gestures,
988 2403 1171 2449 negotiato-

420 2472 480 2504 res,
495 2460 697 2505 mediatores,
718 2469 909 2507 proxenetae,
929 2458 1172 2494 concordatores

419 2514 614 2561 sponsalium
653 2515 699 2548 vel
738 2515 1012 2549 matrimoniorum
1057 2521 1172 2548 tracta-

423 2577 524 2613 tores,
550 2568 748 2608 obstetrices,
782 2580 837 2603 seu
867 2569 896 2603 in
931 2567 1080 2603 domibus
1119 2575 1173 2602 aut

423 2623 513 2658 bonis
541 2623 785 2658 christianornm
819 2622 946 2670 aliquod
971 2635 1052 2670 opus
1082 2635 1174 2657 exer-

422 2690 506 2725 cere,
530 2678 575 2713 vel
598 2690 669 2713 enm
687 2677 869 2712 christianis
887 2678 1082 2719 societatem,
1105 2676 1173 2711 offi-

990 288 1175 311 ttt'tJAtttt'xt
1206 275 1365 310 nousxsn

1203 342 1285 377 cium
1322 351 1373 377 aut
1408 342 1732 381 administrationem,
1767 342 1812 377 vel
1851 342 1954 389 aliqua

1203 393 1441 431 communione,
1459 392 1503 427 vel
1519 400 1584 426 arte
1599 404 1655 427 seu
1675 391 1807 427 artificio
1826 392 1955 431 babere.

1203 454 1238 476 ac
1261 442 1367 477 nullus
1393 442 1585 477 christianus
1608 441 1741 480 iudaeis,
1765 442 1810 476 vel
1843 454 1954 477 eorum

1204 493 1438 538 congregationi
1455 505 1509 527 seu
1533 491 1705 530 saracenis,
1720 493 1750 525 in
1768 500 1956 527 testamento

1204 550 1254 575 aut
1291 542 1397 576 ultima
1434 543 1606 585 voluntate,
1633 541 1753 589 aliquid
1778 542 1957 590 relinquere

1207 591 1304 637 possit
1329 592 1374 626 vel
1404 592 1518 639 legare.

1253 640 1273 687 S
1308 643 1341 675 5.
1378 641 1482 677 ludaei
1520 653 1647 689 qnoque
1686 653 1862 690 synagogas
1895 641 1960 677 eri-

1205 703 1292 737 gere.
1317 700 1369 725 aut
1403 693 1542 726 construi
1567 691 1667 727 sarcre
1696 703 1759 726 non
1796 691 1933 727 audeant
1951 719 1959 734 ,

1206 740 1260 775 sed
1289 742 1434 788 antiquas
1466 741 1640 781 duintaxat,
1669 753 1730 776 non
1760 750 1863 776 tamen
1888 754 1960 777 am-

1207 790 1322 837 pliores
1363 803 1418 825 seu
1464 792 1668 838 pretiosiores
1709 791 1801 825 solito
1829 791 1960 826 relicere

1208 840 1346 882 valeant,
1379 849 1408 875 et
1433 841 1461 874 in
1486 841 1761 875 Lamentationum
1785 852 1821 875 ac
1845 840 1959 876 Domi-

1208 890 1295 925 nicae
1323 890 1484 925 Passionis
1505 890 1630 930 diebus,
1653 902 1707 938 per
1743 890 1809 925 loca
1833 890 1959 938 publica

1207 952 1260 974 seu
1291 940 1415 987 publice.
1439 953 1500 974 non
1524 947 1682 975 transeant
1712 939 1757 974 vel
1787 939 1934 975 incedant
1952 967 1960 980 ,

1209 1002 1265 1024 nec
1299 990 1377 1025 ostia
1407 991 1454 1024 vel
1482 990 1635 1025 fenestras
1664 998 1790 1025 teneant
1824 998 1961 1037 apertas,

1207 1048 1236 1073 ct
1264 1039 1322 1087 ipsi
1352 1039 1452 1075 iudaei
1482 1052 1516 1074 ac
1539 1040 1679 1074 saraceni
1703 1038 1740 1073 ad
1770 1039 1959 1074 solvendum

1207 1101 1426 1137 quascumque
1450 1090 1488 1124 de
1507 1089 1673 1136 quibusvis
1701 1088 1796 1124 rebus
1817 1097 1849 1124 et
1871 1089 1962 1124 bonis

1207 1139 1345 1174 decimas
1372 1140 1502 1185 astringi
1538 1148 1567 1174 et
1595 1138 1760 1187 compelli,
1791 1150 1826 1174 ac
1854 1147 1960 1174 eontra

1207 1201 1272 1233 eos,
1290 1190 1319 1223 in
1337 1190 1501 1236 quibusvis
1521 1189 1658 1234 casibus,
1680 1188 1842 1224 cbristiani
1867 1197 1962 1224 testes

1208 1250 1277 1273 esse
1306 1239 1444 1286 possint,
1472 1248 1502 1274 et
1526 1239 1716 1274 iudaeorum
1741 1246 1772 1272 et
1794 1250 1963 1274 saraceno-

1210 1301 1278 1323 rum
1308 1298 1415 1324 contra
1439 1289 1627 1324 christianos
1650 1289 1680 1323 in
1705 1287 1793 1322 nullo
1815 1300 1890 1323 casu
1915 1296 1962 1323 te-

1209 1338 1391 1373 stimoninm
1433 1339 1552 1379 valeat,
1588 1348 1617 1373 et
1653 1338 1736 1386 apud
1772 1338 1963 1373 christianos

1211 1388 1332 1423 iudices
1355 1401 1410 1436 pro
1438 1389 1484 1423 eis
1505 1388 1683 1436 specialiter
1704 1387 1885 1434 deputatOS,
1906 1399 1963 1422 nec

1209 1450 1340 1472 suorum
1374 1439 1516 1473 seniores
1550 1438 1652 1473 iudaei
1691 1446 1721 1472 et
1744 1438 1898 1478 saraceni,
1932 1437 1962 1471 in

1209 1488 1466 1536 quibuscumque
1504 1488 1619 1532 causis,
1655 1496 1746 1534 agant
1775 1496 1803 1522 et
1839 1499 1963 1534 conve—

1212 1545 1348 1572 utantur.

1259 1587 1279 1634 ξ
1306 1589 1338 1621 6.
1368 1587 1432 1621 Nec
1465 1588 1586 1635 possint
1620 1587 1723 1622 iudaei
1758 1595 1788 1622 et
1822 1587 1963 1623 saraceni

1212 1642 1364 1676 nutricem
1403 1642 1447 1677 vel
1477 1641 1662 1677 familiarem
1697 1651 1750 1677 aut
1778 1642 1961 1677 servitorem

1213 1697 1377 1744 utriusque
1399 1709 1493 1732 sexus
1509 1697 1713 1732 christianum
1739 1697 1768 1731 in
1797 1695 1892 1732 domo
1917 1705 1964 1732 te-

1213 1764 1297 1795 nere,
1331 1763 1389 1786 nec
1422 1752 1514 1787 etiam
1543 1751 1718 1792 christiani,
1742 1752 1771 1786 in
1799 1751 1964 1792 sabbatis,

1211 1818 1265 1841 seu
1289 1806 1472 1841 iudaeorum
1492 1806 1728 1847 festivitatibus,
1745 1805 1868 1840 iudaeis
1885 1805 1965 1853 ipsis

1213 1861 1314 1907 ignem
1343 1861 1528 1904 accendere,
1551 1861 1595 1896 vel
1621 1861 1726 1896 cibum
1754 1869 1808 1895 aut
1838 1871 1964 1908 panem,

1212 1927 1266 1948 seu
1302 1914 1528 1961 quodcumque
1555 1927 1635 1962 opus
1662 1915 1774 1949 servile,
1801 1913 1838 1948 ad
1867 1913 1964 1948 deco-

1213 1981 1278 2003 rem
1294 1969 1397 2004 cnltus
1409 1978 1439 2003 et
1459 1969 1658 2004 festivitatum
1674 1968 1858 2003 eorumdem
1883 1979 1964 2015 quo-

1214 2022 1388 2058 modolibet
1413 2023 1597 2063 exhibeant,
1632 2023 1678 2057 vel
1714 2022 1878 2058 servitium
1911 2029 1963 2056 aut

1213 2077 1398 2124 obsequium
1427 2077 1553 2124 aliquod
1578 2085 1735 2124 praestent
1767 2076 1814 2111 vel
1840 2076 1967 2123 impen-

1213 2130 1298 2166 dant.

1262 2185 1282 2232 ἓ
1306 2186 1337 2218 7.
1361 2184 1545 2219 Saeculares
1572 2196 1699 2232 qnoque
1734 2184 1854 2219 iudices
1879 2182 1964 2218 cbri-

1213 2239 1326 2280 stiani,
1350 2239 1478 2275 iudaeos
1506 2240 1552 2274 vel
1580 2252 1748 2275 saracenos
1783 2238 1885 2274 Deum
1912 2248 1965 2274 aut

1214 2294 1380 2341 gloriosam
1411 2293 1532 2329 beatam
1552 2293 1680 2329 Mariam
1709 2293 1872 2340 Virginem
1895 2294 1965 2329 eius

1214 2348 1406 2383 Genitricein
1443 2347 1488 2383 vel
1511 2348 1633 2395 aliquos
1661 2356 1787 2383 sanctos
1819 2348 1966 2396 blaspbe-

1216 2412 1348 2444 mantes,
1370 2413 1424 2439 aut
1452 2404 1483 2438 in
1515 2403 1575 2438 hoc
1597 2402 1836 2451 quomodolibet
1863 2403 1966 2439 delin-

1214 2466 1349 2505 quentes
1384 2457 1564 2505 pecuniaria
1593 2458 1640 2492 vel
1669 2458 1727 2492 alia
1755 2457 1904 2504 graviori,
1927 2457 1966 2493 de

1215 2525 1276 2559 qna
1294 2513 1340 2547 eis
1358 2512 1526 2556 videbitur,
1547 2524 1646 2560 poena
1667 2512 1800 2560 puniant
1819 2521 1853 2548 et
1867 2513 1968 2548 corri-

1217 2566 1312 2614 piant.
1337 2567 1466 2602 Necnon
1491 2579 1603 2602 omnes
1633 2575 1662 2602 et
1703 2567 1818 2613 singuli
1861 2566 1965 2602 iudaei

1215 2628 1244 2655 et
1263 2621 1415 2665 saraceni,
1433 2621 1664 2669 cuiuscumque
1678 2633 1776 2656 sexus
1791 2629 1822 2655 et
1844 2622 1966 2660 aetatis,

1217 2676 1262 2711 vel
1286 2676 1503 2721 conditionis,
1537 2676 1722 2712 distinctum
1759 2676 1902 2712 liabitum
1931 2689 1966 2713 ac

1976 288 2020 314 tn,
2037 287 2066 314 C.
2086 287 2156 315 taso

1993 2198 2111 2226 Btusphemi
2130 2199 2164 2219 iu-

1980 2231 2026 2252 itaet
2036 2235 2056 2252 et
2067 2231 2163 2252 sni-neem

1979 2263 2054 2283 merila

1979 2294 2030 2314 iussi
2045 2292 2111 2316 ufficn

2094 2266 2164 2288 poena

2267 2947 2279 3102 *nu-A-„t
