2281 3251
520 260 590 295 806

469 326 515 362 De
536 338 704 376 supernae,
727 329 809 362 644.

466 380 652 417 Devotionis
675 388 893 427 augmentum,
918 382 998 414 523.

465 436 609 472 Dilectus
633 436 729 473 filius.
753 436 834 470 526.

464 492 680 541 Dispositione
696 491 798 526 diviua
816 491 900 538 gregi
917 490 1089 531 dominico,
1109 493 1140 525 3.

465 548 681 596 Dispositione
708 546 834 591 divina,
869 546 1013 594 quamvis
1047 545 1218 587 immeriti,

518 605 601 638 205.

464 658 578 694 Divina
599 664 737 701 aeterna,
759 657 842 690 252.

463 711 577 748 Divina
599 712 790 760 disponente
814 710 994 752 clementia,
1014 712 1097 745 678.

463 767 578 803 Divina
606 767 636 802 in
660 766 824 812 eminenti,
855 769 911 801 10.

460 820 590 857 Dudum
619 820 658 857 ad
681 830 820 856 nostram
843 820 1052 868 audientiam,
1072 824 1130 858 68.

459 875 588 912 Dudum
612 876 650 912 ad
678 889 817 922 sacrum,
845 878 926 912 422.

458 929 587 968 Dudum
611 945 683 968 eum
710 931 749 968 ad
773 932 952 974 ecclesiam,
982 935 1062 969 729.

458 985 588 1023 Dudum
619 1001 675 1036 per
701 1001 760 1024 nos
792 997 941 1037 accepto,
971 991 1051 1024 75⁶2.

456 1039 539 1077 Dum
563 1042 602 1078 ad
630 1043 751 1078 fructus
775 1043 901 1085 uberes,
929 1045 1012 1080 469.

455 1097 540 1133 Dum
563 1098 600 1134 ad
629 1099 807 1141 universos,
835 1103 918 1135 ⁶254.

456 1151 540 1188 Dum
569 1161 686 1189 attenta
715 1155 935 1200 meditatione,
956 1157 1039 1190 245.

455 1208 538 1244 Dum
555 1209 634 1245 intra
649 1210 764 1246 mentis
779 1223 890 1246 areana
904 1209 1110 1255 revolvimus,
1127 1211 1209 1246 685.

453 1263 539 1299 Dum
559 1264 766 1312 singularem,
797 1267 879 1301 558.

453 1317 537 1355 Dum
566 1320 784 1361 suavissimos,
808 1322 890 1356 568.

819 1420 846 1455 Ε

450 1518 495 1554 Ea
517 1530 614 1566 quae,
641 1521 724 1554 268.

449 1571 518 1608 Etsi
537 1572 575 1608 ad
598 1572 885 1617 benemerendum,
908 1575 992 1607 471.

448 1624 513 1660 Etsi
532 1626 570 1662 ad
594 1627 759 1664 universos
775 1627 937 1676 regulares
951 1626 1102 1673 Ordines,
1118 1631 1201 1664 444.

448 1678 514 1715 Etsi
537 1693 553 1716 a
575 1694 713 1727 summo,
736 1685 818 1718 545.

447 1733 515 1770 Etsi
538 1736 634 1781 cirea,
657 1739 715 1772 87.

447 1789 514 1825 Etsi
542 1792 677 1836 cunetis,
704 1795 787 1828 225.

447 1843 514 1880 Etsi
543 1854 744 1888 cunctorum,
766 1848 850 1882 260.

446 1898 513 1934 Etsi
541 1899 580 1935 de
607 1909 808 1946 cunctarum,
836 1903 919 1936 275.

446 1952 515 1988 Etsi
534 1966 572 1989 ex
595 1955 779 1996 commisso,
803 1957 886 1991 402.

446 2006 514 2042 Etsi
537 2020 574 2043 ex
598 2009 752 2053 iniuncto,
777 2012 859 2044 527.

445 2060 510 2097 Etsi
539 2075 575 2098 ex
598 2064 764 2111 pastoralis
786 2064 892 2110 officii,
917 2065 999 2100 597.

444 2115 511 2151 Etsi
536 2128 575 2152 ex
597 2117 830 2160 sollicitudinis,
857 2121 912 2153 11.

445 2169 524 2212 Etsi,
550 2184 606 2219 pro
632 2180 831 2212 cunctarum.
855 2175 939 2209 614.

444 2224 511 2260 Etsi
535 2227 690 2263 universis
712 2227 875 2264 Romanae
897 2229 1059 2265 Ecclesiae
1134 2243 1197 2278 quo

494 2280 591 2328 ipsam
613 2283 838 2318 sacerdotalem
864 2284 1034 2329 civitatem,
1063 2287 1144 2319 577.

446 2335 510 2372 Etsi
535 2337 689 2372 universis
711 2338 874 2374 Romanae
891 2338 1052 2375 Ecclesiae
1132 2352 1197 2387 quo

494 2391 558 2438 ipsa
583 2392 786 2428 sacerdotalis
814 2394 936 2433 civitas,
964 2396 1046 2429 211.

444 2445 509 2480 Etsi
533 2447 687 2482 universis
710 2448 928 2489 xenodochiis,
953 2451 1034 2484 226.

444 2499 766 2545 Excellentissimum,
795 2507 851 2538 14.

444 2554 596 2590 Excelsus
618 2557 784 2602 Dominus,
815 2561 896 2593 717.

444 2609 490 2643 Ex
513 2609 630 2654 debito,
659 2612 741 2646 654.

443 2663 646 2705 Execrabilis,
672 2669 751 2701 149.

1073 269 1227 294 nutum!
1268 268 1400 293 nouam

1261 324 1310 359 Ex
1333 325 1537 360 iniuncto
1559 336 1615 374 per
1642 336 1722 374 quae
1752 337 1900 374 gregem,
1927 328 2013 362 418.

1262 374 1309 409 Ex
1331 374 1472 410 iniuncto
1565 387 1622 422 per
1640 387 1719 423 quae
1733 376 2014 421 monasteriorum,

1312 426 1394 459 445.

1261 473 1309 508 Ex
1333 482 1480 521 pateruae
1507 474 1645 510 caritatis
1672 475 1786 518 officio,
1815 478 1898 512 496.

1262 522 1397 571 Exponi,
1420 526 1503 559 478.

1260 573 1458 621 Exposuisti,
1482 574 1565 609 283.

1260 622 1307 658 Ex
1331 623 1480 670 querelis,
1503 626 1586 659 553.

1258 672 1305 708 Ex
1332 685 1488 721 supernae
1516 673 1732 721 dispositionis
1759 674 1902 721 arbitrio,
1925 677 2010 711 773.

1260 722 1405 759 Exultate
1433 723 1511 766 Deo,
1538 726 1597 759 44.

1258 772 1398 821 Exurge,
1420 773 1569 817 Domine,
1594 775 1674 809 748.

1616 872 1643 908 F

1255 970 1334 1006 Fide
1359 971 1452 1018 digna
1477 971 1644 1018 relatione,
1671 974 1755 1008 488.

1255 1020 1345 1056 Fidei
1373 1021 1466 1069 digua
1482 1021 1653 1067 relatione,
1677 1024 1734 1057 52.

1254 1070 1366 1107 Finem
1390 1071 1514 1118 litibus,
1541 1074 1624 1108 559.

1616 1170 1645 1205 G

1252 1269 1368 1317 Gregis
1389 1270 1492 1311 nohis,
1513 1272 1571 1305 85.

1613 1370 1642 1405 Η

1249 1467 1402 1504 Honestis
1426 1469 1601 1517 petentium
1631 1469 1722 1516 votis,
1751 1471 1833 1504 767.

1619 1568 1631 1604 1

1246 1664 1300 1700 Illa
1328 1678 1418 1714 quae,
1449 1670 1505 1702 17.

1246 1715 1345 1761 Illius,
1373 1717 1426 1764 qui
1455 1717 1567 1752 caritas
1588 1726 1648 1762 est,
1671 1719 1752 1753 759.

1245 1764 1344 1806 Illius,
1367 1767 1419 1814 qui
1445 1780 1500 1814 pro
1523 1767 1687 1808 dominici,
1709 1768 1793 1802 246.

1245 1815 1326 1850 lllud
1350 1826 1546 1863 reputantes,
1574 1820 1653 1853 150.

1244 1864 1472 1907 Immoderata,
1498 1869 1579 1902 199.

1244 1914 1420 1963 Imperator
1442 1925 1601 1958 aeternus,
1627 1919 1708 1952 109.

1243 1964 1277 1999 Iu
1306 1966 1496 2014 apostolicae
1530 1967 1691 2014 diguitatis
1717 1967 1860 2015 specula,
1877 1994 1935 2003 .....
1953 1968 2002 2003 iu-

1293 2015 1435 2051 iunctum
1465 2017 1566 2062 nobis,
1591 2020 1624 2052 6.

1242 2063 1275 2099 In
1303 2066 1493 2113 apostolicae
1515 2066 1676 2114 dignitatis
1709 2067 1850 2115 specula,
1855 2095 1912 2103 .....
1935 2067 1998 2104 sub

1292 2120 1500 2167 regularibus,
1525 2125 1605 2156 769.

1240 2173 1411 2211 Ineffabilis
1435 2176 1644 2224 providentia,
1671 2178 1754 2212 200.

1239 2228 1410 2266 Iueffabilis
1424 2231 1539 2266 summi
1558 2230 1755 2279 providentia
1773 2230 1889 2275 Patris,
1910 2235 1994 2271 180.

1239 2283 1273 2320 In
1300 2285 1453 2321 eminenti
1467 2286 1668 2334 Apostolioae
1687 2285 1780 2322 Sedis
1794 2288 1935 2334 specula,
1959 2288 1998 2325 li-

1290 2349 1339 2376 cet
1362 2341 1521 2385 immeriti,
1548 2342 1602 2376 76.

1240 2394 1272 2429 lu
1309 2396 1460 2431 eminenti
1502 2396 1706 2444 apostoticae
1743 2397 1837 2433 Sedis
1864 2399 1995 2446 specula

1288 2449 1453 2485 Romanus
1476 2450 1635 2491 Pontifex,
1661 2454 1741 2486 578.

1238 2503 1272 2538 lu
1297 2505 1450 2539 eminenti
1465 2505 1561 2540 Sedis
1578 2506 1779 2553 Apostolicae
1792 2507 1993 2554 specula,di·

1287 2558 1358 2592 rina
1374 2558 1561 2606 disponente
1574 2561 1754 2602 clementia,
1767 2560 1944 2605 constituti,
1957 2565 1992 2596 2.

1239 2612 1271 2647 ln
1288 2613 1440 2648 eminenti
1456 2614 1549 2649 Sedis
1566 2615 1766 2662 Apostolicae
1785 2614 1928 2662 specula.
1945 2615 1992 2650 di·

1287 2667 1356 2703 vina
1385 2668 1574 2716 disponente
1601 2668 1780 2709 clementia,
1800 2669 1886 2711 licet,
1910 2670 1992 2704 594.
