<?xml version="1.0" encoding="UTF-8"?>
<!DOCTYPE html PUBLIC "-//W3C//DTD XHTML 1.0 Transitional//EN"
    "http://www.w3.org/TR/xhtml1/DTD/xhtml1-transitional.dtd">
<html xmlns="http://www.w3.org/1999/xhtml" xml:lang="en" lang="en">
 <head>
  <title>
</title>
<meta http-equiv="Content-Type" content="text/html;charset=utf-8" />
  <meta name='ocr-system' content='tesseract 3.04.00' />
  <meta name='ocr-capabilities' content='ocr_page ocr_carea ocr_par ocr_line ocrx_word'/>
</head>
<body>
  <div class='ocr_page' id='page_1' title='image "./bullarumdiplomat05cath_0625.png"; bbox 0 0 2281 3251; ppageno 0'>
   <div class='ocr_carea' id='block_1_1' title="bbox 81 290 261 318">
    <p class='ocr_par' dir='ltr' id='par_1_1' title="bbox 81 290 261 318">
     <span class='ocr_line' id='line_1_1' title="bbox 81 290 261 318; baseline -0.011 0"><span class='ocrx_word' id='word_1_1' title='bbox 81 292 128 318; x_wconf 74' lang='lat' dir='ltr'>An.</span> <span class='ocrx_word' id='word_1_2' title='bbox 151 291 179 318; x_wconf 93' lang='lat' dir='ltr'>C.</span> <span class='ocrx_word' id='word_1_3' title='bbox 196 290 261 317; x_wconf 77' lang='lat' dir='ltr'>l5llt</span> 
     </span>
    </p>
   </div>
   <div class='ocr_carea' id='block_1_2' title="bbox 96 741 246 769">
    <p class='ocr_par' dir='ltr' id='par_1_2' title="bbox 96 741 246 769">
     <span class='ocr_line' id='line_1_2' title="bbox 96 741 246 769; baseline 0 -7"><span class='ocrx_word' id='word_1_4' title='bbox 96 741 246 769; x_wconf 72' lang='lat' dir='ltr'>t&#39;niendtsque.</span> 
     </span>
    </p>
   </div>
   <div class='ocr_carea' id='block_1_3' title="bbox 77 887 263 1002">
    <p class='ocr_par' dir='ltr' id='par_1_3' title="bbox 91 887 259 908">
     <span class='ocr_line' id='line_1_3' title="bbox 91 887 259 908; baseline -0.006 0"><span class='ocrx_word' id='word_1_5' title='bbox 91 887 218 908; x_wconf 70' lang='lat' dir='ltr'>natoruiauo</span> <span class='ocrx_word' id='word_1_6' title='bbox 234 888 259 907; x_wconf 81' lang='lat' dir='ltr'>de</span> 
     </span>
    </p>

    <p class='ocr_par' dir='ltr' id='par_1_4' title="bbox 77 917 260 1002">
     <span class='ocr_line' id='line_1_4' title="bbox 77 917 260 944; baseline -0.006 -5"><span class='ocrx_word' id='word_1_7' title='bbox 77 918 200 939; x_wconf 80' lang='lat' dir='ltr'>beneflcior.</span> <span class='ocrx_word' id='word_1_8' title='bbox 218 917 260 944; x_wconf 82' lang='lat' dir='ltr'>plu-</span> 
     </span>
     <span class='ocr_line' id='line_1_5' title="bbox 77 949 263 971; baseline -0.012 0"><span class='ocrx_word' id='word_1_9' title='bbox 77 949 161 971; x_wconf 74' lang='lat' dir='ltr'>ratttato</span> <span class='ocrx_word' id='word_1_10' title='bbox 187 951 209 969; x_wconf 81' lang='lat' dir='ltr'>et</span> <span class='ocrx_word' id='word_1_11' title='bbox 224 953 263 969; x_wconf 82' lang='lat' dir='ltr'>re-</span> 
     </span>
     <span class='ocr_line' id='line_1_6' title="bbox 79 980 207 1002; baseline -0.016 0"><span class='ocrx_word' id='word_1_12' title='bbox 79 980 207 1002; x_wconf 70' lang='lat' dir='ltr'>noi-vatione.</span> 
     </span>
    </p>
   </div>
   <div class='ocr_carea' id='block_1_4' title="bbox 85 2261 271 2383">
    <p class='ocr_par' dir='ltr' id='par_1_5' title="bbox 85 2261 271 2383">
     <span class='ocr_line' id='line_1_7' title="bbox 92 2261 270 2283; baseline 0 0"><span class='ocrx_word' id='word_1_13' title='bbox 92 2261 218 2283; x_wconf 71' lang='lat' dir='ltr'>Reformauo</span> <span class='ocrx_word' id='word_1_14' title='bbox 226 2267 270 2283; x_wconf 73' lang='lat' dir='ltr'>cnr-</span> 
     </span>
     <span class='ocr_line' id='line_1_8' title="bbox 86 2293 271 2315; baseline 0 -1"><span class='ocrx_word' id='word_1_15' title='bbox 86 2293 185 2315; x_wconf 70' lang='lat' dir='ltr'>‹lin-tium</span> <span class='ocrx_word' id='word_1_16' title='bbox 213 2294 271 2315; x_wconf 69' lang='lat' dir='ltr'>circs</span> 
     </span>
     <span class='ocr_line' id='line_1_9' title="bbox 87 2324 271 2346; baseline 0.011 -2"><span class='ocrx_word' id='word_1_17' title='bbox 87 2324 150 2345; x_wconf 63' lang='lat' dir='ltr'>«ittam</span> <span class='ocrx_word' id='word_1_18' title='bbox 178 2327 200 2346; x_wconf 77' lang='grc' dir='ltr'>οι</span> <span class='ocrx_word' id='word_1_19' title='bbox 223 2329 271 2346; x_wconf 81' lang='lat' dir='ltr'>mo-</span> 
     </span>
     <span class='ocr_line' id='line_1_10' title="bbox 85 2355 180 2383; baseline -0.021 -5"><span class='ocrx_word' id='word_1_20' title='bbox 85 2361 122 2378; x_wconf 77' lang='lat' dir='ltr'>ru</span> <span class='ocrx_word' id='word_1_21' title='bbox 135 2355 164 2383; x_wconf 80' lang='lat'>(2)</span> <span class='ocrx_word' id='word_1_22' title='bbox 174 2371 180 2381; x_wconf 86' lang='grc'><em>,</em></span> 
     </span>
    </p>
   </div>
   <div class='ocr_carea' id='block_1_5' title="bbox 950 282 1124 306">
    <p class='ocr_par' dir='ltr' id='par_1_6' title="bbox 950 282 1124 306">
     <span class='ocr_line' id='line_1_11' title="bbox 950 282 1124 306; baseline -0.017 0"><span class='ocrx_word' id='word_1_23' title='bbox 950 284 1011 306; x_wconf 84' lang='lat' dir='ltr'>LEO</span> <span class='ocrx_word' id='word_1_24' title='bbox 1034 284 1054 305; x_wconf 75' lang='lat' dir='ltr'>x</span> <span class='ocrx_word' id='word_1_25' title='bbox 1079 282 1124 303; x_wconf 73' lang='grc' dir='ltr'>ΙΨ,</span> 
     </span>
    </p>
   </div>
   <div class='ocr_carea' id='block_1_6' title="bbox 277 337 1030 486">
    <p class='ocr_par' dir='ltr' id='par_1_7' title="bbox 277 337 1030 486">
     <span class='ocr_line' id='line_1_12' title="bbox 277 337 1029 388; baseline -0.004 -12"><span class='ocrx_word' id='word_1_26' title='bbox 277 352 357 388; x_wconf 88' lang='lat' dir='ltr'>quae</span> <span class='ocrx_word' id='word_1_27' title='bbox 393 338 543 374; x_wconf 88' lang='lat' dir='ltr'>haberent</span> <span class='ocrx_word' id='word_1_28' title='bbox 576 348 778 383; x_wconf 84' lang='lat' dir='ltr'>regressum</span> <span class='ocrx_word' id='word_1_29' title='bbox 815 337 1029 384; x_wconf 84' lang='lat' dir='ltr'>praeiudicare</span> 
     </span>
     <span class='ocr_line' id='line_1_13' title="bbox 278 387 570 425; baseline -0.018 0"><span class='ocrx_word' id='word_1_30' title='bbox 278 402 342 425; x_wconf 88' lang='lat' dir='ltr'>non</span> <span class='ocrx_word' id='word_1_31' title='bbox 366 387 570 423; x_wconf 76' lang='lat' dir='ltr'>intendimus.</span> 
     </span>
     <span class='ocr_line' id='line_1_14' title="bbox 325 436 1030 486; baseline -0.001 -14"><span class='ocrx_word' id='word_1_32' title='bbox 325 439 346 486; x_wconf 70' lang='lat' dir='ltr'>S</span> <span class='ocrx_word' id='word_1_33' title='bbox 382 440 438 472; x_wconf 72' lang='lat'>45.</span> <span class='ocrx_word' id='word_1_34' title='bbox 466 436 661 471; x_wconf 83' lang='lat' dir='ltr'>Ordinamus</span> <span class='ocrx_word' id='word_1_35' title='bbox 688 436 781 471; x_wconf 84' lang='lat' dir='ltr'>etiam</span> <span class='ocrx_word' id='word_1_36' title='bbox 812 448 849 471; x_wconf 88' lang='lat' dir='ltr'>ue</span> <span class='ocrx_word' id='word_1_37' title='bbox 877 436 1030 471; x_wconf 85' lang='lat' dir='ltr'>ecclesia-</span> 
     </span>
    </p>
   </div>
   <div class='ocr_carea' id='block_1_7' title="bbox 79 487 1026 554">
    <p class='ocr_par' dir='ltr' id='par_1_8' title="bbox 79 487 1026 554">
     <span class='ocr_line' id='line_1_15' title="bbox 79 487 1026 554; baseline -0.003 -32"><span class='ocrx_word' id='word_1_38' title='bbox 79 496 262 554; x_wconf 48' lang='grc' dir='ltr'>ὴῗζὲῗιᾟίῑῐςθορῖθ</span> <span class='ocrx_word' id='word_1_39' title='bbox 278 501 346 523; x_wconf 82' lang='lat' dir='ltr'>l‘um</span> <span class='ocrx_word' id='word_1_40' title='bbox 369 499 404 522; x_wconf 75' lang='lat' dir='ltr'>ac</span> <span class='ocrx_word' id='word_1_41' title='bbox 427 497 703 534; x_wconf 67' lang='lat' dir='ltr'>quorumcumque</span> <span class='ocrx_word' id='word_1_42' title='bbox 720 487 981 521; x_wconf 68' lang='lat' dir='ltr'>[llssllssslel&#39;lOlum</span> <span class='ocrx_word' id='word_1_43' title='bbox 999 494 1026 520; x_wconf 78' lang='lat'>(¹1</span> 
     </span>
    </p>
   </div>
   <div class='ocr_carea' id='block_1_8' title="bbox 78 559 148 579">
    <p class='ocr_par' dir='ltr' id='par_1_9' title="bbox 78 559 148 579">
     <span class='ocr_line' id='line_1_16' title="bbox 78 559 148 579; baseline 0 0"><span class='ocrx_word' id='word_1_44' title='bbox 78 559 148 579; x_wconf 73' lang='lat' dir='ltr'>randis</span> 
     </span>
    </p>
   </div>
   <div class='ocr_carea' id='block_1_9' title="bbox 277 536 1030 681">
    <p class='ocr_par' dir='ltr' id='par_1_10' title="bbox 277 536 1030 681">
     <span class='ocr_line' id='line_1_17' title="bbox 278 536 1028 590; baseline -0.004 -18"><span class='ocrx_word' id='word_1_45' title='bbox 278 537 458 572; x_wconf 90' lang='lat' dir='ltr'>militiarum</span> <span class='ocrx_word' id='word_1_46' title='bbox 487 536 628 570; x_wconf 68' lang='lat' dir='ltr'>membri</span> <span class='ocrx_word' id='word_1_47' title='bbox 656 548 671 570; x_wconf 87' lang='lat' dir='ltr'>a</span> <span class='ocrx_word' id='word_1_48' title='bbox 706 548 763 569; x_wconf 90' lang='lat' dir='ltr'>suo</span> <span class='ocrx_word' id='word_1_49' title='bbox 793 536 918 582; x_wconf 87' lang='lat' dir='ltr'>capite,</span> <span class='ocrx_word' id='word_1_50' title='bbox 946 536 1028 590; x_wconf 84' lang='lat' dir='ltr'>quod</span> 
     </span>
     <span class='ocr_line' id='line_1_18' title="bbox 277 584 1030 632; baseline -0.005 -10"><span class='ocrx_word' id='word_1_51' title='bbox 277 594 324 622; x_wconf 88' lang='lat' dir='ltr'>est</span> <span class='ocrx_word' id='word_1_52' title='bbox 346 585 538 625; x_wconf 85' lang='lat' dir='ltr'>absurdum,</span> <span class='ocrx_word' id='word_1_53' title='bbox 566 584 688 632; x_wconf 87' lang='lat' dir='ltr'>absque</span> <span class='ocrx_word' id='word_1_54' title='bbox 712 585 849 631; x_wconf 76' lang='lat' dir='ltr'>legitima</span> <span class='ocrx_word' id='word_1_55' title='bbox 877 593 906 619; x_wconf 89' lang='lat' dir='ltr'>et</span> <span class='ocrx_word' id='word_1_56' title='bbox 934 585 1030 619; x_wconf 88' lang='lat' dir='ltr'>ratio-</span> 
     </span>
     <span class='ocr_line' id='line_1_19' title="bbox 278 634 1028 681; baseline -0.003 -11"><span class='ocrx_word' id='word_1_57' title='bbox 278 635 373 670; x_wconf 89' lang='lat' dir='ltr'>nabili</span> <span class='ocrx_word' id='word_1_58' title='bbox 390 646 495 678; x_wconf 89' lang='lat' dir='ltr'>causa,</span> <span class='ocrx_word' id='word_1_59' title='bbox 515 634 738 677; x_wconf 74' lang='lat' dir='ltr'>disiunsrantur</span> <span class='ocrx_word' id='word_1_60' title='bbox 763 642 815 668; x_wconf 89' lang='lat' dir='ltr'>ant</span> <span class='ocrx_word' id='word_1_61' title='bbox 832 642 1028 681; x_wconf 89' lang='lat' dir='ltr'>separentur.</span> 
     </span>
    </p>
   </div>
   <div class='ocr_carea' id='block_1_10' title="bbox 326 684 1053 738">
    <p class='ocr_par' dir='ltr' id='par_1_11' title="bbox 326 684 1053 738">
     <span class='ocr_line' id='line_1_20' title="bbox 326 684 1053 738; baseline -0.003 -18"><span class='ocrx_word' id='word_1_62' title='bbox 326 684 583 732; x_wconf 70' lang='lat' dir='ltr'>§14.Uiiiones</span> <span class='ocrx_word' id='word_1_63' title='bbox 608 692 790 730; x_wconf 76' lang='lat' dir='ltr'>perpetuat,</span> <span class='ocrx_word' id='word_1_64' title='bbox 810 692 1029 738; x_wconf 73' lang='lat' dir='ltr'>praeterquam</span> <span class='ocrx_word' id='word_1_65' title='bbox 1051 706 1053 719; x_wconf 66' lang='lat'>=,</span> 
     </span>
    </p>
   </div>
   <div class='ocr_carea' id='block_1_11' title="bbox 277 733 1041 2519">
    <p class='ocr_par' dir='ltr' id='par_1_12' title="bbox 277 733 1030 829">
     <span class='ocr_line' id='line_1_21' title="bbox 278 733 1030 779; baseline -0.004 -10"><span class='ocrx_word' id='word_1_66' title='bbox 278 735 307 769; x_wconf 89' lang='lat' dir='ltr'>in</span> <span class='ocrx_word' id='word_1_67' title='bbox 331 734 459 769; x_wconf 82' lang='lat' dir='ltr'>casibus</span> <span class='ocrx_word' id='word_1_68' title='bbox 481 746 497 768; x_wconf 89' lang='lat' dir='ltr'>a</span> <span class='ocrx_word' id='word_1_69' title='bbox 521 733 588 767; x_wconf 90' lang='lat' dir='ltr'>iure</span> <span class='ocrx_word' id='word_1_70' title='bbox 617 733 780 779; x_wconf 74' lang='lat' dir='ltr'>permissis</span> <span class='ocrx_word' id='word_1_71' title='bbox 815 733 862 767; x_wconf 72' lang='lat' dir='ltr'>iel</span> <span class='ocrx_word' id='word_1_72' title='bbox 886 733 953 767; x_wconf 88' lang='lat' dir='ltr'>sine</span> <span class='ocrx_word' id='word_1_73' title='bbox 981 745 1030 767; x_wconf 86' lang='lat' dir='ltr'>ra-</span> 
     </span>
     <span class='ocr_line' id='line_1_22' title="bbox 277 782 889 829; baseline -0.007 -10"><span class='ocrx_word' id='word_1_74' title='bbox 277 783 422 819; x_wconf 85' lang='lat' dir='ltr'>tionabili</span> <span class='ocrx_word' id='word_1_75' title='bbox 443 795 550 827; x_wconf 80' lang='lat' dir='ltr'>causa,</span> <span class='ocrx_word' id='word_1_76' title='bbox 577 794 774 829; x_wconf 79' lang='lat' dir='ltr'>nequaquam</span> <span class='ocrx_word' id='word_1_77' title='bbox 804 782 889 816; x_wconf 86' lang='lat' dir='ltr'>fiant</span> 
     </span>
    </p>

    <p class='ocr_par' dir='ltr' id='par_1_13' title="bbox 277 831 1039 2181">
     <span class='ocr_line' id='line_1_23' title="bbox 326 831 1030 881; baseline -0.004 -13"><span class='ocrx_word' id='word_1_78' title='bbox 326 834 346 881; x_wconf 64' lang='grc' dir='ltr'><strong>ἓ</strong></span> <span class='ocrx_word' id='word_1_79' title='bbox 370 835 425 868; x_wconf 80' lang='grc'>15.</span> <span class='ocrx_word' id='word_1_80' title='bbox 460 832 719 879; x_wconf 85' lang='lat' dir='ltr'>Dispensationes</span> <span class='ocrx_word' id='word_1_81' title='bbox 746 840 849 866; x_wconf 71' lang='lat' dir='ltr'>autem</span> <span class='ocrx_word' id='word_1_82' title='bbox 879 831 916 866; x_wconf 91' lang='lat' dir='ltr'>ad</span> <span class='ocrx_word' id='word_1_83' title='bbox 942 831 1030 877; x_wconf 88' lang='lat' dir='ltr'>plura</span> 
     </span>
     <span class='ocr_line' id='line_1_24' title="bbox 279 880 1032 939; baseline -0.004 -23"><span class='ocrx_word' id='word_1_84' title='bbox 279 882 526 939; x_wconf 76' lang='lat' dir='ltr'>incompatibilia</span> <span class='ocrx_word' id='word_1_85' title='bbox 549 881 630 915; x_wconf 81' lang='lat' dir='ltr'>ultta</span> <span class='ocrx_word' id='word_1_86' title='bbox 653 881 728 921; x_wconf 90' lang='lat' dir='ltr'>duo</span> <span class='ocrx_word' id='word_1_87' title='bbox 754 881 810 915; x_wconf 92' lang='lat' dir='ltr'>uisi</span> <span class='ocrx_word' id='word_1_88' title='bbox 844 880 1032 926; x_wconf 84' lang='lat' dir='ltr'>qualilieatis</span> 
     </span>
     <span class='ocr_line' id='line_1_25' title="bbox 278 930 1032 973; baseline -0.005 -6"><span class='ocrx_word' id='word_1_89' title='bbox 278 933 364 968; x_wconf 81' lang='lat' dir='ltr'>iuxta</span> <span class='ocrx_word' id='word_1_90' title='bbox 381 932 512 967; x_wconf 84' lang='lat' dir='ltr'>formam</span> <span class='ocrx_word' id='word_1_91' title='bbox 537 930 612 965; x_wconf 92' lang='lat' dir='ltr'>iuris</span> <span class='ocrx_word' id='word_1_92' title='bbox 635 930 826 973; x_wconf 80' lang='lat' dir='ltr'>communis,</span> <span class='ocrx_word' id='word_1_93' title='bbox 844 942 905 964; x_wconf 89' lang='lat' dir='ltr'>non</span> <span class='ocrx_word' id='word_1_94' title='bbox 921 941 1032 964; x_wconf 89' lang='lat' dir='ltr'>couce-</span> 
     </span>
     <span class='ocr_line' id='line_1_26' title="bbox 278 979 1031 1026; baseline -0.004 -10"><span class='ocrx_word' id='word_1_95' title='bbox 278 981 404 1022; x_wconf 88' lang='lat' dir='ltr'>dantur‚</span> <span class='ocrx_word' id='word_1_96' title='bbox 428 981 486 1015; x_wconf 91' lang='lat' dir='ltr'>nisi</span> <span class='ocrx_word' id='word_1_97' title='bbox 521 992 559 1014; x_wconf 77' lang='lat' dir='ltr'>ex</span> <span class='ocrx_word' id='word_1_98' title='bbox 588 992 698 1025; x_wconf 83' lang='lat' dir='ltr'>magna</span> <span class='ocrx_word' id='word_1_99' title='bbox 726 988 756 1014; x_wconf 91' lang='lat' dir='ltr'>et</span> <span class='ocrx_word' id='word_1_100' title='bbox 780 979 900 1026; x_wconf 77' lang='lat' dir='ltr'>ingenti</span> <span class='ocrx_word' id='word_1_101' title='bbox 926 991 1031 1014; x_wconf 89' lang='lat' dir='ltr'>causa.</span> 
     </span>
     <span class='ocr_line' id='line_1_27' title="bbox 277 1029 1033 1083; baseline -0.005 -17"><span class='ocrx_word' id='word_1_102' title='bbox 277 1031 317 1066; x_wconf 92' lang='lat' dir='ltr'>Et</span> <span class='ocrx_word' id='word_1_103' title='bbox 331 1030 486 1078; x_wconf 89' lang='lat' dir='ltr'>personis,</span> <span class='ocrx_word' id='word_1_104' title='bbox 504 1030 733 1076; x_wconf 87' lang='lat' dir='ltr'>cuiuscumque</span> <span class='ocrx_word' id='word_1_105' title='bbox 747 1029 922 1075; x_wconf 83' lang='lat' dir='ltr'>dignitatis,</span> <span class='ocrx_word' id='word_1_106' title='bbox 940 1040 1033 1083; x_wconf 81' lang='lat' dir='ltr'>paro-</span> 
     </span>
     <span class='ocr_line' id='line_1_28' title="bbox 277 1078 1033 1125; baseline -0.005 -10"><span class='ocrx_word' id='word_1_107' title='bbox 277 1081 396 1115; x_wconf 82' lang='lat' dir='ltr'>chiales</span> <span class='ocrx_word' id='word_1_108' title='bbox 419 1078 569 1114; x_wconf 89' lang='lat' dir='ltr'>ecclesias</span> <span class='ocrx_word' id='word_1_109' title='bbox 592 1087 743 1113; x_wconf 83' lang='lat' dir='ltr'>eteaium</span> <span class='ocrx_word' id='word_1_110' title='bbox 764 1086 933 1125; x_wconf 85' lang='lat' dir='ltr'>perpetuas</span> <span class='ocrx_word' id='word_1_111' title='bbox 950 1078 1033 1112; x_wconf 89' lang='lat' dir='ltr'>vica-</span> 
     </span>
     <span class='ocr_line' id='line_1_29' title="bbox 278 1126 1033 1174; baseline -0.005 -10"><span class='ocrx_word' id='word_1_112' title='bbox 278 1130 338 1164; x_wconf 88' lang='lat' dir='ltr'>rias</span> <span class='ocrx_word' id='word_1_113' title='bbox 366 1142 402 1164; x_wconf 89' lang='lat' dir='ltr'>ac</span> <span class='ocrx_word' id='word_1_114' title='bbox 428 1128 596 1174; x_wconf 74' lang='lat' dir='ltr'>dignitates</span> <span class='ocrx_word' id='word_1_115' title='bbox 620 1128 753 1162; x_wconf 85' lang='lat' dir='ltr'>maiores</span> <span class='ocrx_word' id='word_1_116' title='bbox 775 1135 805 1162; x_wconf 90' lang='lat' dir='ltr'>et</span> <span class='ocrx_word' id='word_1_117' title='bbox 833 1126 1033 1174; x_wconf 81' lang='lat' dir='ltr'>principales,</span> 
     </span>
     <span class='ocr_line' id='line_1_30' title="bbox 278 1176 1033 1225; baseline -0.004 -12"><span class='ocrx_word' id='word_1_118' title='bbox 278 1179 370 1213; x_wconf 84' lang='lat' dir='ltr'>etiam</span> <span class='ocrx_word' id='word_1_119' title='bbox 408 1190 462 1225; x_wconf 90' lang='lat' dir='ltr'>per</span> <span class='ocrx_word' id='word_1_120' title='bbox 489 1179 567 1212; x_wconf 88' lang='lat' dir='ltr'>viam</span> <span class='ocrx_word' id='word_1_121' title='bbox 598 1177 724 1211; x_wconf 91' lang='lat' dir='ltr'>unionis</span> <span class='ocrx_word' id='word_1_122' title='bbox 752 1176 797 1211; x_wconf 84' lang='lat' dir='ltr'>vel</span> <span class='ocrx_word' id='word_1_123' title='bbox 827 1176 1033 1211; x_wconf 88' lang='lat' dir='ltr'>commendae</span> 
     </span>
     <span class='ocr_line' id='line_1_31' title="bbox 279 1225 1033 1273; baseline -0.004 -11"><span class='ocrx_word' id='word_1_124' title='bbox 279 1228 317 1262; x_wconf 91' lang='lat' dir='ltr'>ad</span> <span class='ocrx_word' id='word_1_125' title='bbox 341 1229 446 1272; x_wconf 82' lang='lat' dir='ltr'>vitam,</span> <span class='ocrx_word' id='word_1_126' title='bbox 470 1226 547 1261; x_wconf 90' lang='lat' dir='ltr'>ultra</span> <span class='ocrx_word' id='word_1_127' title='bbox 571 1235 706 1273; x_wconf 87' lang='lat' dir='ltr'>quatuor</span> <span class='ocrx_word' id='word_1_128' title='bbox 728 1225 967 1270; x_wconf 75' lang='lat' dir='ltr'>obtinentibus,</span> <span class='ocrx_word' id='word_1_129' title='bbox 996 1237 1033 1259; x_wconf 86' lang='lat' dir='ltr'>ex</span> 
     </span>
     <span class='ocr_line' id='line_1_32' title="bbox 279 1274 1034 1321; baseline -0.005 -9"><span class='ocrx_word' id='word_1_130' title='bbox 279 1289 365 1312; x_wconf 90' lang='lat' dir='ltr'>nunc</span> <span class='ocrx_word' id='word_1_131' title='bbox 388 1275 555 1311; x_wconf 89' lang='lat' dir='ltr'>terminum</span> <span class='ocrx_word' id='word_1_132' title='bbox 576 1276 711 1309; x_wconf 89' lang='lat' dir='ltr'>duorum</span> <span class='ocrx_word' id='word_1_133' title='bbox 740 1287 894 1309; x_wconf 90' lang='lat' dir='ltr'>annorum</span> <span class='ocrx_word' id='word_1_134' title='bbox 925 1274 1034 1321; x_wconf 84' lang='lat' dir='ltr'>praefi-</span> 
     </span>
     <span class='ocr_line' id='line_1_33' title="bbox 279 1324 1034 1373; baseline -0.001 -14"><span class='ocrx_word' id='word_1_135' title='bbox 279 1327 384 1373; x_wconf 81' lang='lat' dir='ltr'>gimus</span> <span class='ocrx_word' id='word_1_136' title='bbox 423 1334 455 1359; x_wconf 91' lang='lat' dir='ltr'>ut</span> <span class='ocrx_word' id='word_1_137' title='bbox 478 1325 614 1365; x_wconf 83' lang='lat' dir='ltr'>interim,</span> <span class='ocrx_word' id='word_1_138' title='bbox 638 1332 774 1371; x_wconf 90' lang='lat' dir='ltr'>quatuor</span> <span class='ocrx_word' id='word_1_139' title='bbox 793 1332 913 1358; x_wconf 89' lang='lat' dir='ltr'>tantum</span> <span class='ocrx_word' id='word_1_140' title='bbox 936 1324 1034 1358; x_wconf 77' lang='lat' dir='ltr'>exeis</span> 
     </span>
     <span class='ocr_line' id='line_1_34' title="bbox 280 1373 1033 1421; baseline -0.003 -12"><span class='ocrx_word' id='word_1_141' title='bbox 280 1376 420 1418; x_wconf 89' lang='lat' dir='ltr'>retentis,</span> <span class='ocrx_word' id='word_1_142' title='bbox 448 1373 587 1421; x_wconf 89' lang='lat' dir='ltr'>reliquas</span> <span class='ocrx_word' id='word_1_143' title='bbox 613 1373 772 1408; x_wconf 81' lang='lat' dir='ltr'>dimittere</span> <span class='ocrx_word' id='word_1_144' title='bbox 795 1381 981 1417; x_wconf 88' lang='lat' dir='ltr'>teneantur,</span> <span class='ocrx_word' id='word_1_145' title='bbox 1003 1381 1033 1407; x_wconf 90' lang='lat' dir='ltr'>et</span> 
     </span>
     <span class='ocr_line' id='line_1_35' title="bbox 279 1422 1033 1468; baseline -0.004 -9"><span class='ocrx_word' id='word_1_146' title='bbox 279 1424 432 1459; x_wconf 84' lang='lat' dir='ltr'>beneficia</span> <span class='ocrx_word' id='word_1_147' title='bbox 455 1422 642 1458; x_wconf 89' lang='lat' dir='ltr'>dimittenda</span> <span class='ocrx_word' id='word_1_148' title='bbox 672 1422 853 1458; x_wconf 83' lang='lat' dir='ltr'>huiusmodi</span> <span class='ocrx_word' id='word_1_149' title='bbox 881 1422 1033 1468; x_wconf 82' lang='lat' dir='ltr'>resignari</span> 
     </span>
     <span class='ocr_line' id='line_1_36' title="bbox 278 1471 1035 1513; baseline -0.004 -5"><span class='ocrx_word' id='word_1_150' title='bbox 278 1474 401 1508; x_wconf 88' lang='lat' dir='ltr'>valeant</span> <span class='ocrx_word' id='word_1_151' title='bbox 424 1474 454 1508; x_wconf 91' lang='lat' dir='ltr'>in</span> <span class='ocrx_word' id='word_1_152' title='bbox 478 1472 625 1507; x_wconf 90' lang='lat' dir='ltr'>manibus</span> <span class='ocrx_word' id='word_1_153' title='bbox 652 1471 898 1513; x_wconf 81' lang='lat' dir='ltr'>ordinariorum,</span> <span class='ocrx_word' id='word_1_154' title='bbox 925 1472 964 1506; x_wconf 88' lang='lat' dir='ltr'>ad</span> <span class='ocrx_word' id='word_1_155' title='bbox 988 1472 1035 1505; x_wconf 88' lang='lat' dir='ltr'>ef-</span> 
     </span>
     <span class='ocr_line' id='line_1_37' title="bbox 279 1521 1035 1568; baseline -0.004 -10"><span class='ocrx_word' id='word_1_156' title='bbox 279 1523 395 1559; x_wconf 87' lang='lat' dir='ltr'>sectum</span> <span class='ocrx_word' id='word_1_157' title='bbox 430 1530 462 1557; x_wconf 86' lang='lat' dir='ltr'>ut</span> <span class='ocrx_word' id='word_1_158' title='bbox 490 1522 529 1556; x_wconf 89' lang='lat' dir='ltr'>de</span> <span class='ocrx_word' id='word_1_159' title='bbox 564 1521 626 1556; x_wconf 89' lang='lat' dir='ltr'>illis</span> <span class='ocrx_word' id='word_1_160' title='bbox 654 1521 857 1568; x_wconf 83' lang='lat' dir='ltr'>provideatur</span> <span class='ocrx_word' id='word_1_161' title='bbox 892 1521 1035 1568; x_wconf 89' lang='lat' dir='ltr'>personis</span> 
     </span>
     <span class='ocr_line' id='line_1_38' title="bbox 280 1571 1036 1619; baseline -0.004 -12"><span class='ocrx_word' id='word_1_162' title='bbox 280 1585 335 1619; x_wconf 89' lang='lat' dir='ltr'>per</span> <span class='ocrx_word' id='word_1_163' title='bbox 356 1584 411 1607; x_wconf 90' lang='lat' dir='ltr'>eos</span> <span class='ocrx_word' id='word_1_164' title='bbox 430 1571 647 1614; x_wconf 74' lang='lat' dir='ltr'>nominandis,</span> <span class='ocrx_word' id='word_1_165' title='bbox 669 1583 870 1618; x_wconf 90' lang='lat' dir='ltr'>quacumque</span> <span class='ocrx_word' id='word_1_166' title='bbox 895 1582 1036 1605; x_wconf 82' lang='lat' dir='ltr'>reserva-</span> 
     </span>
     <span class='ocr_line' id='line_1_39' title="bbox 280 1620 1036 1666; baseline -0.004 -10"><span class='ocrx_word' id='word_1_167' title='bbox 280 1622 379 1666; x_wconf 87' lang='lat' dir='ltr'>tione,</span> <span class='ocrx_word' id='word_1_168' title='bbox 400 1621 494 1656; x_wconf 90' lang='lat' dir='ltr'>etiam</span> <span class='ocrx_word' id='word_1_169' title='bbox 517 1620 668 1666; x_wconf 79' lang='lat' dir='ltr'>generali,</span> <span class='ocrx_word' id='word_1_170' title='bbox 697 1621 789 1655; x_wconf 87' lang='lat' dir='ltr'>etiarn</span> <span class='ocrx_word' id='word_1_171' title='bbox 818 1633 854 1655; x_wconf 84' lang='lat' dir='ltr'>ex</span> <span class='ocrx_word' id='word_1_172' title='bbox 877 1620 1036 1666; x_wconf 85' lang='lat' dir='ltr'>qualitati-</span> 
     </span>
     <span class='ocr_line' id='line_1_40' title="bbox 281 1669 1036 1724; baseline -0.004 -19"><span class='ocrx_word' id='word_1_173' title='bbox 281 1671 340 1705; x_wconf 88' lang='lat' dir='ltr'>bus</span> <span class='ocrx_word' id='word_1_174' title='bbox 363 1671 591 1717; x_wconf 85' lang='lat' dir='ltr'>resignantium</span> <span class='ocrx_word' id='word_1_175' title='bbox 623 1682 830 1716; x_wconf 89' lang='lat' dir='ltr'>personarum</span> <span class='ocrx_word' id='word_1_176' title='bbox 855 1669 1036 1724; x_wconf 77' lang='lat' dir='ltr'>resultante,</span> 
     </span>
     <span class='ocr_line' id='line_1_41' title="bbox 282 1718 1036 1766; baseline -0.004 -11"><span class='ocrx_word' id='word_1_177' title='bbox 282 1732 344 1755; x_wconf 89' lang='lat' dir='ltr'>non</span> <span class='ocrx_word' id='word_1_178' title='bbox 368 1720 523 1755; x_wconf 88' lang='lat' dir='ltr'>obstante:</span> <span class='ocrx_word' id='word_1_179' title='bbox 538 1731 600 1766; x_wconf 91' lang='lat' dir='ltr'>quo</span> <span class='ocrx_word' id='word_1_180' title='bbox 623 1719 729 1766; x_wconf 88' lang='lat' dir='ltr'>elapso</span> <span class='ocrx_word' id='word_1_181' title='bbox 746 1719 894 1763; x_wconf 84' lang='lat' dir='ltr'>termino,</span> <span class='ocrx_word' id='word_1_182' title='bbox 917 1718 974 1752; x_wconf 87' lang='lat' dir='ltr'>nisi</span> <span class='ocrx_word' id='word_1_183' title='bbox 992 1718 1036 1752; x_wconf 89' lang='lat' dir='ltr'>di-</span> 
     </span>
     <span class='ocr_line' id='line_1_42' title="bbox 282 1769 1038 1814; baseline -0.003 -10"><span class='ocrx_word' id='word_1_184' title='bbox 282 1770 437 1814; x_wconf 82' lang='lat' dir='ltr'>miserint,</span> <span class='ocrx_word' id='word_1_185' title='bbox 451 1769 556 1804; x_wconf 88' lang='lat' dir='ltr'>omnia</span> <span class='ocrx_word' id='word_1_186' title='bbox 571 1780 680 1803; x_wconf 89' lang='lat' dir='ltr'>vacare</span> <span class='ocrx_word' id='word_1_187' title='bbox 695 1777 894 1809; x_wconf 81' lang='lat' dir='ltr'>censeantur,</span> <span class='ocrx_word' id='word_1_188' title='bbox 917 1779 952 1802; x_wconf 88' lang='lat' dir='ltr'>ac</span> <span class='ocrx_word' id='word_1_189' title='bbox 969 1780 1038 1814; x_wconf 90' lang='lat' dir='ltr'>pos-</span> 
     </span>
     <span class='ocr_line' id='line_1_43' title="bbox 281 1821 1037 1869; baseline -0.001 -12"><span class='ocrx_word' id='word_1_190' title='bbox 281 1823 342 1857; x_wconf 88' lang='lat' dir='ltr'>sint</span> <span class='ocrx_word' id='word_1_191' title='bbox 364 1823 473 1863; x_wconf 86' lang='lat' dir='ltr'>libere,</span> <span class='ocrx_word' id='word_1_192' title='bbox 492 1829 524 1857; x_wconf 89' lang='lat' dir='ltr'>ut</span> <span class='ocrx_word' id='word_1_193' title='bbox 537 1830 689 1866; x_wconf 71' lang='lat' dir='ltr'>vacantia</span> <span class='ocrx_word' id='word_1_194' title='bbox 706 1822 879 1869; x_wconf 84' lang='lat' dir='ltr'>impetrari;</span> <span class='ocrx_word' id='word_1_195' title='bbox 897 1821 1037 1868; x_wconf 89' lang='lat' dir='ltr'>talesque</span> 
     </span>
     <span class='ocr_line' id='line_1_44' title="bbox 282 1876 1038 1924; baseline -0.003 -12"><span class='ocrx_word' id='word_1_196' title='bbox 282 1884 442 1924; x_wconf 89' lang='lat' dir='ltr'>praeterea</span> <span class='ocrx_word' id='word_1_197' title='bbox 467 1876 638 1911; x_wconf 86' lang='lat' dir='ltr'>retinentes</span> <span class='ocrx_word' id='word_1_198' title='bbox 662 1888 780 1923; x_wconf 88' lang='lat' dir='ltr'>poenas</span> <span class='ocrx_word' id='word_1_199' title='bbox 808 1876 1038 1921; x_wconf 78' lang='lat' dir='ltr'>extravagantis</span> 
     </span>
     <span class='ocr_line' id='line_1_45' title="bbox 282 1930 1036 1974; baseline -0.001 -9"><span class='ocrx_word' id='word_1_200' title='bbox 282 1931 469 1966; x_wconf 82' lang='lat' dir='ltr'>recolendae</span> <span class='ocrx_word' id='word_1_201' title='bbox 482 1931 653 1965; x_wconf 80' lang='lat' dir='ltr'>memoriae</span> <span class='ocrx_word' id='word_1_202' title='bbox 669 1930 795 1965; x_wconf 84' lang='lat' dir='ltr'>Ioannis</span> <span class='ocrx_word' id='word_1_203' title='bbox 806 1931 868 1964; x_wconf 75' lang='grc' dir='ltr'>ΡΙ).</span> <span class='ocrx_word' id='word_1_204' title='bbox 880 1930 966 1965; x_wconf 81' lang='lat' dir='ltr'>XXII</span> <span class='ocrx_word' id='word_1_205' title='bbox 981 1933 1036 1974; x_wconf 81' lang='grc'>(1),</span> 
     </span>
     <span class='ocr_line' id='line_1_46' title="bbox 282 1983 1036 2030; baseline -0.004 -11"><span class='ocrx_word' id='word_1_206' title='bbox 282 1984 375 2020; x_wconf 89' lang='lat' dir='ltr'>etiam</span> <span class='ocrx_word' id='word_1_207' title='bbox 392 1984 634 2030; x_wconf 72' lang='lat' dir='ltr'>przedecessoris</span> <span class='ocrx_word' id='word_1_208' title='bbox 650 1985 759 2028; x_wconf 83' lang='lat' dir='ltr'>nostri,</span> <span class='ocrx_word' id='word_1_209' title='bbox 778 1983 1036 2019; x_wconf 79' lang='lat' dir='ltr'>incurrant.ltem</span> 
     </span>
     <span class='ocr_line' id='line_1_47' title="bbox 283 2038 1038 2085; baseline -0.001 -13"><span class='ocrx_word' id='word_1_210' title='bbox 283 2038 454 2073; x_wconf 88' lang='lat' dir='ltr'>statuimus</span> <span class='ocrx_word' id='word_1_211' title='bbox 475 2046 509 2072; x_wconf 93' lang='lat' dir='ltr'>ut</span> <span class='ocrx_word' id='word_1_212' title='bbox 529 2038 682 2085; x_wconf 84' lang='lat' dir='ltr'>speciales</span> <span class='ocrx_word' id='word_1_213' title='bbox 703 2039 930 2073; x_wconf 76' lang='lat' dir='ltr'>reservationes</span> <span class='ocrx_word' id='word_1_214' title='bbox 955 2051 1038 2085; x_wconf 89' lang='lat' dir='ltr'>quo—</span> 
     </span>
     <span class='ocr_line' id='line_1_48' title="bbox 283 2092 1039 2140; baseline -0.001 -13"><span class='ocrx_word' id='word_1_215' title='bbox 283 2105 493 2140; x_wconf 89' lang='lat' dir='ltr'>rumcumque</span> <span class='ocrx_word' id='word_1_216' title='bbox 521 2093 749 2127; x_wconf 83' lang='lat' dir='ltr'>beneficiorum</span> <span class='ocrx_word' id='word_1_217' title='bbox 773 2093 811 2127; x_wconf 91' lang='lat' dir='ltr'>ad</span> <span class='ocrx_word' id='word_1_218' title='bbox 835 2092 1039 2127; x_wconf 89' lang='lat' dir='ltr'>cuiusvisin-</span> 
     </span>
     <span class='ocr_line' id='line_1_49' title="bbox 282 2146 838 2181; baseline 0 -1"><span class='ocrx_word' id='word_1_219' title='bbox 282 2147 428 2181; x_wconf 88' lang='lat' dir='ltr'>stantiam</span> <span class='ocrx_word' id='word_1_220' title='bbox 457 2146 588 2181; x_wconf 88' lang='lat' dir='ltr'>minime</span> <span class='ocrx_word' id='word_1_221' title='bbox 612 2147 838 2181; x_wconf 90' lang='lat' dir='ltr'>concedantur.</span> 
     </span>
    </p>

    <p class='ocr_par' dir='ltr' id='par_1_14' title="bbox 283 2200 1041 2519">
     <span class='ocr_line' id='line_1_50' title="bbox 332 2200 1040 2248; baseline -0.001 -13"><span class='ocrx_word' id='word_1_222' title='bbox 332 2201 352 2248; x_wconf 68' lang='lat' dir='ltr'>S</span> <span class='ocrx_word' id='word_1_223' title='bbox 380 2204 436 2235; x_wconf 82' lang='lat'>16.</span> <span class='ocrx_word' id='word_1_224' title='bbox 470 2200 511 2235; x_wconf 91' lang='lat' dir='ltr'>Et</span> <span class='ocrx_word' id='word_1_225' title='bbox 543 2212 613 2234; x_wconf 92' lang='lat' dir='ltr'>cum</span> <span class='ocrx_word' id='word_1_226' title='bbox 642 2207 768 2234; x_wconf 87' lang='lat' dir='ltr'>sanctae</span> <span class='ocrx_word' id='word_1_227' title='bbox 791 2200 951 2234; x_wconf 87' lang='lat' dir='ltr'>Romanae</span> <span class='ocrx_word' id='word_1_228' title='bbox 978 2200 1040 2234; x_wconf 88' lang='lat' dir='ltr'>Ec-</span> 
     </span>
     <span class='ocr_line' id='line_1_51' title="bbox 283 2254 1039 2300; baseline -0.001 -11"><span class='ocrx_word' id='word_1_229' title='bbox 283 2254 398 2289; x_wconf 87' lang='lat' dir='ltr'>clesiae</span> <span class='ocrx_word' id='word_1_230' title='bbox 421 2254 608 2298; x_wconf 85' lang='lat' dir='ltr'>cardinales,</span> <span class='ocrx_word' id='word_1_231' title='bbox 630 2261 752 2288; x_wconf 89' lang='lat' dir='ltr'>ceteros</span> <span class='ocrx_word' id='word_1_232' title='bbox 779 2266 893 2289; x_wconf 87' lang='lat' dir='ltr'>omnes</span> <span class='ocrx_word' id='word_1_233' title='bbox 921 2254 951 2288; x_wconf 91' lang='lat' dir='ltr'>in</span> <span class='ocrx_word' id='word_1_234' title='bbox 975 2254 1039 2300; x_wconf 85' lang='lat' dir='ltr'>ipsa</span> 
     </span>
     <span class='ocr_line' id='line_1_52' title="bbox 284 2307 1039 2356; baseline -0.001 -12"><span class='ocrx_word' id='word_1_235' title='bbox 284 2308 440 2351; x_wconf 80' lang='lat' dir='ltr'>Ecclesia,</span> <span class='ocrx_word' id='word_1_236' title='bbox 465 2316 535 2356; x_wconf 86' lang='lat' dir='ltr'>post</span> <span class='ocrx_word' id='word_1_237' title='bbox 557 2308 682 2343; x_wconf 87' lang='lat' dir='ltr'>Summ.</span> <span class='ocrx_word' id='word_1_238' title='bbox 699 2308 899 2352; x_wconf 83' lang='lat' dir='ltr'>Pontificem,</span> <span class='ocrx_word' id='word_1_239' title='bbox 919 2307 1039 2343; x_wconf 87' lang='lat' dir='ltr'>honore</span> 
     </span>
     <span class='ocr_line' id='line_1_53' title="bbox 284 2362 1041 2410; baseline -0.001 -12"><span class='ocrx_word' id='word_1_240' title='bbox 284 2375 320 2398; x_wconf 88' lang='lat' dir='ltr'>ac</span> <span class='ocrx_word' id='word_1_241' title='bbox 347 2363 498 2410; x_wconf 85' lang='lat' dir='ltr'>dignitate</span> <span class='ocrx_word' id='word_1_242' title='bbox 522 2362 1041 2410; x_wconf 81' lang='lat' dir='ltr'>praecedant,conveniensacde-</span> 
     </span>
     <span class='ocr_line' id='line_1_54' title="bbox 286 2416 1037 2452; baseline -0.003 0"><span class='ocrx_word' id='word_1_243' title='bbox 286 2417 387 2452; x_wconf 90' lang='lat' dir='ltr'>bitum</span> <span class='ocrx_word' id='word_1_244' title='bbox 412 2424 459 2452; x_wconf 90' lang='lat' dir='ltr'>est</span> <span class='ocrx_word' id='word_1_245' title='bbox 482 2425 515 2452; x_wconf 92' lang='lat' dir='ltr'>ut</span> <span class='ocrx_word' id='word_1_246' title='bbox 545 2417 623 2452; x_wconf 83' lang='lat' dir='ltr'>vitae</span> <span class='ocrx_word' id='word_1_247' title='bbox 648 2416 804 2451; x_wconf 88' lang='lat' dir='ltr'>munditia</span> <span class='ocrx_word' id='word_1_248' title='bbox 832 2429 866 2451; x_wconf 91' lang='lat' dir='ltr'>ac</span> <span class='ocrx_word' id='word_1_249' title='bbox 890 2417 1037 2451; x_wconf 80' lang='lat' dir='ltr'>virtutum</span> 
     </span>
     <span class='ocr_line' id='line_1_55' title="bbox 286 2471 1040 2519; baseline -0.004 -12"><span class='ocrx_word' id='word_1_250' title='bbox 286 2471 455 2519; x_wconf 87' lang='lat' dir='ltr'>splendore</span> <span class='ocrx_word' id='word_1_251' title='bbox 483 2471 605 2506; x_wconf 88' lang='lat' dir='ltr'>cunctis</span> <span class='ocrx_word' id='word_1_252' title='bbox 638 2471 864 2517; x_wconf 77' lang='lat' dir='ltr'>praefulgeant.</span> <span class='ocrx_word' id='word_1_253' title='bbox 892 2471 1040 2518; x_wconf 81' lang='lat' dir='ltr'>Quapro-</span> 
     </span>
    </p>
   </div>
   <div class='ocr_carea' id='block_1_12' title="bbox 287 2525 1041 2572">
    <p class='ocr_par' dir='ltr' id='par_1_15' title="bbox 287 2525 1041 2572">
     <span class='ocr_line' id='line_1_56' title="bbox 287 2525 1041 2572; baseline -0.001 -12"><span class='ocrx_word' id='word_1_254' title='bbox 287 2533 356 2572; x_wconf 70' lang='grc' dir='ltr'>Ρίθῐ·</span> <span class='ocrx_word' id='word_1_255' title='bbox 383 2538 445 2561; x_wconf 81' lang='lat' dir='ltr'>[10ss</span> <span class='ocrx_word' id='word_1_256' title='bbox 469 2525 564 2560; x_wconf 82' lang='lat' dir='ltr'>mOdO</span> <span class='ocrx_word' id='word_1_257' title='bbox 592 2525 755 2560; x_wconf 67' lang='lat' dir='ltr'>hortamur</span> <span class='ocrx_word' id='word_1_258' title='bbox 783 2537 836 2559; x_wconf 71' lang='grc'>805</span> <span class='ocrx_word' id='word_1_259' title='bbox 858 2537 893 2559; x_wconf 68' lang='lat' dir='ltr'>BC</span> <span class='ocrx_word' id='word_1_260' title='bbox 922 2537 1041 2559; x_wconf 76' lang='lat' dir='ltr'>mone-</span> 
     </span>
    </p>
   </div>
   <div class='ocr_carea' id='block_1_13' title="bbox 288 2596 1041 2712">
    <p class='ocr_par' dir='ltr' id='par_1_16' title="bbox 288 2596 1041 2712">
     <span class='ocr_line' id='line_1_57' title="bbox 325 2596 1038 2632; baseline -0.001 -9"><span class='ocrx_word' id='word_1_261' title='bbox 325 2596 364 2632; x_wconf 86' lang='grc'>(1)</span> <span class='ocrx_word' id='word_1_262' title='bbox 390 2597 461 2625; x_wconf 81' lang='lat' dir='ltr'>toan.</span> <span class='ocrx_word' id='word_1_263' title='bbox 489 2597 569 2623; x_wconf 80' lang='lat' dir='ltr'>XXII</span> <span class='ocrx_word' id='word_1_264' title='bbox 596 2597 740 2628; x_wconf 64' lang='lat' dir='ltr'>Extravag.</span> <span class='ocrx_word' id='word_1_265' title='bbox 778 2604 805 2628; x_wconf 76' lang='lat'>1,</span> <span class='ocrx_word' id='word_1_266' title='bbox 835 2598 872 2622; x_wconf 83' lang='lat' dir='ltr'>De</span> <span class='ocrx_word' id='word_1_267' title='bbox 894 2599 1038 2629; x_wconf 77' lang='lat' dir='ltr'>praebend.</span> 
     </span>
     <span class='ocr_line' id='line_1_58' title="bbox 289 2636 1041 2672; baseline 0 -9"><span class='ocrx_word' id='word_1_268' title='bbox 289 2637 328 2672; x_wconf 75' lang='lat'>(2)</span> <span class='ocrx_word' id='word_1_269' title='bbox 344 2637 410 2664; x_wconf 85' lang='lat' dir='ltr'>Vide</span> <span class='ocrx_word' id='word_1_270' title='bbox 425 2637 524 2665; x_wconf 89' lang='lat' dir='ltr'>Concil.</span> <span class='ocrx_word' id='word_1_271' title='bbox 543 2637 616 2663; x_wconf 88' lang='lat' dir='ltr'>Trid.</span> <span class='ocrx_word' id='word_1_272' title='bbox 630 2657 636 2669; x_wconf 90' lang='lat'>,</span> <span class='ocrx_word' id='word_1_273' title='bbox 654 2645 718 2663; x_wconf 84' lang='lat' dir='ltr'>sess.</span> <span class='ocrx_word' id='word_1_274' title='bbox 737 2644 817 2669; x_wconf 80' lang='lat' dir='ltr'>xxiv,</span> <span class='ocrx_word' id='word_1_275' title='bbox 845 2636 918 2663; x_wconf 88' lang='lat' dir='ltr'>decr.</span> <span class='ocrx_word' id='word_1_276' title='bbox 940 2638 976 2663; x_wconf 83' lang='lat' dir='ltr'>De</span> <span class='ocrx_word' id='word_1_277' title='bbox 993 2637 1041 2663; x_wconf 81' lang='lat' dir='ltr'>Re-</span> 
     </span>
     <span class='ocr_line' id='line_1_59' title="bbox 288 2676 969 2712; baseline -0.001 -8"><span class='ocrx_word' id='word_1_278' title='bbox 288 2678 382 2712; x_wconf 57' lang='lat' dir='ltr'>form„</span> <span class='ocrx_word' id='word_1_279' title='bbox 399 2686 422 2705; x_wconf 90' lang='grc'>0.</span> <span class='ocrx_word' id='word_1_280' title='bbox 444 2681 477 2711; x_wconf 87' lang='lat' dir='ltr'>t;</span> <span class='ocrx_word' id='word_1_281' title='bbox 494 2681 521 2706; x_wconf 85' lang='lat' dir='ltr'>et</span> <span class='ocrx_word' id='word_1_282' title='bbox 539 2685 605 2706; x_wconf 86' lang='lat' dir='ltr'>sess.</span> <span class='ocrx_word' id='word_1_283' title='bbox 627 2685 697 2710; x_wconf 77' lang='lat' dir='ltr'>xxv,</span> <span class='ocrx_word' id='word_1_284' title='bbox 717 2677 778 2705; x_wconf 90' lang='lat' dir='ltr'>eod.</span> <span class='ocrx_word' id='word_1_285' title='bbox 795 2676 880 2709; x_wconf 85' lang='lat' dir='ltr'>decr.,</span> <span class='ocrx_word' id='word_1_286' title='bbox 899 2685 922 2704; x_wconf 89' lang='lat' dir='ltr'>c.</span> <span class='ocrx_word' id='word_1_287' title='bbox 945 2678 969 2703; x_wconf 82' lang='lat' dir='ltr'>t.</span> 
     </span>
    </p>
   </div>
   <div class='ocr_carea' id='block_1_14' title="bbox 1049 342 1054 1000">
    <p class='ocr_par' dir='ltr' id='par_1_17' title="bbox 1049 342 1054 1000">
     <span class='ocr_line' id='line_1_60' title="bbox 1049 342 1054 1000; baseline 0 0"><span class='ocrx_word' id='word_1_288' title='bbox 1049 342 1054 1000; x_wconf 95' lang='lat' dir='ltr'> </span> 
     </span>
    </p>
   </div>
   <div class='ocr_carea' id='block_1_15' title="bbox 1706 271 1774 303">
    <p class='ocr_par' dir='ltr' id='par_1_18' title="bbox 1706 271 1774 303">
     <span class='ocr_line' id='line_1_61' title="bbox 1706 271 1774 303; baseline 0.029 -2"><span class='ocrx_word' id='word_1_289' title='bbox 1706 271 1774 303; x_wconf 77' lang='lat'>607</span> 
     </span>
    </p>
   </div>
   <div class='ocr_carea' id='block_1_16' title="bbox 1072 336 1871 2111">
    <p class='ocr_par' dir='ltr' id='par_1_19' title="bbox 1073 336 1834 1568">
     <span class='ocr_line' id='line_1_62' title="bbox 1073 336 1825 379; baseline -0.003 -8"><span class='ocrx_word' id='word_1_290' title='bbox 1073 350 1142 372; x_wconf 90' lang='lat' dir='ltr'>mus</span> <span class='ocrx_word' id='word_1_291' title='bbox 1161 366 1168 379; x_wconf 86' lang='lat'>,</span> <span class='ocrx_word' id='word_1_292' title='bbox 1194 350 1300 372; x_wconf 88' lang='lat' dir='ltr'>verum</span> <span class='ocrx_word' id='word_1_293' title='bbox 1325 337 1418 372; x_wconf 84' lang='lat' dir='ltr'>etiam</span> <span class='ocrx_word' id='word_1_294' title='bbox 1443 337 1611 372; x_wconf 82' lang='lat' dir='ltr'>statuimus</span> <span class='ocrx_word' id='word_1_295' title='bbox 1634 345 1662 371; x_wconf 91' lang='lat' dir='ltr'>et</span> <span class='ocrx_word' id='word_1_296' title='bbox 1690 336 1825 370; x_wconf 87' lang='lat' dir='ltr'>ordina—</span> 
     </span>
     <span class='ocr_line' id='line_1_63' title="bbox 1073 385 1823 434; baseline -0.001 -13"><span class='ocrx_word' id='word_1_297' title='bbox 1073 400 1141 421; x_wconf 85' lang='lat' dir='ltr'>mus</span> <span class='ocrx_word' id='word_1_298' title='bbox 1182 395 1215 422; x_wconf 91' lang='lat' dir='ltr'>ut</span> <span class='ocrx_word' id='word_1_299' title='bbox 1255 387 1294 422; x_wconf 84' lang='lat' dir='ltr'>de</span> <span class='ocrx_word' id='word_1_300' title='bbox 1329 394 1433 422; x_wconf 84' lang='lat' dir='ltr'>cetero</span> <span class='ocrx_word' id='word_1_301' title='bbox 1455 386 1586 434; x_wconf 82' lang='lat' dir='ltr'>quilibet</span> <span class='ocrx_word' id='word_1_302' title='bbox 1614 385 1823 421; x_wconf 80' lang='lat' dir='ltr'>cardinalium</span> 
     </span>
     <span class='ocr_line' id='line_1_64' title="bbox 1073 434 1825 484; baseline -0.001 -14"><span class='ocrx_word' id='word_1_303' title='bbox 1073 450 1126 482; x_wconf 88' lang='lat' dir='ltr'>pro</span> <span class='ocrx_word' id='word_1_304' title='bbox 1163 446 1304 484; x_wconf 89' lang='lat' dir='ltr'>tempore</span> <span class='ocrx_word' id='word_1_305' title='bbox 1341 437 1502 475; x_wconf 80' lang='lat' dir='ltr'>existens,</span> <span class='ocrx_word' id='word_1_306' title='bbox 1537 437 1621 470; x_wconf 87' lang='lat' dir='ltr'>iuxta</span> <span class='ocrx_word' id='word_1_307' title='bbox 1649 434 1825 470; x_wconf 86' lang='lat' dir='ltr'>doctrinam</span> 
     </span>
     <span class='ocr_line' id='line_1_65' title="bbox 1072 485 1827 533; baseline -0.003 -12.979"><span class='ocrx_word' id='word_1_308' title='bbox 1072 487 1226 533; x_wconf 65' lang='lat' dir='ltr'>Xpostoli,</span> <span class='ocrx_word' id='word_1_309' title='bbox 1251 487 1291 521; x_wconf 89' lang='lat' dir='ltr'>ita</span> <span class='ocrx_word' id='word_1_310' title='bbox 1314 486 1429 530; x_wconf 81' lang='lat' dir='ltr'>sobrie,</span> <span class='ocrx_word' id='word_1_311' title='bbox 1451 494 1535 520; x_wconf 82' lang='lat' dir='ltr'>caste</span> <span class='ocrx_word' id='word_1_312' title='bbox 1557 498 1592 520; x_wconf 88' lang='lat' dir='ltr'>ac</span> <span class='ocrx_word' id='word_1_313' title='bbox 1609 485 1658 532; x_wconf 86' lang='lat' dir='ltr'>pie</span> <span class='ocrx_word' id='word_1_314' title='bbox 1682 485 1772 524; x_wconf 79' lang='lat' dir='ltr'>vivat,</span> <span class='ocrx_word' id='word_1_315' title='bbox 1793 493 1827 519; x_wconf 88' lang='lat' dir='ltr'>ut</span> 
     </span>
     <span class='ocr_line' id='line_1_66' title="bbox 1074 534 1825 579; baseline -0.001 -10"><span class='ocrx_word' id='word_1_316' title='bbox 1074 548 1133 570; x_wconf 91' lang='lat' dir='ltr'>uon</span> <span class='ocrx_word' id='word_1_317' title='bbox 1163 535 1264 571; x_wconf 89' lang='lat' dir='ltr'>solum</span> <span class='ocrx_word' id='word_1_318' title='bbox 1293 548 1309 570; x_wconf 89' lang='lat' dir='ltr'>a</span> <span class='ocrx_word' id='word_1_319' title='bbox 1334 536 1437 579; x_wconf 87' lang='lat' dir='ltr'>malo,</span> <span class='ocrx_word' id='word_1_320' title='bbox 1460 534 1514 569; x_wconf 89' lang='lat' dir='ltr'>sed</span> <span class='ocrx_word' id='word_1_321' title='bbox 1551 535 1590 569; x_wconf 86' lang='lat' dir='ltr'>al)</span> <span class='ocrx_word' id='word_1_322' title='bbox 1617 535 1702 570; x_wconf 92' lang='lat' dir='ltr'>omni</span> <span class='ocrx_word' id='word_1_323' title='bbox 1732 534 1825 569; x_wconf 85' lang='lat' dir='ltr'>etiarn</span> 
     </span>
     <span class='ocr_line' id='line_1_67' title="bbox 1073 583 1827 631; baseline -0.003 -12"><span class='ocrx_word' id='word_1_324' title='bbox 1073 585 1176 631; x_wconf 72' lang='lat' dir='ltr'>specie</span> <span class='ocrx_word' id='word_1_325' title='bbox 1199 585 1269 619; x_wconf 88' lang='lat' dir='ltr'>mali</span> <span class='ocrx_word' id='word_1_326' title='bbox 1293 585 1479 629; x_wconf 78' lang='lat' dir='ltr'>abstinens,</span> <span class='ocrx_word' id='word_1_327' title='bbox 1511 596 1615 619; x_wconf 86' lang='lat' dir='ltr'>coram</span> <span class='ocrx_word' id='word_1_328' title='bbox 1646 583 1827 618; x_wconf 85' lang='lat' dir='ltr'>hominibus</span> 
     </span>
     <span class='ocr_line' id='line_1_68' title="bbox 1074 633 1827 681; baseline -0.001 -13"><span class='ocrx_word' id='word_1_329' title='bbox 1074 634 1185 675; x_wconf 83' lang='lat' dir='ltr'>luceat</span> <span class='ocrx_word' id='word_1_330' title='bbox 1214 635 1382 681; x_wconf 85' lang='lat' dir='ltr'>Deumque</span> <span class='ocrx_word' id='word_1_331' title='bbox 1410 635 1439 668; x_wconf 92' lang='lat' dir='ltr'>in</span> <span class='ocrx_word' id='word_1_332' title='bbox 1465 633 1575 680; x_wconf 77' lang='lat' dir='ltr'>primis</span> <span class='ocrx_word' id='word_1_333' title='bbox 1599 633 1747 680; x_wconf 88' lang='lat' dir='ltr'>operibus</span> <span class='ocrx_word' id='word_1_334' title='bbox 1770 633 1827 667; x_wconf 93' lang='lat' dir='ltr'>ho-</span> 
     </span>
     <span class='ocr_line' id='line_1_69' title="bbox 1074 682 1827 728; baseline -0.001 -11"><span class='ocrx_word' id='word_1_335' title='bbox 1074 683 1226 718; x_wconf 83' lang='lat' dir='ltr'>norifieet.</span> <span class='ocrx_word' id='word_1_336' title='bbox 1250 685 1320 718; x_wconf 78' lang='lat' dir='ltr'>Sint</span> <span class='ocrx_word' id='word_1_337' title='bbox 1337 696 1447 718; x_wconf 90' lang='lat' dir='ltr'>omnes</span> <span class='ocrx_word' id='word_1_338' title='bbox 1467 683 1576 728; x_wconf 81' lang='lat' dir='ltr'>vigiles</span> <span class='ocrx_word' id='word_1_339' title='bbox 1591 695 1626 717; x_wconf 90' lang='lat' dir='ltr'>ac</span> <span class='ocrx_word' id='word_1_340' title='bbox 1648 683 1762 717; x_wconf 86' lang='lat' dir='ltr'>divinis</span> <span class='ocrx_word' id='word_1_341' title='bbox 1779 682 1827 717; x_wconf 92' lang='lat' dir='ltr'>of-</span> 
     </span>
     <span class='ocr_line' id='line_1_70' title="bbox 1075 731 1828 780; baseline -0.001 -14"><span class='ocrx_word' id='word_1_342' title='bbox 1075 732 1151 767; x_wconf 83' lang='lat' dir='ltr'>ficiis</span> <span class='ocrx_word' id='word_1_343' title='bbox 1167 733 1399 780; x_wconf 77' lang='lat' dir='ltr'>missarumque</span> <span class='ocrx_word' id='word_1_344' title='bbox 1418 732 1683 767; x_wconf 88' lang='lat' dir='ltr'>celebrationibus</span> <span class='ocrx_word' id='word_1_345' title='bbox 1706 731 1828 771; x_wconf 86' lang='lat' dir='ltr'>intenti,</span> 
     </span>
     <span class='ocr_line' id='line_1_71' title="bbox 1075 781 1828 829; baseline -0.001 -13"><span class='ocrx_word' id='word_1_346' title='bbox 1075 782 1275 829; x_wconf 80' lang='lat' dir='ltr'>habeantque</span> <span class='ocrx_word' id='word_1_347' title='bbox 1298 783 1457 829; x_wconf 81' lang='lat' dir='ltr'>cappellas</span> <span class='ocrx_word' id='word_1_348' title='bbox 1484 794 1557 816; x_wconf 87' lang='lat' dir='ltr'>suas</span> <span class='ocrx_word' id='word_1_349' title='bbox 1586 782 1615 815; x_wconf 93' lang='lat' dir='ltr'>in</span> <span class='ocrx_word' id='word_1_350' title='bbox 1645 782 1713 816; x_wconf 89' lang='lat' dir='ltr'>loeo</span> <span class='ocrx_word' id='word_1_351' title='bbox 1732 781 1828 815; x_wconf 90' lang='lat' dir='ltr'>hone-</span> 
     </span>
     <span class='ocr_line' id='line_1_72' title="bbox 1074 830 1830 877; baseline 0 -12"><span class='ocrx_word' id='word_1_352' title='bbox 1074 840 1134 872; x_wconf 82' lang='lat' dir='ltr'>sto,</span> <span class='ocrx_word' id='word_1_353' title='bbox 1159 841 1250 877; x_wconf 82' lang='lat' dir='ltr'>prout</span> <span class='ocrx_word' id='word_1_354' title='bbox 1273 832 1375 866; x_wconf 84' lang='lat' dir='ltr'>facere</span> <span class='ocrx_word' id='word_1_355' title='bbox 1390 839 1633 866; x_wconf 82' lang='lat' dir='ltr'>consueverunt.</span> <span class='ocrx_word' id='word_1_356' title='bbox 1649 830 1760 877; x_wconf 86' lang='lat' dir='ltr'>Sitque</span> <span class='ocrx_word' id='word_1_357' title='bbox 1775 842 1830 865; x_wconf 90' lang='lat' dir='ltr'>co-</span> 
     </span>
     <span class='ocr_line' id='line_1_73' title="bbox 1077 881 1829 927; baseline 0.003 -14"><span class='ocrx_word' id='word_1_358' title='bbox 1077 893 1144 914; x_wconf 88' lang='lat' dir='ltr'>rum</span> <span class='ocrx_word' id='word_1_359' title='bbox 1169 881 1295 924; x_wconf 83' lang='lat' dir='ltr'>domus,</span> <span class='ocrx_word' id='word_1_360' title='bbox 1323 881 1451 922; x_wconf 88' lang='lat' dir='ltr'>familia,</span> <span class='ocrx_word' id='word_1_361' title='bbox 1479 892 1587 915; x_wconf 88' lang='lat' dir='ltr'>mensa</span> <span class='ocrx_word' id='word_1_362' title='bbox 1602 881 1829 927; x_wconf 87' lang='lat' dir='ltr'>suppellexque</span> 
     </span>
     <span class='ocr_line' id='line_1_74' title="bbox 1076 929 1830 977; baseline 0 -14"><span class='ocrx_word' id='word_1_363' title='bbox 1076 942 1136 964; x_wconf 92' lang='lat' dir='ltr'>non</span> <span class='ocrx_word' id='word_1_364' title='bbox 1162 930 1242 965; x_wconf 87' lang='lat' dir='ltr'>fastu</span> <span class='ocrx_word' id='word_1_365' title='bbox 1266 938 1316 964; x_wconf 87' lang='lat' dir='ltr'>aut</span> <span class='ocrx_word' id='word_1_366' title='bbox 1338 942 1463 977; x_wconf 80' lang='lat' dir='ltr'>pompa,</span> <span class='ocrx_word' id='word_1_367' title='bbox 1480 941 1582 976; x_wconf 89' lang='lat' dir='ltr'>neque</span> <span class='ocrx_word' id='word_1_368' title='bbox 1599 929 1769 976; x_wconf 86' lang='lat' dir='ltr'>superfluis</span> <span class='ocrx_word' id='word_1_369' title='bbox 1784 942 1830 963; x_wconf 85' lang='lat' dir='ltr'>re-</span> 
     </span>
     <span class='ocr_line' id='line_1_75' title="bbox 1075 978 1830 1026; baseline 0 -13"><span class='ocrx_word' id='word_1_370' title='bbox 1075 978 1146 1023; x_wconf 70' lang='lat' dir='ltr'>lius,</span> <span class='ocrx_word' id='word_1_371' title='bbox 1175 992 1280 1026; x_wconf 81' lang='lat' dir='ltr'>neque</span> <span class='ocrx_word' id='word_1_372' title='bbox 1301 979 1407 1026; x_wconf 87' lang='lat' dir='ltr'>aliquo</span> <span class='ocrx_word' id='word_1_373' title='bbox 1438 978 1535 1013; x_wconf 89' lang='lat' dir='ltr'>modo</span> <span class='ocrx_word' id='word_1_374' title='bbox 1564 978 1830 1025; x_wconf 85' lang='lat' dir='ltr'>reprehensibilis,</span> 
     </span>
     <span class='ocr_line' id='line_1_76' title="bbox 1076 1027 1830 1074; baseline -0.001 -12"><span class='ocrx_word' id='word_1_375' title='bbox 1076 1040 1113 1062; x_wconf 89' lang='lat' dir='ltr'>ne</span> <span class='ocrx_word' id='word_1_376' title='bbox 1138 1029 1285 1074; x_wconf 84' lang='lat' dir='ltr'>peccandi</span> <span class='ocrx_word' id='word_1_377' title='bbox 1303 1028 1539 1074; x_wconf 81' lang='lat' dir='ltr'>excedendique</span> <span class='ocrx_word' id='word_1_378' title='bbox 1562 1028 1687 1062; x_wconf 89' lang='lat' dir='ltr'>modum</span> <span class='ocrx_word' id='word_1_379' title='bbox 1705 1027 1830 1062; x_wconf 89' lang='lat' dir='ltr'>licentia</span> 
     </span>
     <span class='ocr_line' id='line_1_77' title="bbox 1077 1077 1831 1124; baseline 0 -13"><span class='ocrx_word' id='word_1_380' title='bbox 1077 1077 1149 1112; x_wconf 88' lang='lat' dir='ltr'>iude</span> <span class='ocrx_word' id='word_1_381' title='bbox 1177 1086 1335 1121; x_wconf 78' lang='lat' dir='ltr'>nascatur,</span> <span class='ocrx_word' id='word_1_382' title='bbox 1362 1078 1429 1117; x_wconf 76' lang='lat' dir='ltr'>sed,</span> <span class='ocrx_word' id='word_1_383' title='bbox 1458 1085 1490 1111; x_wconf 93' lang='lat' dir='ltr'>ut</span> <span class='ocrx_word' id='word_1_384' title='bbox 1518 1089 1651 1124; x_wconf 86' lang='lat' dir='ltr'>aequum</span> <span class='ocrx_word' id='word_1_385' title='bbox 1675 1086 1732 1120; x_wconf 86' lang='lat' dir='ltr'>est,</span> <span class='ocrx_word' id='word_1_386' title='bbox 1760 1090 1831 1111; x_wconf 90' lang='lat' dir='ltr'>mo-</span> 
     </span>
     <span class='ocr_line' id='line_1_78' title="bbox 1076 1126 1832 1172; baseline 0 -12"><span class='ocrx_word' id='word_1_387' title='bbox 1076 1126 1194 1162; x_wconf 84' lang='lat' dir='ltr'>destiae</span> <span class='ocrx_word' id='word_1_388' title='bbox 1217 1135 1246 1161; x_wconf 89' lang='lat' dir='ltr'>et</span> <span class='ocrx_word' id='word_1_389' title='bbox 1270 1127 1457 1172; x_wconf 81' lang='lat' dir='ltr'>frugalitatis</span> <span class='ocrx_word' id='word_1_390' title='bbox 1479 1126 1645 1172; x_wconf 85' lang='lat' dir='ltr'>speculum</span> <span class='ocrx_word' id='word_1_391' title='bbox 1674 1126 1735 1161; x_wconf 88' lang='lat' dir='ltr'>dici</span> <span class='ocrx_word' id='word_1_392' title='bbox 1763 1138 1832 1161; x_wconf 88' lang='lat' dir='ltr'>me-</span> 
     </span>
     <span class='ocr_line' id='line_1_79' title="bbox 1076 1176 1831 1222; baseline 0 -13"><span class='ocrx_word' id='word_1_393' title='bbox 1076 1183 1215 1210; x_wconf 88' lang='lat' dir='ltr'>reantur.</span> <span class='ocrx_word' id='word_1_394' title='bbox 1245 1176 1309 1211; x_wconf 83' lang='grc'>11115</span> <span class='ocrx_word' id='word_1_395' title='bbox 1338 1177 1443 1222; x_wconf 91' lang='lat' dir='ltr'>itaque</span> <span class='ocrx_word' id='word_1_396' title='bbox 1471 1176 1533 1210; x_wconf 87' lang='lat' dir='ltr'>sint</span> <span class='ocrx_word' id='word_1_397' title='bbox 1560 1176 1724 1219; x_wconf 86' lang='lat' dir='ltr'>conteuti,</span> <span class='ocrx_word' id='word_1_398' title='bbox 1752 1187 1831 1221; x_wconf 89' lang='lat' dir='ltr'>quae</span> 
     </span>
     <span class='ocr_line' id='line_1_80' title="bbox 1076 1224 1834 1272; baseline -0.001 -13"><span class='ocrx_word' id='word_1_399' title='bbox 1076 1225 1302 1260; x_wconf 80' lang='lat' dir='ltr'>sacerdotalem</span> <span class='ocrx_word' id='word_1_400' title='bbox 1333 1225 1545 1272; x_wconf 78' lang='lat' dir='ltr'>praeseferant</span> <span class='ocrx_word' id='word_1_401' title='bbox 1573 1224 1771 1259; x_wconf 88' lang='lat' dir='ltr'>modestiam.</span> <span class='ocrx_word' id='word_1_402' title='bbox 1786 1224 1834 1259; x_wconf 84' lang='lat' dir='ltr'>Ac</span> 
     </span>
     <span class='ocr_line' id='line_1_81' title="bbox 1078 1273 1834 1321; baseline 0 -13"><span class='ocrx_word' id='word_1_403' title='bbox 1078 1275 1232 1321; x_wconf 89' lang='lat' dir='ltr'>praelatos</span> <span class='ocrx_word' id='word_1_404' title='bbox 1265 1284 1295 1310; x_wconf 89' lang='lat' dir='ltr'>et</span> <span class='ocrx_word' id='word_1_405' title='bbox 1330 1286 1552 1321; x_wconf 81' lang='lat' dir='ltr'>quoscumque</span> <span class='ocrx_word' id='word_1_406' title='bbox 1579 1274 1658 1309; x_wconf 90' lang='lat' dir='ltr'>alios</span> <span class='ocrx_word' id='word_1_407' title='bbox 1694 1273 1834 1319; x_wconf 80' lang='lat' dir='ltr'>insignes</span> 
     </span>
     <span class='ocr_line' id='line_1_82' title="bbox 1079 1302 1834 1367; baseline 0 -9"><span class='ocrx_word' id='word_1_408' title='bbox 1079 1324 1160 1358; x_wconf 71' lang='lat' dir='ltr'>tiros</span> <span class='ocrx_word' id='word_1_409' title='bbox 1184 1324 1221 1359; x_wconf 86' lang='lat' dir='ltr'>ad</span> <span class='ocrx_word' id='word_1_410' title='bbox 1242 1324 1416 1358; x_wconf 86' lang='lat' dir='ltr'>Romanam</span> <span class='ocrx_word' id='word_1_411' title='bbox 1434 1323 1564 1358; x_wconf 88' lang='lat' dir='ltr'>Curiam</span> <span class='ocrx_word' id='word_1_412' title='bbox 1589 1323 1762 1367; x_wconf 85' lang='lat' dir='ltr'>venientes,</span> <span class='ocrx_word' id='word_1_413' title='bbox 1757 1302 1834 1358; x_wconf 68' lang='grc' dir='ltr'>ὅ110-</span> 
     </span>
     <span class='ocr_line' id='line_1_83' title="bbox 1078 1372 1831 1420; baseline -0.001 -13"><span class='ocrx_word' id='word_1_414' title='bbox 1078 1373 1173 1419; x_wconf 78' lang='lat' dir='ltr'>nigne</span> <span class='ocrx_word' id='word_1_415' title='bbox 1202 1373 1464 1420; x_wconf 82' lang='lat' dir='ltr'>honorificeque,</span> <span class='ocrx_word' id='word_1_416' title='bbox 1497 1380 1557 1407; x_wconf 84' lang='lat' dir='ltr'>tam</span> <span class='ocrx_word' id='word_1_417' title='bbox 1588 1372 1715 1419; x_wconf 89' lang='lat' dir='ltr'>publice</span> <span class='ocrx_word' id='word_1_418' title='bbox 1737 1384 1831 1419; x_wconf 90' lang='lat' dir='ltr'>quam</span> 
     </span>
     <span class='ocr_line' id='line_1_84' title="bbox 1078 1409 1833 1469; baseline 0 -13"><span class='ocrx_word' id='word_1_419' title='bbox 1078 1409 1234 1469; x_wconf 74' lang='lat' dir='ltr'>privatim,</span> <span class='ocrx_word' id='word_1_420' title='bbox 1258 1431 1402 1467; x_wconf 86' lang='lat' dir='ltr'>tractent,</span> <span class='ocrx_word' id='word_1_421' title='bbox 1419 1430 1448 1457; x_wconf 90' lang='lat' dir='ltr'>et</span> <span class='ocrx_word' id='word_1_422' title='bbox 1463 1422 1547 1469; x_wconf 90' lang='lat' dir='ltr'>apud</span> <span class='ocrx_word' id='word_1_423' title='bbox 1569 1434 1627 1456; x_wconf 83' lang='lat' dir='ltr'>nos</span> <span class='ocrx_word' id='word_1_424' title='bbox 1650 1429 1681 1456; x_wconf 85' lang='lat' dir='ltr'>et</span> <span class='ocrx_word' id='word_1_425' title='bbox 1704 1433 1833 1456; x_wconf 85' lang='lat' dir='ltr'>succes-</span> 
     </span>
     <span class='ocr_line' id='line_1_85' title="bbox 1077 1471 1834 1518; baseline 0 -12"><span class='ocrx_word' id='word_1_426' title='bbox 1077 1484 1165 1506; x_wconf 89' lang='lat' dir='ltr'>sores</span> <span class='ocrx_word' id='word_1_427' title='bbox 1194 1480 1319 1507; x_wconf 88' lang='lat' dir='ltr'>nostros</span> <span class='ocrx_word' id='word_1_428' title='bbox 1346 1472 1482 1518; x_wconf 80' lang='lat' dir='ltr'>gratiose</span> <span class='ocrx_word' id='word_1_429' title='bbox 1513 1471 1746 1518; x_wconf 87' lang='lat' dir='ltr'>liberaliterque</span> <span class='ocrx_word' id='word_1_430' title='bbox 1773 1483 1834 1506; x_wconf 81' lang='lat' dir='ltr'>eo·-</span> 
     </span>
     <span class='ocr_line' id='line_1_86' title="bbox 1078 1520 1758 1568; baseline -0.001 -13"><span class='ocrx_word' id='word_1_431' title='bbox 1078 1533 1147 1556; x_wconf 88' lang='lat' dir='ltr'>rum</span> <span class='ocrx_word' id='word_1_432' title='bbox 1173 1522 1297 1568; x_wconf 81' lang='lat' dir='ltr'>negotia</span> <span class='ocrx_word' id='word_1_433' title='bbox 1325 1520 1545 1556; x_wconf 88' lang='lat' dir='ltr'>commendata</span> <span class='ocrx_word' id='word_1_434' title='bbox 1573 1521 1758 1567; x_wconf 79' lang='lat' dir='ltr'>suscipiant.</span> 
     </span>
    </p>

    <p class='ocr_par' dir='ltr' id='par_1_20' title="bbox 1079 1569 1871 2002">
     <span class='ocr_line' id='line_1_87' title="bbox 1129 1569 1832 1617; baseline 0 -14"><span class='ocrx_word' id='word_1_435' title='bbox 1129 1571 1148 1617; x_wconf 64' lang='lat' dir='ltr'>g</span> <span class='ocrx_word' id='word_1_436' title='bbox 1164 1573 1218 1604; x_wconf 79' lang='lat'>17.</span> <span class='ocrx_word' id='word_1_437' title='bbox 1234 1571 1400 1614; x_wconf 65' lang='lat' dir='ltr'>Praeterea,</span> <span class='ocrx_word' id='word_1_438' title='bbox 1417 1570 1630 1605; x_wconf 90' lang='lat' dir='ltr'>ministerium</span> <span class='ocrx_word' id='word_1_439' title='bbox 1647 1569 1832 1604; x_wconf 89' lang='lat' dir='ltr'>indecorum</span> 
     </span>
     <span class='ocr_line' id='line_1_88' title="bbox 1079 1618 1834 1668; baseline -0.003 -13"><span class='ocrx_word' id='word_1_440' title='bbox 1079 1621 1301 1668; x_wconf 82' lang='lat' dir='ltr'>episcoporum</span> <span class='ocrx_word' id='word_1_441' title='bbox 1327 1621 1603 1667; x_wconf 89' lang='lat' dir='ltr'>praelatorumque</span> <span class='ocrx_word' id='word_1_442' title='bbox 1633 1619 1662 1653; x_wconf 89' lang='lat' dir='ltr'>in</span> <span class='ocrx_word' id='word_1_443' title='bbox 1687 1618 1834 1654; x_wconf 90' lang='lat' dir='ltr'>domibus</span> 
     </span>
     <span class='ocr_line' id='line_1_89' title="bbox 1080 1668 1871 1715; baseline -0.004 -10"><span class='ocrx_word' id='word_1_444' title='bbox 1080 1683 1141 1705; x_wconf 88' lang='lat' dir='ltr'>non</span> <span class='ocrx_word' id='word_1_445' title='bbox 1165 1671 1311 1714; x_wconf 86' lang='lat' dir='ltr'>habeant,</span> <span class='ocrx_word' id='word_1_446' title='bbox 1339 1682 1377 1705; x_wconf 90' lang='lat' dir='ltr'>ne</span> <span class='ocrx_word' id='word_1_447' title='bbox 1400 1669 1512 1705; x_wconf 88' lang='lat' dir='ltr'>ceteris</span> <span class='ocrx_word' id='word_1_448' title='bbox 1541 1681 1672 1715; x_wconf 64' lang='lat' dir='ltr'>praeesse</span> <span class='ocrx_word' id='word_1_449' title='bbox 1700 1668 1834 1703; x_wconf 82' lang='lat' dir='ltr'>instituti</span> <span class='ocrx_word' id='word_1_450' title='bbox 1862 1684 1871 1697; x_wconf 70' lang='lat' dir='ltr'>a</span> 
     </span>
     <span class='ocr_line' id='line_1_90' title="bbox 1079 1718 1835 1765; baseline -0.004 -10"><span class='ocrx_word' id='word_1_451' title='bbox 1079 1729 1108 1755; x_wconf 88' lang='lat' dir='ltr'>et</span> <span class='ocrx_word' id='word_1_452' title='bbox 1123 1732 1211 1755; x_wconf 78' lang='lat' dir='ltr'>sacro</span> <span class='ocrx_word' id='word_1_453' title='bbox 1226 1720 1406 1754; x_wconf 86' lang='lat' dir='ltr'>charactere</span> <span class='ocrx_word' id='word_1_454' title='bbox 1421 1719 1558 1765; x_wconf 83' lang='lat' dir='ltr'>insigniti</span> <span class='ocrx_word' id='word_1_455' title='bbox 1575 1719 1605 1752; x_wconf 89' lang='lat' dir='ltr'>in</span> <span class='ocrx_word' id='word_1_456' title='bbox 1621 1718 1688 1752; x_wconf 90' lang='lat' dir='ltr'>vilia</span> <span class='ocrx_word' id='word_1_457' title='bbox 1702 1718 1835 1752; x_wconf 87' lang='lat' dir='ltr'>descen-</span> 
     </span>
     <span class='ocr_line' id='line_1_91' title="bbox 1079 1767 1834 1815; baseline -0.004 -11"><span class='ocrx_word' id='word_1_458' title='bbox 1079 1770 1153 1804; x_wconf 88' lang='lat' dir='ltr'>dant</span> <span class='ocrx_word' id='word_1_459' title='bbox 1170 1769 1354 1809; x_wconf 80' lang='lat' dir='ltr'>ministeria,</span> <span class='ocrx_word' id='word_1_460' title='bbox 1371 1767 1726 1815; x_wconf 84' lang='lat' dir='ltr'>passimquepastoralis</span> <span class='ocrx_word' id='word_1_461' title='bbox 1739 1767 1834 1802; x_wconf 86' lang='lat' dir='ltr'>officii</span> 
     </span>
     <span class='ocr_line' id='line_1_92' title="bbox 1080 1816 1835 1866; baseline -0.005 -12"><span class='ocrx_word' id='word_1_462' title='bbox 1080 1827 1297 1866; x_wconf 88' lang='lat' dir='ltr'>contemptum</span> <span class='ocrx_word' id='word_1_463' title='bbox 1314 1818 1551 1853; x_wconf 87' lang='lat' dir='ltr'>inducant.Eos</span> <span class='ocrx_word' id='word_1_464' title='bbox 1563 1819 1679 1864; x_wconf 88' lang='lat' dir='ltr'>itaque,</span> <span class='ocrx_word' id='word_1_465' title='bbox 1695 1829 1775 1864; x_wconf 90' lang='lat' dir='ltr'>quos</span> <span class='ocrx_word' id='word_1_466' title='bbox 1789 1816 1835 1851; x_wconf 88' lang='lat' dir='ltr'>vel</span> 
     </span>
     <span class='ocr_line' id='line_1_93' title="bbox 1081 1866 1837 1914; baseline -0.004 -11"><span class='ocrx_word' id='word_1_467' title='bbox 1081 1881 1166 1903; x_wconf 89' lang='lat' dir='ltr'>nunc</span> <span class='ocrx_word' id='word_1_468' title='bbox 1182 1869 1299 1903; x_wconf 89' lang='lat' dir='ltr'>habeut</span> <span class='ocrx_word' id='word_1_469' title='bbox 1313 1868 1358 1902; x_wconf 81' lang='lat' dir='ltr'>vel</span> <span class='ocrx_word' id='word_1_470' title='bbox 1378 1869 1406 1901; x_wconf 90' lang='lat' dir='ltr'>in</span> <span class='ocrx_word' id='word_1_471' title='bbox 1424 1875 1584 1914; x_wconf 86' lang='lat' dir='ltr'>posterum</span> <span class='ocrx_word' id='word_1_472' title='bbox 1596 1875 1671 1901; x_wconf 91' lang='lat' dir='ltr'>sunt</span> <span class='ocrx_word' id='word_1_473' title='bbox 1686 1866 1837 1910; x_wconf 88' lang='lat' dir='ltr'>habituri,</span> 
     </span>
     <span class='ocr_line' id='line_1_94' title="bbox 1081 1917 1837 1959; baseline -0.003 -7"><span class='ocrx_word' id='word_1_474' title='bbox 1081 1918 1313 1959; x_wconf 84' lang='lat' dir='ltr'>honorifice,ut</span> <span class='ocrx_word' id='word_1_475' title='bbox 1329 1917 1451 1957; x_wconf 72' lang='lat' dir='ltr'>fratres,</span> <span class='ocrx_word' id='word_1_476' title='bbox 1475 1929 1510 1951; x_wconf 91' lang='lat' dir='ltr'>ac</span> <span class='ocrx_word' id='word_1_477' title='bbox 1538 1917 1622 1951; x_wconf 81' lang='lat' dir='ltr'>iuxta</span> <span class='ocrx_word' id='word_1_478' title='bbox 1646 1928 1756 1951; x_wconf 86' lang='lat' dir='ltr'>eorum</span> <span class='ocrx_word' id='word_1_479' title='bbox 1772 1924 1837 1951; x_wconf 86' lang='lat' dir='ltr'>sta-</span> 
     </span>
     <span class='ocr_line' id='line_1_95' title="bbox 1083 1967 1576 2002; baseline -0.004 0"><span class='ocrx_word' id='word_1_480' title='bbox 1083 1977 1132 2002; x_wconf 84' lang='lat' dir='ltr'>tus</span> <span class='ocrx_word' id='word_1_481' title='bbox 1159 1967 1399 2002; x_wconf 87' lang='lat' dir='ltr'>condecentiam</span> <span class='ocrx_word' id='word_1_482' title='bbox 1429 1974 1576 2001; x_wconf 82' lang='lat' dir='ltr'>tractent.</span> 
     </span>
    </p>

    <p class='ocr_par' dir='ltr' id='par_1_21' title="bbox 1082 2014 1837 2111">
     <span class='ocr_line' id='line_1_96' title="bbox 1130 2014 1837 2063; baseline -0.003 -12"><span class='ocrx_word' id='word_1_483' title='bbox 1130 2022 1144 2060; x_wconf 61' lang='lat' dir='ltr'>g</span> <span class='ocrx_word' id='word_1_484' title='bbox 1170 2019 1224 2051; x_wconf 50' lang='lat'>118.</span> <span class='ocrx_word' id='word_1_485' title='bbox 1249 2017 1395 2063; x_wconf 88' lang='lat' dir='ltr'>Cumque</span> <span class='ocrx_word' id='word_1_486' title='bbox 1416 2016 1561 2050; x_wconf 82' lang='lat' dir='ltr'>Romano</span> <span class='ocrx_word' id='word_1_487' title='bbox 1573 2014 1732 2058; x_wconf 84' lang='lat' dir='ltr'>Pontifici,</span> <span class='ocrx_word' id='word_1_488' title='bbox 1749 2026 1837 2049; x_wconf 92' lang='lat' dir='ltr'>com-</span> 
     </span>
     <span class='ocr_line' id='line_1_97' title="bbox 1082 2064 1836 2111; baseline -0.004 -10"><span class='ocrx_word' id='word_1_489' title='bbox 1082 2067 1169 2101; x_wconf 88' lang='lat' dir='ltr'>muni</span> <span class='ocrx_word' id='word_1_490' title='bbox 1197 2067 1340 2101; x_wconf 90' lang='lat' dir='ltr'>omnium</span> <span class='ocrx_word' id='word_1_491' title='bbox 1364 2065 1617 2100; x_wconf 86' lang='lat' dir='ltr'>christifidelium</span> <span class='ocrx_word' id='word_1_492' title='bbox 1636 2065 1727 2111; x_wconf 84' lang='lat' dir='ltr'>patri,</span> <span class='ocrx_word' id='word_1_493' title='bbox 1755 2064 1836 2098; x_wconf 88' lang='lat' dir='ltr'>assi-</span> 
     </span>
    </p>
   </div>
   <div class='ocr_carea' id='block_1_17' title="bbox 1082 2118 1839 2708">
    <p class='ocr_par' dir='ltr' id='par_1_22' title="bbox 1082 2118 1839 2708">
     <span class='ocr_line' id='line_1_98' title="bbox 1082 2118 1837 2168; baseline -0.004 -13"><span class='ocrx_word' id='word_1_494' title='bbox 1082 2129 1175 2162; x_wconf 86' lang='lat' dir='ltr'>stant,</span> <span class='ocrx_word' id='word_1_495' title='bbox 1200 2133 1406 2168; x_wconf 87' lang='lat' dir='ltr'>personarum</span> <span class='ocrx_word' id='word_1_496' title='bbox 1430 2127 1645 2166; x_wconf 87' lang='lat' dir='ltr'>acceptatores</span> <span class='ocrx_word' id='word_1_497' title='bbox 1671 2118 1717 2153; x_wconf 86' lang='lat' dir='ltr'>vel</span> <span class='ocrx_word' id='word_1_498' title='bbox 1741 2118 1837 2153; x_wconf 86' lang='lat' dir='ltr'>advo-</span> 
     </span>
     <span class='ocr_line' id='line_1_99' title="bbox 1082 2173 1838 2220; baseline -0.004 -10"><span class='ocrx_word' id='word_1_499' title='bbox 1082 2185 1168 2210; x_wconf 85' lang='lat' dir='ltr'>catos</span> <span class='ocrx_word' id='word_1_500' title='bbox 1181 2187 1235 2210; x_wconf 88' lang='lat' dir='ltr'>eos</span> <span class='ocrx_word' id='word_1_501' title='bbox 1258 2175 1322 2209; x_wconf 79' lang='lat' dir='ltr'>fieri</span> <span class='ocrx_word' id='word_1_502' title='bbox 1348 2173 1436 2208; x_wconf 80' lang='lat' dir='ltr'>valde</span> <span class='ocrx_word' id='word_1_503' title='bbox 1451 2173 1675 2208; x_wconf 86' lang='lat' dir='ltr'>inconveniens</span> <span class='ocrx_word' id='word_1_504' title='bbox 1690 2179 1748 2213; x_wconf 77' lang='lat' dir='ltr'>est;</span> <span class='ocrx_word' id='word_1_505' title='bbox 1764 2185 1838 2220; x_wconf 90' lang='lat' dir='ltr'>pro-</span> 
     </span>
     <span class='ocr_line' id='line_1_100' title="bbox 1084 2227 1839 2277; baseline -0.001 -15"><span class='ocrx_word' id='word_1_506' title='bbox 1084 2238 1186 2277; x_wconf 84' lang='lat' dir='ltr'>pterea</span> <span class='ocrx_word' id='word_1_507' title='bbox 1200 2229 1366 2264; x_wconf 87' lang='lat' dir='ltr'>statuimus</span> <span class='ocrx_word' id='word_1_508' title='bbox 1376 2240 1415 2262; x_wconf 87' lang='lat' dir='ltr'>ne</span> <span class='ocrx_word' id='word_1_509' title='bbox 1432 2227 1647 2275; x_wconf 88' lang='lat' dir='ltr'>partialitatem</span> <span class='ocrx_word' id='word_1_510' title='bbox 1664 2227 1839 2274; x_wconf 89' lang='lat' dir='ltr'>suscipiant</span> 
     </span>
     <span class='ocr_line' id='line_1_101' title="bbox 1083 2281 1838 2331; baseline -0.004 -13"><span class='ocrx_word' id='word_1_511' title='bbox 1083 2284 1234 2331; x_wconf 84' lang='lat' dir='ltr'>aliquam,</span> <span class='ocrx_word' id='word_1_512' title='bbox 1258 2295 1360 2330; x_wconf 89' lang='lat' dir='ltr'>neque</span> <span class='ocrx_word' id='word_1_513' title='bbox 1388 2281 1566 2329; x_wconf 90' lang='lat' dir='ltr'>principum</span> <span class='ocrx_word' id='word_1_514' title='bbox 1589 2288 1641 2315; x_wconf 88' lang='lat' dir='ltr'>aut</span> <span class='ocrx_word' id='word_1_515' title='bbox 1657 2281 1838 2315; x_wconf 88' lang='lat' dir='ltr'>communi-</span> 
     </span>
     <span class='ocr_line' id='line_1_102' title="bbox 1084 2335 1836 2385; baseline -0.003 -13"><span class='ocrx_word' id='word_1_516' title='bbox 1084 2346 1182 2373; x_wconf 91' lang='lat' dir='ltr'>tatum</span> <span class='ocrx_word' id='word_1_517' title='bbox 1208 2338 1252 2372; x_wconf 85' lang='lat' dir='ltr'>vel</span> <span class='ocrx_word' id='word_1_518' title='bbox 1277 2347 1556 2385; x_wconf 88' lang='lat' dir='ltr'>quorumcumque</span> <span class='ocrx_word' id='word_1_519' title='bbox 1579 2335 1711 2370; x_wconf 91' lang='lat' dir='ltr'>aliorum</span> <span class='ocrx_word' id='word_1_520' title='bbox 1728 2345 1836 2371; x_wconf 89' lang='lat' dir='ltr'>contra</span> 
     </span>
     <span class='ocr_line' id='line_1_103' title="bbox 1084 2389 1837 2439; baseline -0.004 -13"><span class='ocrx_word' id='word_1_521' title='bbox 1084 2404 1289 2439; x_wconf 86' lang='lat' dir='ltr'>quemquam,</span> <span class='ocrx_word' id='word_1_522' title='bbox 1306 2391 1365 2426; x_wconf 91' lang='lat' dir='ltr'>nisi</span> <span class='ocrx_word' id='word_1_523' title='bbox 1380 2398 1534 2437; x_wconf 87' lang='lat' dir='ltr'>quantum</span> <span class='ocrx_word' id='word_1_524' title='bbox 1549 2390 1667 2424; x_wconf 84' lang='lat' dir='ltr'>iustitia</span> <span class='ocrx_word' id='word_1_525' title='bbox 1680 2398 1710 2424; x_wconf 91' lang='lat' dir='ltr'>et</span> <span class='ocrx_word' id='word_1_526' title='bbox 1724 2389 1837 2436; x_wconf 88' lang='lat' dir='ltr'>aequi-</span> 
     </span>
     <span class='ocr_line' id='line_1_104' title="bbox 1085 2444 1838 2493; baseline -0.004 -13"><span class='ocrx_word' id='word_1_527' title='bbox 1085 2454 1131 2481; x_wconf 89' lang='lat' dir='ltr'>tas</span> <span class='ocrx_word' id='word_1_528' title='bbox 1159 2447 1307 2493; x_wconf 87' lang='lat' dir='ltr'>postulat,</span> <span class='ocrx_word' id='word_1_529' title='bbox 1336 2456 1513 2491; x_wconf 86' lang='lat' dir='ltr'>eorumque</span> <span class='ocrx_word' id='word_1_530' title='bbox 1539 2444 1676 2490; x_wconf 84' lang='lat' dir='ltr'>dignitas</span> <span class='ocrx_word' id='word_1_531' title='bbox 1702 2453 1732 2478; x_wconf 88' lang='lat' dir='ltr'>et</span> <span class='ocrx_word' id='word_1_532' title='bbox 1759 2456 1838 2478; x_wconf 85' lang='lat' dir='ltr'>con-</span> 
     </span>
     <span class='ocr_line' id='line_1_105' title="bbox 1084 2497 1837 2548; baseline -0.004 -13"><span class='ocrx_word' id='word_1_533' title='bbox 1084 2500 1162 2535; x_wconf 87' lang='lat' dir='ltr'>ditio</span> <span class='ocrx_word' id='word_1_534' title='bbox 1185 2501 1327 2548; x_wconf 86' lang='lat' dir='ltr'>requirit,</span> <span class='ocrx_word' id='word_1_535' title='bbox 1357 2506 1552 2547; x_wconf 90' lang='lat' dir='ltr'>promotores</span> <span class='ocrx_word' id='word_1_536' title='bbox 1578 2506 1630 2533; x_wconf 88' lang='lat' dir='ltr'>aut</span> <span class='ocrx_word' id='word_1_537' title='bbox 1652 2497 1837 2532; x_wconf 85' lang='lat' dir='ltr'>defensores</span> 
     </span>
     <span class='ocr_line' id='line_1_106' title="bbox 1085 2551 1837 2601; baseline -0.005 -12"><span class='ocrx_word' id='word_1_538' title='bbox 1085 2554 1273 2596; x_wconf 75' lang='lat' dir='ltr'>fiant3sed,a</span> <span class='ocrx_word' id='word_1_539' title='bbox 1291 2554 1408 2601; x_wconf 72' lang='lat' dir='ltr'>privata</span> <span class='ocrx_word' id='word_1_540' title='bbox 1424 2553 1510 2588; x_wconf 88' lang='grc'>03131</span> <span class='ocrx_word' id='word_1_541' title='bbox 1529 2552 1673 2600; x_wconf 87' lang='lat' dir='ltr'>passione</span> <span class='ocrx_word' id='word_1_542' title='bbox 1689 2551 1837 2591; x_wconf 79' lang='lat' dir='ltr'>seiuncti,</span> 
     </span>
     <span class='ocr_line' id='line_1_107' title="bbox 1084 2607 1838 2654; baseline -0.005 -10"><span class='ocrx_word' id='word_1_543' title='bbox 1084 2608 1232 2644; x_wconf 86' lang='lat' dir='ltr'>sedandis</span> <span class='ocrx_word' id='word_1_544' title='bbox 1245 2617 1273 2643; x_wconf 90' lang='lat' dir='ltr'>et</span> <span class='ocrx_word' id='word_1_545' title='bbox 1286 2607 1516 2654; x_wconf 88' lang='lat' dir='ltr'>componendis</span> <span class='ocrx_word' id='word_1_546' title='bbox 1526 2607 1605 2642; x_wconf 88' lang='lat' dir='ltr'>inter</span> <span class='ocrx_word' id='word_1_547' title='bbox 1619 2617 1838 2653; x_wconf 85' lang='lat' dir='ltr'>quoscumque</span> 
     </span>
     <span class='ocr_line' id='line_1_108' title="bbox 1085 2660 1838 2708; baseline -0.003 -11"><span class='ocrx_word' id='word_1_548' title='bbox 1085 2663 1195 2698; x_wconf 88' lang='lat' dir='ltr'>litibus</span> <span class='ocrx_word' id='word_1_549' title='bbox 1219 2662 1305 2696; x_wconf 87' lang='grc'>03131</span> <span class='ocrx_word' id='word_1_550' title='bbox 1334 2661 1496 2708; x_wconf 80' lang='lat' dir='ltr'>diligentia</span> <span class='ocrx_word' id='word_1_551' title='bbox 1513 2669 1621 2696; x_wconf 85' lang='lat' dir='ltr'>vacent</span> <span class='ocrx_word' id='word_1_552' title='bbox 1639 2660 1838 2696; x_wconf 84' lang='lat' dir='ltr'>incumbant-</span> 
     </span>
    </p>
   </div>
   <div class='ocr_carea' id='block_1_18' title="bbox 1842 281 2024 307">
    <p class='ocr_par' dir='ltr' id='par_1_23' title="bbox 1842 281 2024 307">
     <span class='ocr_line' id='line_1_109' title="bbox 1842 281 2024 307; baseline -0.005 0"><span class='ocrx_word' id='word_1_553' title='bbox 1842 282 1889 307; x_wconf 72' lang='lat' dir='ltr'>An.</span> <span class='ocrx_word' id='word_1_554' title='bbox 1910 281 1938 307; x_wconf 89' lang='lat' dir='ltr'>C.</span> <span class='ocrx_word' id='word_1_555' title='bbox 1959 281 2024 306; x_wconf 66' lang='grc'>15116</span> 
     </span>
    </p>
   </div>
   <div class='ocr_carea' id='block_1_19' title="bbox 1827 1583 2036 1673">
    <p class='ocr_par' dir='ltr' id='par_1_24' title="bbox 1827 1583 2036 1673">
     <span class='ocr_line' id='line_1_110' title="bbox 1871 1583 2034 1610; baseline 0.006 -7"><span class='ocrx_word' id='word_1_556' title='bbox 1871 1583 1950 1609; x_wconf 77' lang='lat' dir='ltr'>Nempe</span> <span class='ocrx_word' id='word_1_557' title='bbox 1980 1585 2034 1610; x_wconf 78' lang='lat' dir='ltr'>quod</span> 
     </span>
     <span class='ocr_line' id='line_1_111' title="bbox 1850 1615 2035 1641; baseline 0.005 -7"><span class='ocrx_word' id='word_1_558' title='bbox 1850 1620 1895 1635; x_wconf 91' lang='lat' dir='ltr'>cum</span> <span class='ocrx_word' id='word_1_559' title='bbox 1913 1616 1978 1641; x_wconf 80' lang='lat' dir='ltr'>episc.</span> <span class='ocrx_word' id='word_1_560' title='bbox 1995 1615 2035 1635; x_wconf 83' lang='grc'>110-</span> 
     </span>
     <span class='ocr_line' id='line_1_112' title="bbox 1827 1647 2036 1673; baseline 0 -6"><span class='ocrx_word' id='word_1_561' title='bbox 1827 1668 1832 1673; x_wconf 66' lang='grc'><strong>,</strong></span> <span class='ocrx_word' id='word_1_562' title='bbox 1849 1647 1937 1667; x_wconf 74' lang='lat' dir='ltr'>aurifice</span> <span class='ocrx_word' id='word_1_563' title='bbox 1957 1652 1979 1667; x_wconf 71' lang='lat' dir='ltr'>te</span> <span class='ocrx_word' id='word_1_564' title='bbox 1997 1652 2036 1672; x_wconf 73' lang='lat' dir='ltr'>ge-</span> 
     </span>
    </p>
   </div>
   <div class='ocr_carea' id='block_1_20' title="bbox 1852 2025 2036 2144">
    <p class='ocr_par' dir='ltr' id='par_1_25' title="bbox 1864 2025 2035 2052">
     <span class='ocr_line' id='line_1_113' title="bbox 1864 2025 2035 2052; baseline 0 -6"><span class='ocrx_word' id='word_1_565' title='bbox 1864 2025 1959 2046; x_wconf 88' lang='lat' dir='ltr'>Omnium</span> <span class='ocrx_word' id='word_1_566' title='bbox 1973 2031 2035 2052; x_wconf 74' lang='lat' dir='ltr'>nego-</span> 
     </span>
    </p>

    <p class='ocr_par' dir='ltr' id='par_1_26' title="bbox 1852 2057 2036 2144">
     <span class='ocr_line' id='line_1_114' title="bbox 1852 2057 2036 2083; baseline 0.005 -7"><span class='ocrx_word' id='word_1_567' title='bbox 1852 2057 1884 2077; x_wconf 78' lang='lat' dir='ltr'>cia</span> <span class='ocrx_word' id='word_1_568' title='bbox 1900 2057 1933 2083; x_wconf 84' lang='lat' dir='ltr'>pie</span> <span class='ocrx_word' id='word_1_569' title='bbox 1950 2063 2036 2083; x_wconf 82' lang='lat' dir='ltr'>promo-</span> 
     </span>
     <span class='ocr_line' id='line_1_115' title="bbox 1852 2087 2036 2114; baseline 0.011 -8"><span class='ocrx_word' id='word_1_570' title='bbox 1852 2090 1927 2111; x_wconf 76' lang='lat' dir='ltr'>veaut.</span> <span class='ocrx_word' id='word_1_571' title='bbox 1958 2087 2036 2114; x_wconf 76' lang='lat' dir='ltr'>absquo</span> 
     </span>
     <span class='ocr_line' id='line_1_116' title="bbox 1852 2118 1994 2144; baseline 0.014 -7"><span class='ocrx_word' id='word_1_572' title='bbox 1852 2118 1994 2144; x_wconf 51' lang='lat' dir='ltr'>perfinitum</span> 
     </span>
    </p>
   </div>
  </div>
 </body>
</html>
