2281 3251
87 300 137 327 An.
154 298 182 324 C.
202 296 269 324 ttoS

101 1099 193 1119 lulianus
202 1096 222 1118 S,
231 1097 275 1118 An-

94 1130 134 1157 gett
153 1128 274 1152 cardinatis,

94 1160 205 1186 Romnum,

130 1197 181 1220 qun
194 1191 228 1212 hic
238 1190 273 1211 hu-

158 1222 276 1244 fanonibus

91 1253 140 1275 bute
167 1252 230 1274 Pom.

92 1284 208 1306 minorum·
229 1285 278 1305 nt-

93 1315 172 1340 stanit,

95 1352 155 1367 iteam
163 1350 212 1366 ene
220 1350 278 1367 sunm

96 1378 217 1405 opinionem
239 1376 279 1398 de·

96 1408 229 1433 non-nuti,

214 1320 278 1336 ΕΙΊὊ·

972 295 1041 319 Pius
1064 296 1086 320 11
1112 297 1158 318 Pt’.

285 363 407 386 causae.
437 350 611 386 Mansimus
638 350 667 384 in
691 350 759 385 aula
783 349 935 385 Friderici
966 351 1034 396 pln-

285 401 371 436 ribus
402 400 510 443 annis,
537 399 599 434 illic
628 399 727 434 varias
753 399 932 434 audivimus
965 400 1035 446 opi-

285 451 404 484 niones.
444 448 684 483 Neutralitatetn
721 448 837 484 idcirco
876 448 1035 484 Teutones

285 499 462 539 induerant,
486 507 517 533 ut
541 497 707 533 concordia
732 497 852 533 facilius
879 498 1036 533 invenire-

285 558 346 587 tur,
371 560 430 582 non
455 560 491 582 ex
515 547 648 583 consilio
670 547 809 587 Solonis,
833 549 899 595 qui,
915 549 1036 583 tumul-

285 606 390 632 tuante
416 598 555 642 civitate,
582 605 738 631 extorrem
768 596 840 632 fecit
867 609 955 640 eum,
982 597 1035 644 qui

284 648 352 682 sine
375 655 461 694 parte
477 647 636 682 remansit.
660 645 757 681 Multa
775 648 856 681 inter
879 648 1038 682 neutrales

285 696 465 750 didicimus,
487 709 567 742 quae
590 705 750 731 nosautea
769 696 917 740 latebant,
938 695 1038 742 Euge-

286 747 372 780 nium
396 745 474 780 salso
501 745 540 781 de
563 744 669 780 multis
702 755 883 780 accusatum
911 746 1040 780 iuveni-

287 807 369 835 nius,
382 795 621 842 cardinalesque
637 795 690 843 qui
704 794 859 829 Basileam
878 803 1038 833 venerant,

286 844 326 879 oli
337 853 470 891 privatas
485 844 676 888 inimicitias,
700 844 783 879 bono
799 853 827 878 ct
850 853 960 879 saneto
976 846 1039 878 viru

288 903 392 928 notam
417 893 541 929 inurere
564 894 710 933 voluisse
733 895 785 941 qui
809 903 911 928 tamen
935 893 1038 928 cuncti

288 952 395 990 postea
417 942 454 977 ad
472 956 542 978 enm
568 943 727 978 redierunt
749 952 779 976 et
803 944 924 977 veniam
948 942 1039 976 errati

291 1001 458 1039 pitt‹*t·.utit

338 1045 353 1085 ἓ
377 1043 409 1076 5.
427 1040 521 1076 Forte
546 1054 600 1088 per
623 1042 651 1075 id
673 1050 798 1088 tempus
814 1040 952 1075 lulianus
966 1041 1043 1076 San·

290 1092 330 1125 ‹·ti
359 1090 470 1138 Angeli
499 1091 678 1130 cardinalis,
706 1092 797 1125 cuius
812 1103 906 1135 supra
932 1091 1043 1124 mimi-

265 1142 419 1179 1.1iuius
454 1152 491 1175 ex
520 1139 681 1186 Uagam,
714 1152 796 1188 quae
824 1140 882 1174 sibi
920 1140 1044 1174 decreta

291 1198 397 1225 contra
424 1189 544 1225 Turcas
565 1189 665 1224 fuerat
689 1190 859 1236 provincia,
887 1188 1044 1224 Flavinia-

293 1252 367 1274 uum
397 1240 505 1283 venit,
532 1251 613 1286 quae
646 1239 738 1274 liodie
761 1238 881 1273 Vienna
905 1239 1044 1283 dicitur,

294 1289 499 1336 praecipuum
515 1288 663 1323 Austriae
685 1289 844 1333 columen,
863 1300 956 1335 saepe
971 1301 1043 1323 cum

293 1351 330 1373 eo
344 1351 523 1373 sermonem
546 1351 601 1385 pro
617 1338 710 1373 veteri
735 1337 969 1373 consuetudine
987 1338 1045 1372 mi-

293 1388 445 1433 scuimus,
461 1400 554 1435 saepe
570 1387 609 1423 de
625 1387 720 1423 rebus
730 1386 967 1423 Basileensibus
980 1387 1047 1422 dis-

295 1437 493 1484 putavimus;
527 1436 693 1472 tuebamur
718 1438 880 1485 antiquam
916 1445 1048 1472 senten-

294 1487 382 1532 tiam,
397 1486 448 1522 ille
471 1499 582 1522 novam
597 1486 795 1521 defendebat.
811 1485 1048 1522 Extollebamus

295 1535 453 1583 generalis
475 1536 601 1572 concilii
625 1537 857 1577 auctoritatem,
879 1536 930 1570 ille
952 1536 1048 1583 Apo-

295 1586 422 1622 stolicac
443 1585 537 1622 Sedis
565 1594 751 1633 potestatem
776 1597 967 1632 magnopere
982 1587 1048 1620 col·

296 1634 453 1671 laudabat.
474 1635 666 1671 Dicebamus
683 1634 851 1671 concilium
870 1634 1049 1670 Basileense

298 1687 366 1721 iure
383 1697 609 1733 perseverasse,
631 1686 776 1732 quamvis
790 1684 955 1732 Eugenius
976 1697 1051 1732 prae·

297 1735 437 1771 sidentes
467 1744 657 1777 revocasset,
684 1744 714 1769 et
742 1735 801 1770 lioc
835 1736 906 1770 eius
933 1735 1048 1769 sactum

297 1784 536 1827 accusabamu83
559 1784 609 1819 ille
631 1785 821 1819 dissolutum
844 1797 899 1819 scu
924 1783 1051 1819 transla

297 1842 364 1869 tum
379 1834 436 1870 rite
450 1834 620 1870 concilium
644 1833 831 1876 affirmabat,
846 1842 876 1868 et
895 1833 1053 1868 Basileen-

295 1883 377 1918 sium
417 1896 512 1932 opera
545 1884 654 1918 multis
689 1883 791 1918 modis
817 1883 1052 1926 detestabatur,

295 1932 493 1981 Basileaeque
526 1946 588 1968 non
611 1932 767 1982 synodum
796 1932 974 1977 Ecclesiae,
996 1932 1050 1967 sed

297 1982 432 2018 Satanae
458 1991 489 2017 et
520 1983 737 2017 ministrorum
765 1982 833 2017 eius
859 1994 1051 2030 synagogam

298 2033 492 2068 remansisse
513 2031 649 2067 dicebat.
671 2031 801 2068 Diutina
822 2031 880 2066 fuit
902 2033 1055 2066 internos

299 2082 504 2123 concertatio,
529 2094 635 2117 verum
665 2081 819 2117 modestia
843 2089 873 2116 et
905 2080 1056 2116 charitate

301 2135 402 2182 plena.
431 2135 479 2170 Ad
513 2143 712 2176 extremum,
735 2147 807 2170 cum
835 2135 901 2170 suis
932 2135 1056 2181 scriptis

301 2189 460 2237 dictisque
483 2189 673 2224 cardinalem
711 2188 910 2224 vinceremus
934 2200 1058 2234 preme·

303 2256 473 2291 remusque
495 2244 710 2287 veliementer,
728 2242 898 2278 subridens
915 2241 978 2277 ille:
997 2242 1057 2282 Tu,

306 2297 429 2345 inquit,
456 2296 600 2342 AEneas,
637 2297 758 2332 tabellis
792 2296 966 2344 obsignatis
993 2296 1060 2342 agis

308 2365 444 2394 mecum,
466 2360 498 2387 et
520 2352 669 2400 quoniam
698 2351 868 2399 aliqnando
890 2352 1060 2391 sensimus,

309 2416 340 2439 ut
369 2406 471 2451 dicis,
498 2406 616 2441 idcirco
652 2414 683 2440 et
717 2405 812 2440 hodie
846 2405 928 2440 idem
972 2412 1062 2452 putas

309 2460 424 2496 debere
446 2461 577 2505 sentire,
600 2468 630 2494 et
651 2459 793 2495 addictos
817 2459 910 2507 priori
939 2467 1065 2494 senten-

311 2516 370 2548 tiae
396 2526 520 2549 censes.
555 2513 671 2548 Verum
693 2522 854 2562 propterea
873 2525 934 2547 non
952 2525 1064 2547 sumus

311 2568 424 2608 liberi,
446 2568 519 2616 quia
542 2575 663 2603 mutare
685 2568 872 2602 sententiam
902 2579 1001 2614 usque
1028 2567 1064 2600 ad

313 2630 445 2657 mortem
471 2623 667 2669 possumus?
687 2620 755 2657 Cur
776 2621 860 2656 enim
891 2633 952 2655 non
976 2621 1067 2656 liceat

314 2676 399 2710 omni
423 2685 586 2723 tempore,
614 2676 721 2710 relicto
744 2675 821 2711 salso
837 2702 846 2720 ,
869 2687 976 2710 verum
1000 2687 1068 2710 am-

393 2732 468 2765 Bun.
486 2732 564 2765 Rom.
584 2732 638 2764 vol.
661 2731 689 2763 V.
890 2731 929 2763 23

1708 285 1775 319 177

1080 352 1198 397 plecti?
1228 349 1341 386 Fateor
1370 362 1419 385 me
1447 350 1562 385 dixisse
1598 359 1626 384 et
1663 352 1828 398 scripsisse

1077 413 1157 448 quae
1188 399 1293 440 refers,
1322 412 1428 434 verum
1458 413 1472 433 a
1503 413 1574 434 vero
1599 409 1751 435 remotum
1776 414 1828 435 er-

1080 462 1173 484 rasse.
1195 451 1239 484 Ac
1262 458 1306 489 tn,
1325 450 1392 496 qui,
1411 457 1442 483 ut
1460 450 1517 490 ais,
1542 462 1591 484 me
1610 450 1751 494 doctore,
1768 450 1830 485 Ba-

1078 499 1268 534 siloensibus
1289 500 1416 533 ctedere
1435 499 1472 533 ad
1478 499 1590 533 luctus
1609 511 1655 543 es,
1674 507 1830 535 errantem

1078 549 1151 583 olim
1181 557 1318 583 sectatus
1344 560 1391 586 es
1409 561 1464 583 cur
1493 548 1585 583 modo
1608 561 1669 582 non
1690 549 1832 604 sequeris

1081 607 1162 633 recta
1184 611 1274 633 mom
1280 606 1388 632 ntem
1379 600 1392 620 ‘²
1413 598 1615 653 praesumpsi
1636 598 1675 633 de
1699 599 1832 645 meipso,

1079 647 1154 682 dum
1183 660 1284 682 essem
1314 647 1456 688 Basilcae,
1474 648 1584 687 uiuus,
1606 649 1750 695 quamvis
1776 648 1834 683 de·

1080 705 1190 743 ceptus
1204 697 1324 741 decepi,
1348 706 1378 731 et
1400 698 1534 732 credens
1553 697 1704 744 prodesse
1728 697 1833 737 nocui,

1083 759 1111 780 ιιι
1127 747 1230 780 medio
1249 745 1408 781 Ecclesiae
1421 746 1539 782 docens
1555 759 1635 793 qnae
1651 759 1710 781 non
1725 747 1834 786 didici3

1081 807 1197 830 caccus
1219 797 1316 830 eri-avi
1340 796 1415 829 etin
1433 795 1571 831 tenebris
1592 795 1762 837 ambulavi,
1783 808 1835 832 re-

1083 845 1158 891 liqui
1184 845 1307 879 tandem
1331 844 1506 880 Ecclesiam
1537 845 1775 893 malignantium
1805 854 1836 880 et

1082 907 1153 928 cuin
1195 894 1300 941 impiis
1340 895 1451 929 sedere
1483 896 1633 930 recusavi.
1674 894 1835 930 Revelavit

1083 943 1241 978 Dominus
1263 943 1373 978 oculos
1397 953 1540 988 meos,et
1556 944 1751 979 consideravi
1776 944 1837 978 mi-

1085 992 1193 1027 rabilia
1219 992 1257 1026 de
1281 993 1348 1039 lege
1376 1005 1450 1027 sua:
1478 993 1609 1039 cognovi
1631 994 1765 1041 priorem
1787 1006 1838 1028 er-

1086 1055 1205 1081 rorem,
1229 1049 1259 1076 et
1287 1052 1439 1088 quantum
1464 1055 1479 1076 a
1509 1055 1582 1077 vero
1611 1044 1716 1088 procul
1741 1043 1839 1077 abiis-

1085 1101 1153 1125 stnt
1174 1091 1370 1126 Basileenses
1394 1092 1484 1137 plane
1503 1092 1666 1127 intellexi:
1693 1093 1753 1127 adii
1773 1092 1837 1128 Ro-

1087 1153 1210 1175 manam
1225 1140 1368 1179 Curiam,
1391 1149 1423 1176 et
1445 1141 1590 1188 Eugenio
1619 1154 1690 1176 cum
1708 1142 1837 1177 fuissem

1088 1190 1215 1226 rebellis
1250 1189 1382 1225 submisi
1405 1191 1572 1231 cervicem,
1594 1203 1608 1224 a
1633 1203 1696 1238 quo
1721 1191 1841 1226 miseri·

1088 1240 1227 1274 cordiam
1249 1248 1450 1284 consecutus,
1472 1239 1510 1275 ad
1535 1240 1687 1275 unionem
1703 1239 1841 1276 Gracco-

1089 1302 1156 1324 rum
1181 1290 1289 1324 navavi
1312 1302 1453 1336 operam,
1469 1299 1498 1324 et
1520 1290 1580 1324 illis
1600 1288 1764 1326 Romanae
1779 1289 1841 1324 Ec-

1088 1339 1201 1374 clesiae
1217 1340 1437 1380 reconciliatis,
1456 1338 1608 1374 adversus
1631 1340 1742 1387 impios
1761 1339 1843 1375 Tur-

1088 1401 1140 1424 cas
1161 1390 1348 1435 legationem
1365 1389 1482 1435 accepi.
1497 1388 1666 1435 Castigans
1680 1389 1844 1435 castigavit

1090 1451 1139 1473 me
1167 1437 1326 1474 Dominus
1356 1447 1385 1472 et
1414 1439 1504 1473 morti
1530 1450 1591 1473 non
1627 1438 1753 1473 tradidit
1782 1451 1843 1480 me;

1089 1487 1146 1523 sed
1170 1488 1367 1523 humiliatum
1390 1488 1546 1529 exaltavit,
1568 1487 1639 1534 quia
1663 1489 1792 1533 cognito
1814 1489 1842 1523 in

1090 1550 1195 1573 errore
1224 1550 1284 1572 non
1310 1538 1587 1585 perseveravi,sed
1618 1549 1688 1572 mox
1709 1539 1738 1572 in
1762 1538 1843 1573 viam

1092 1588 1181 1627 redii,
1204 1596 1233 1622 et
1256 1599 1292 1622 ex
1318 1588 1467 1634 magistro
1485 1586 1586 1622 factus
1604 1587 1791 1633 discipulus,
1806 1600 1846 1623 ex

1094 1649 1209 1684 niagno
1233 1645 1547 1684 pat'vtts,expnt·gato
1571 1637 1662 1671 veteri
1681 1637 1846 1682 fennerno,

1094 1699 1209 1721 novum
1234 1687 1394 1722 bominem
1419 1687 1531 1730 indui,
1562 1694 1592 1720 et
1621 1699 1709 1721 verae
1739 1687 1847 1721 matris

1093 1735 1172 1770 lacte
1207 1737 1347 1771 nutritus
1381 1737 1420 1771 ad
1455 1735 1571 1770 sontem
1608 1736 1668 1770 veri
1707 1736 1847 1782 perieni,

1093 1798 1187 1833 quem
1212 1786 1311 1821 sancti
1327 1786 1474 1821 doctores
1495 1795 1595 1820 osten
1591 1784 1667 1820 lunt
1690 1784 1802 1821 Graici
1818 1793 1849 1820 et

1094 1835 1208 1874 Latini
1236 1848 1370 1883 quoium
1402 1848 1462 1870 una
1492 1848 1549 1870 vox
1568 1843 1631 1869 est:
1652 1836 1762 1870 salia-ui
1787 1847 1849 1870 non

1096 1896 1165 1931 pos
1171 1897 1188 1919 e
1210 1897 1263 1932 qut
1285 1894 1411 1920 sanctae
1434 1884 1595 1919 Romanae
1613 1884 1772 1920 ΕωΙι-5ἰιιο
1787 1897 1848 1919 nun

1096 1943 1179 1970 tenet
1218 1936 1380 1978 unitatem,
1403 1946 1578 1982 omnesque
1619 1935 1686 1968 illas
1722 1935 1851 1969 virtutes

1097 1996 1224 2019 mancas
1246 1997 1314 2019 esse
1328 1984 1369 2027 ei,
1389 1986 1441 2031 qui
1457 1983 1591 2019 Snuuno
1616 1983 1758 2018 Pontiiici
1779 1983 1851 2018 obe-

1096 2034 1163 2068 dire
1186 2042 1321 2073 recusat,
1336 2034 1492 2080 quamvis,
1520 2034 1550 2068 in
1574 2045 1665 2067 sacco
1688 2042 1717 2066 et
1744 2034 1851 2067 cinere

1099 2083 1216 2123 iacens,
1238 2083 1305 2118 dies
1328 2092 1358 2117 et
1382 2091 1489 2118 noctes
1516 2083 1634 2117 ieiunet
1661 2090 1691 2116 et
1718 2091 1796 2121 oret,
1822 2089 1853 2116 et

1100 2139 1128 2172 iu
1153 2138 1266 2173 ceteris
1299 2138 1440 2172 videatur
1473 2138 1574 2184 legem
1609 2137 1751 2183 implere;
1780 2136 1853 2183 quia

1101 2192 1211 2227 melior
1244 2201 1291 2226 est
1315 2191 1492 2226 obedientia
1524 2203 1618 2238 quam
1643 2191 1801 2230 victimae.
1825 2199 1855 2224 et

1101 2247 1205 2281 omnis
1237 2247 1337 2280 anima
1373 2246 1581 2293 potestatibus
1613 2243 1857 2279 sublimioribus

1102 2299 1242 2334 subiecta
1265 2309 1322 2342 est,
1356 2308 1385 2334 et
1412 2297 1592 2334 Romanum
1623 2299 1801 2346 praesulem
1825 2298 1856 2332 in

1104 2353 1263 2389 Ecclesiae
1280 2354 1394 2389 vertice
1413 2353 1620 2387 constitutum
1638 2365 1707 2388 esso
1723 2360 1858 2395 constat,

1105 2421 1119 2443 a
1148 2421 1210 2455 quo
1227 2407 1345 2443 nullam
1363 2420 1399 2442 ex
1418 2406 1529 2442 ovibus
1545 2406 1662 2441 Christi
1680 2416 1857 2454 exemptam

1107 2463 1263 2498 novimus.
1292 2461 1361 2508 Ego
1383 2461 1421 2496 ad
1441 2461 1520 2495 ovile
1545 2461 1635 2503 redii,
1658 2461 1711 2508 qni
1732 2460 1785 2495 din
1802 2472 1859 2494 er-

1109 2528 1247 2551 raveram
1268 2526 1353 2550 extra
1377 2516 1493 2554 caulas,
1517 2523 1546 2550 et
1571 2516 1703 2561 pastoris
1725 2513 1859 2560 Eugenii

1110 2582 1217 2606 vocem
1241 2570 1356 2604 audivi:
1387 2579 1430 2609 tu,
1458 2568 1482 2603 si
1506 2569 1620 2615 sapias,
1644 2569 1725 2603 idem
1755 2569 1859 2602 facies.

1159 2625 1233 2672 Sss.
1259 2622 1440 2659 Haeserunt
1474 2624 1590 2669 pectori
1628 2630 1733 2657 nostro
1769 2621 1860 2655 verba

1111 2678 1180 2725 viri,
1202 2690 1282 2726 quae
1309 2690 1401 2725 saepe
1423 2676 1461 2712 ad
1486 2689 1543 2712 uos
1562 2676 1695 2724 repetiit,
1715 2687 1776 2710 uon
1796 2675 1862 2710 sine

1845 298 1893 324 Αιι.
1909 296 1937 321 C.
1957 293 2029 321 Ηιόδ
