2281 3251
483 254 555 287 810
1055 265 1206 289 artum!
1235 267 1362 290 nomm

431 318 492 352 XV.
503 317 673 352 Concessio
687 319 919 352 nonnullarum
931 318 1108 361 gratiarum
1117 319 1191 352 Ere·
1209 320 1215 370 J
1233 320 1334 355 xxw.
1365 321 1492 356 Fratres
1513 322 1544 357 S.
1567 324 1726 358 Ambrosii
1746 325 1806 359 sub
1826 336 1891 360 una
1909 337 1987 361 con·

521 368 604 400 mitis
621 368 652 401 B.
667 367 749 401 Petri
767 367 804 400 de
816 367 895 400 Pisis
912 367 1120 410 nuncupatis,
1135 367 1187 402 29.
1210 374 1213 435 Ι
1321 371 1506 415 gregatione
1522 372 1724 416 rediguntur,
1742 375 1876 419 eiusque
1892 382 1987 421 caput

432 417 506 451 XVI.
526 417 702 450 Translatio
713 416 872 459 generalis
888 416 1016 449 concilii
1034 416 1191 450 Basileen-
1323 419 1554 454 monasterium
1575 421 1606 455 S.
1626 422 1785 457 Ambrosii
1806 425 1844 458 ad
1869 425 1989 460 Nemus

521 467 562 499 sis
577 466 615 499 ad
628 466 784 499 civitatem
802 466 969 499 Ferrariae
982 466 1013 499 in
1027 466 1191 510 provincia
1322 469 1556 503 Mediolanense
1597 471 1802 506 constituitur
1819 500 1826 514 ,
1870 484 1990 508 munus

521 515 744 553 Lombardiae,
767 514 821 548 31.
1323 519 1540 562 praelatorum
1562 519 1754 562 praefinitur
1777 527 1809 555 et
1823 523 1987 568 privilegia

433 565 520 598 xvu.
540 564 724 598 Praesmitio
738 565 865 598 numeri
879 565 1073 598 elericorum
1090 565 1190 599 Reve-
1321 567 1556 607 conceduntur,
1584 568 1638 602 54.

519 613 637 646 rendae
662 613 814 647 Gamerae
840 614 1044 658 Apostolicae
1071 614 1190 658 praesi-
1232 616 1348 651 xxvll.
1371 616 1550 650 Concordia
1570 617 1783 652 Iacobitarum
1799 619 1832 653 in
1852 621 1988 666 AEgypto

519 663 677 703 dentium,
699 664 738 696 ad
760 669 895 707 septem,
918 663 973 697 3-2.
1321 677 1395 700 cum
1433 671 1541 700 sancta
1575 667 1719 701 Romana
1755 669 1898 704 Ecclesia
1916 697 1924 711 ,
1958 677 1990 705 et

432 713 532 746 xvnl.
555 713 644 753 Quod
666 712 795 745 abbates
815 711 942 746 Ordinis
957 712 1188 754 Cisterciensis,
1321 715 1490 759 explicatio
1520 716 1754 750 nonnullorum
1774 718 1986 754 articulorum

519 762 629 806 quavis
649 761 852 801 auctoritate,
874 761 969 795 etiam
998 763 1187 806 apostolica,
1321 764 1513 798 catholicam
1526 764 1622 798 fidem
1640 767 1919 808 concernentium,
1933 767 1985 803 58.

518 812 557 844 ad
582 811 725 845 abbatias
746 811 885 856 promoti
906 811 954 845 vel
980 811 1187 853 confirmati,
1231 813 1361 848 XXVIII.
1394 813 1560 858 Exemptio
1591 814 1823 848 canonicorum
1844 817 1989 850 saecula-

519 860 557 893 ab
578 861 721 893 eiusdem
743 860 871 895 Ordinis
892 860 1004 894 abbate
1030 862 1187 904 generali,
1321 863 1406 897 rium
1419 863 1677 907 congregationis
1687 863 1718 898 S.
1734 863 1861 908 Georgii
1870 865 1903 898 in
1913 865 1992 910 Alga

518 909 734 943 visitatoribus
763 915 794 943 et
826 910 1095 944 reformatoribus
1124 922 1189 945 non
1321 912 1526 945 venetiarum
1548 923 1565 946 a
1585 913 1745 947 solutione
1768 913 1988 957 decimarum,

519 958 581 992 sint
596 959 747 1004 exempti,
773 958 830 993 33.
1321 961 1563 1006 impositionum
1574 967 1604 995 et
1614 973 1992 1007 onerumquorumcum-

432 1008 507 1042 XIX.
531 1008 573 1041 De
594 1008 625 1042 S.
649 1008 684 1041 R.
715 1009 749 1042 E.
774 1008 989 1042 cardinalium
1014 1009 1187 1053 dignitate,
1321 1021 1397 1054 que,
1420 1010 1472 1045 65.

519 1058 634 1091 ceteris
645 1057 869 1092 ecclesiasticis
880 1058 1088 1102 dignitatibus
1099 1069 1191 1103 prae-
1231 1059 1336 1094 XXIX.
1364 1059 1512 1093 Edictum
1534 1065 1647 1094 contra
1670 1061 1849 1103 hebraeos,
1871 1061 1991 1106 quibus

519 1107 677 1147 stantiori,
699 1107 752 1141 34.

431 1156 495 1190 XX.
514 1156 660 1189 Monachi
677 1156 811 1200 professi
828 1155 956 1190 Ordinis
970 1155 1190 1190 Cisterciensis

521 1206 756 1239 monachorum
777 1205 808 1239 S.
832 1205 1009 1245 Benedicti,
1031 1205 1069 1238 ad
1090 1205 1189 1239 alium

521 1266 618 1299 quam
639 1255 927 1289 Carthusianorum
938 1254 1091 1289 Ordinem
1101 1260 1189 1289 tran-

521 1305 583 1338 sire
601 1304 827 1349 prohibentur,
849 1303 903 1338 39.

433 1353 510 1388 xxl.
535 1353 714 1387 Concordia
738 1353 899 1387 Ecclesiae
924 1353 1064 1388 Graecae
1084 1358 1115 1386 et
1135 1354 1192 1387 La·

522 1402 625 1442 tinae,
657 1413 731 1435 cum
761 1402 948 1437 definitione
972 1404 1190 1447 quorumdam

523 1452 735 1484 articulorum
753 1451 930 1485 catholicae
942 1451 1017 1484 fidei
1029 1451 1061 1484 in
1072 1451 1191 1495 quibus

1321 1109 1452 1153 publica
1463 1120 1599 1142 munera
1614 1120 1740 1153 gerere,
1758 1115 1789 1144 et
1808 1110 1991 1145 christianis

523 1500 729 1541 dissidebant,
739 1500 960 1544 primatusque
967 1500 1191 1534 RomaniPon-

1321 1168 1395 1190 cum
1417 1158 1456 1191 iis
1474 1158 1570 1199 vesci,
1593 1158 1715 1199 bibere,
1738 1159 1770 1192 in
1791 1159 1903 1192 eadem
1918 1169 1990 1193 ver-

1321 1206 1384 1240 sari
1408 1207 1504 1240 domo
1524 1211 1581 1240 etc.
1601 1207 1816 1248 interdicitur,
1839 1208 1891 1242 67.

1231 1259 1322 1294 XXX.
1355 1259 1521 1304 Separatio
1551 1261 1687 1294 fratrum
1706 1261 1923 1294 Eremitarum
1954 1261 1986 1295 S.

1321 1314 1490 1358 Augustini
1511 1314 1670 1358 regularis
1680 1314 1900 1348 observantiae
1911 1325 1990 1348 con-

1321 1367 1516 1412 gregationis
1525 1368 1702 1408 Illicitanae,
1712 1372 1741 1401 et
1751 1367 1797 1401 illi
1809 1367 1989 1409 unitorum,

1321 1433 1339 1456 a
1359 1421 1584 1466 superioritate
1606 1422 1838 1466 praelatorum,
1860 1432 1926 1455 non
1943 1426 1991 1455 ta-

1321 1486 1396 1510 men
1422 1475 1539 1520 prioris
1559 1475 1718 1519 generalis
1732 1475 1830 1509 totius
1849 1475 1988 1510 Ordinis:

1321 1541 1358 1564 ac
1378 1529 1524 1573 elargitio
1540 1529 1756 1574 quarumdam
1767 1529 1944 1573 gratiarum
1960 1534 1992 1564 et

1321 1583 1535 1623 indultorum,
1564 1582 1615 1616 70.

1364 1637 1544 1670 Declaratio
1553 1636 1658 1670 dictae
1669 1635 1922 1677 constitutionis,
1934 1635 1987 1670 74.

1233 1691 1337 1726 XXXI.
1360 1690 1569 1724 Confirmatio
1595 1694 1788 1723 statutorum
1814 1699 1873 1733 pro
1906 1689 1992 1724 bono

1321 1745 1473 1780 Gamerae
1498 1743 1699 1789 ,apostolicae
1718 1743 1877 1787 regimine
1892 1743 1992 1778 edito-

1321 1809 1407 1838 rum,
1430 1797 1482 1831 76.

1366 1852 1489 1886 Statuta
1509 1856 1539 1885 et
1559 1850 1792 1890 ordinationes,
1815 1849 1867 1884 77.

1233 1907 1351 1941 XXXII.
1374 1905 1478 1945 Quod,
1496 1905 1535 1938 de
1551 1904 1814 1949 quibuscumque
1833 1904 1932 1938 rebus
1951 1904 1991 1938 ad

1322 1960 1440 1994 Urbem
1458 1959 1582 2000 delatis,
1600 1970 1658 1993 seu
1668 1957 1924 2002 quomodolibet,
1941 1969 1992 1992 ra-

1322 2014 1410 2048 tione
1435 2018 1620 2047 contractus
1633 2040 1640 2054 ‚
1669 2011 1815 2046 alienatis
1833 2012 1882 2046 vel
1902 2022 1990 2046 com-

524 2093 604 2126 ΜΠ,
639 2091 683 2125 44
1323 2068 1464 2105 mutatis,
1487 2067 1588 2101 semel
1608 2067 1772 2100 dumtaxat
1787 2066 1922 2112 vectigal
1936 2067 1991 2102 de-

437 2142 539 2176 XXIV.
562 2141 845 2175 Communicantes
857 2141 888 2173 in
903 2141 1104 2174 bebdomada
1116 2142 1193 2175 San·
1322 2123 1424 2156 bitum
1445 2123 1601 2184 effigatpr‘
1623 2122 1676 2183 80]
1733 2177 1739 2183 ,
1861 2177 1867 2183 ,
1968 2177 1974 2184 ,

526 2196 574 2224 cm
593 2191 642 2224 vel
662 2190 745 2224 inf—m
764 2196 907 2223 octavam
923 2190 1065 2223 Paschae
1076 2191 1194 2224 Resur„
1234 2179 1366 2213 XXXIII.
1386 2179 1582 2223 Approbatio
1602 2178 1844 2212 ordinationum
1859 2187 1893 2211 m
1904 2188 1992 2223 capt-

521 1549 616 1583 tificis
632 1554 663 1583 et
682 1549 809 1583 Ordinis
830 1549 1067 1593 patriarchalis,
1089 1548 1142 1583 39.

434 1599 524 1632 XXII.
548 1599 714 1642 Exemptio
734 1608 883 1631 sororum
909 1597 973 1631 sive
999 1597 1190 1631 monialium

521 1647 648 1681 Ordinis
668 1647 698 1682 S.
730 1647 841 1681 Clarae
870 1657 887 1680 a
912 1646 1135 1681 iurisdictione
1161 1652 1192 1680 et

522 1696 747 1741 superioritate
758 1696 999 1730 ordinariorum
1011 1701 1041 1730 et
1051 1696 1190 1730 aliorum

522 1756 819 1790 quorumcumque,
842 1751 901 1779 eta
915 1746 1076 1779 solutione
1097 1746 1192 1790 peda-

524 1795 650 1837 giorum
678 1801 709 1828 et
732 1795 952 1839 quarumlibet
977 1795 1190 1829 contributio-

524 1855 614 1883 num,
637 1844 690 1877 42.

434 1894 538 1928 XXIII.
557 1893 735 1927 Concordia
755 1895 971 1927 Armenorum
988 1904 1062 1927 cum
1083 1898 1192 1927 sancta

524 1944 667 1977 Romana
687 1943 846 1983 Ecclesia,
873 1949 903 1977 et
923 1943 1097 1977 declaratio
1117 1943 1192 1977 arti-

526 1994 675 2026 culorum
705 1998 825 2037 septem
854 2003 953 2025 novae
982 1992 1061 2035 legis
1084 2003 1190 2025 sacra-

526 2047 634 2075 menta
661 2047 692 2075 et
716 2042 875 2087 pluraque
904 2041 966 2074 alia
990 2051 1191 2075 concernen-

526 2240 677 2273 rectionis
705 2239 831 2273 Domini
857 2239 957 2273 nostri
977 2240 1047 2273 lesu
1063 2238 1190 2279 Clu-isti,
1323 2230 1510 2266 luloRomae
1519 2237 1589 2266 actO
1599 2231 1926 2276 praefinitarum‚pr0
1941 2241 1989 2265 re-

525 2289 723 2323 satisfaciunt
739 2294 911 2333 praecepto
931 2293 1059 2322 sanctae
1076 2289 1192 2322 Roma·
1323 2285 1514 2319 formatione
1535 2285 1771 2318 monachorum
1793 2284 1990 2319 Graecorum

525 2354 585 2377 nae
605 2343 778 2382 Ecclesiae,
801 2342 853 2377 502.
1211 2332 1215 2389 i
1324 2340 1355 2372 S.
1378 2340 1486 2374 Basilii
1501 2340 1533 2373 in
1551 2339 1722 2384 provinciis
1741 2338 1881 2379 Siciliae,
1902 2338 1992 2374 Gala-

437 2397 524 2430 XXV.
555 2397 749 2440 Approbatio
779 2398 1038 2441 congregationis
1057 2399 1192 2431 fratrum
1324 2394 1411 2428 briae
1432 2399 1463 2428 et
1478 2394 1625 2439 Apuliae,
1648 2393 1701 2429 81.

526 2451 556 2485 S.
582 2451 777 2495 Hieronymi,
800 2452 859 2484 sub
875 2452 1136 2485 denominatione
1156 2451 1189 2485 S.
1236 2447 1363 2482 XXXIV.
1387 2448 1550 2481 Innovatio
1570 2447 1784 2481 damnationis
1802 2447 1901 2481 trium
1916 2447 1992 2482 arti·

525 2505 720 2547 Hieronymi
734 2506 771 2537 dc
793 2506 927 2543 chnlis,
951 2511 978 2538 et
1000 2506 1060 2538 sub
1071 2505 1192 2548 Regula
1324 2503 1473 2537 culorum
1494 2501 1621 2535 loannis
1639 2502 1679 2535 de
1697 2501 1838 2542 Poliaeo,
1856 2501 1989 2534 catholi-

526 2558 748 2601 S.A¹igustini,
763 2569 836 2592 cum
848 2559 1073 2603 praefinitione
1083 2569 1195 2591 mune·
1324 2568 1380 2591 cae
1400 2556 1522 2590 veritati
1543 2556 1628 2590 circa
1649 2555 1863 2601 poenitentiae
1881 2565 1988 2588 sacra—

528 2612 570 2645 ris
600 2617 628 2645 et
659 2613 823 2645 electionis
849 2614 1067 2656 praelatorum
1096 2612 1194 2657 ipsius
1325 2616 1469 2644 mentum
1486 2610 1737 2650 contrariorum,
1753 2609 1808 2644 84.

527 2666 795 2710 congregationis,
817 2667 869 2702 5⁶2..
1236 2665 1354 2704 XXXV.
1376 2666 1511 2701 Sanctae
1531 2665 1694 2700 Romanae
1713 2663 1876 2699 Ecclesiae
1891 2663 1993 2700 cardi-
