2281 3251
244 274 295 303 An.
312 274 343 302 C.
357 274 424 302 ¹519

260 634 427 661 Romaniq.Pon-

247 665 280 686 til.
298 666 385 692 plurima
401 665 430 684 itti

245 697 355 723 privilegia
379 702 430 716 con-

247 732 364 749 cesserunt.

274 1679 308 1705 ls,
341 1681 438 1706 praeviso

254 1717 304 1732 suae
315 1712 388 1731 mortis
397 1712 437 1735 die,

255 1748 309 1762 sacr.
325 1744 438 1770 susceptis,

255 1774 349 1794 obdorm.
366 1775 385 1794 in
402 1773 441 1794 Do-

256 1805 311 1825 mino
323 1806 355 1825 die
372 1804 442 1826 Vene—

256 1836 285 1856 ris
303 1835 382 1857 Sancti.

492 264 560 296 724

442 329 571 364 fratrum
587 340 623 363 ac
643 338 787 362 sororum
810 325 1004 366 huiusmodi,
1022 334 1082 360 tam
1108 326 1190 360 circa

444 390 646 425 personarum
672 377 810 423 ipsarum
826 375 1031 410 directionem
1045 383 1076 409 et
1093 375 1190 409 insor-

444 429 623 467 mationem,
637 438 729 473 quam
745 425 840 459 (livini
855 425 957 459 cultus
973 433 1189 471 augmentum,

443 478 578 512 debitam
602 475 851 511 observationem
881 484 910 509 et
940 474 1190 515 institutionem,

443 526 630 575 opportunis
653 524 782 559 adiectis
804 524 961 571 capitulis.

494 581 509 620 ξ
537 578 593 610 52.
622 575 710 622 Ipsas
734 586 804 608 xero
827 574 957 608 lratrum
989 586 1026 608 ac
1047 586 1190 608 sororum

444 639 514 661 cum
538 626 575 659 de
580 637 660 668 cem,
675 624 830 659 dictorum
846 632 949 659 autem
967 624 1129 670 utriusque
1143 635 1193 657 se-

445 688 503 710 xus
513 675 737 710 Tertiariornm
754 673 894 719 Regulus
910 686 983 708 cum
998 681 1120 720 septem
1135 685 1193 707 ca—

446 725 563 772 pitulis,
589 737 644 771 per
658 736 729 759 eum
746 723 795 770 pie
818 724 987 764 institutas,
1009 722 1194 758 recolendae

445 775 617 811 memoriae
639 773 739 809 lulius
753 773 838 820 Papa
854 772 894 818 ll,
912 773 1056 808 similiter
1072 772 1194 820 praede·

444 837 550 860 cessor
573 832 690 869 noster,
718 823 830 858 eodem
849 823 941 859 beato
969 823 1034 857 viro
1062 831 1137 857 tunc
1165 823 1194 856 in

446 874 592 910 humanis
607 882 730 921 agente,
746 882 866 908 matura
883 872 1061 920 praehabita
1074 872 1197 907 delibe-

447 925 743 970 i·atione‚tan1qua1n
762 923 904 969 religioni
931 935 1098 961 consonas,
1109 931 1197 969 post-

446 987 538 1022 quam
556 974 639 1009 idem
658 974 778 1017 Sixtus,
794 973 1016 1019 praedecessor
1030 981 1149 1015 noster,
1162 985 1198 1007 ac

446 1033 560 1060 sanctae
572 1023 882 1059 commemorationis
901 1023 1107 1058 Innocentius
1128 1022 1198 1057 Vlll

446 1083 477 1110 et
490 1074 671 1110 Alexander
684 1073 738 1118 Vl,
752 1072 888 1108 Romani
905 1073 1077 1108 Pontifices
1104 1073 1196 1107 etiam

448 1124 707 1180 praedecessores
732 1123 852 1165 nostri,
882 1123 987 1158 eidem
1018 1123 1110 1158 beato
1134 1123 1199 1157 viro

447 1175 581 1222 eiusque
600 1173 735 1218 Ordini,
758 1185 794 1208 ac
824 1174 893 1208 eius
922 1173 1064 1220 personis
1091 1180 1121 1207 et
1142 1172 1200 1207 ‹lo-

449 1224 553 1260 mibus
581 1224 765 1272 quamplura
791 1223 954 1270 privilegia
967 1230 1200 1266 concesserant

451 1287 505 1322 per
531 1287 606 1309 snas
635 1285 747 1320 primo
774 1282 804 1307 et
831 1273 945 1308 deinde
966 1285 1023 1307 nos
1045 1285 1098 1319 per
1126 1272 1201 1306 alias

450 1332 573 1359 nostias
606 1324 712 1358 literas
741 1323 990 1370 approbavimus
1022 1331 1052 1356 et
1085 1322 1202 1356 confir-

452 1375 606 1409 mavimus
623 1401 633 1417 .,
666 1373 860 1420 diversisque
882 1373 1074 1419 privilegiis,
1096 1372 1202 1417 gratiis

451 1432 482 1458 et
503 1423 634 1458 indultis
661 1422 814 1457 Ordinem
846 1435 949 1469 ipsum
986 1422 1203 1469 multipliciter

451 1473 730 1516 communivimus,
758 1481 850 1527 prout
879 1485 907 1506 ιιι
938 1472 1076 1518 ipsorum
1107 1484 1203 1517 piae-

452 1523 656 1558 decessorum
671 1531 701 1557 et
715 1522 830 1557 nostris
842 1521 880 1556 ad
897 1522 926 1556 id
940 1522 1091 1557 confectis
1106 1521 1185 1555 liter
1180 1535 1204 1555 is

453 1573 577 1621 plenius
597 1573 787 1608 continetur.

501 1627 516 1667 g
544 1625 601 1657 55.
637 1621 785 1669 Cumque
817 1622 897 1657 vitae
923 1634 998 1657 suae
1023 1620 1116 1656 finem
1145 1620 1203 1655 iam

454 1672 978 1721 proximum(divinainspiratione)
996 1672 1204 1726 prospiceret3

455 1723 537 1758 idem
554 1722 728 1762 beatnStir,
740 1721 838 1768 pridie
853 1734 945 1769 qnam
959 1721 1137 1765 decederet,
1151 1721 1204 1767 qui

456 1773 513 1807 fuit
528 1773 596 1807 dies
609 1772 734 1807 Coenae
743 1771 885 1812 Domini,
900 1771 1045 1819 pluribus
1060 1783 1098 1805 ex
1111 1783 1164 1804 v·ai
1169 1783 1206 1804 ns

457 1822 628 1870 provinciis
650 1831 680 1856 et
700 1822 817 1868 regnis⁷
836 1822 889 1869 qui
914 1830 987 1856 tunc
1010 1821 1047 1855 ad
1064 1832 1137 1855 eum
1154 1833 1207 1854 ve-

455 1881 578 1913 nerant,
600 1871 786 1912 astantibus,
803 1872 832 1905 in
847 1872 939 1906 missa
963 1870 1161 1906 conventuali
1177 1879 1207 1904 et

456 1931 526 1970 post
544 1922 753 1970 poenitentiae
764 1929 994 1956 sacramentum
1008 1928 1206 1967 susceptum,

455 1985 527 2007 cum
541 1971 783 2019 profundissima
799 1971 974 2005 bumilitate
986 1970 1207 2016 uberrimaque

455 1987 664 2070 13οι)1ηι;ιιιιιιι
687 2020 850 2061 effusione,
875 2028 984 2067 pectus
1010 2033 1103 2054 snum
1135 2033 1208 2066 per-

455 2072 615 2116 cutiendo,
629 2079 863 2106 sacrosanctum
881 2070 980 2105 Euclr
982 2070 1068 2104 tristi
1064 2083 1098 2104 te
1111 2070 1147 2104 vi
1151 2069 1208 2102 iti-

454 2139 526 2162 cum
543 2139 559 2162 e
578 2126 724 2161 manibus
739 2126 834 2161 unius
850 2138 887 2160 ex
908 2125 956 2160 sni
973 2124 1104 2159 Ordinis
1118 2137 1208 2171 pies-

455 2180 572 2228 byteris
608 2193 719 2228 magna
750 2193 821 2215 eum
858 2179 1023 2215 devotione
1056 2180 1207 2226 suscepit.

455 2234 568 2270 Postea
589 2235 726 2270 Domino
758 2243 865 2270 nostro
887 2234 955 2269 Iesu
978 2232 1107 2268 Christo
1131 2233 1210 2268 bea-

456 2298 568 2336 taeque
595 2289 710 2325 Mariae
724 2289 842 2335 Virgini
867 2297 896 2324 et
918 2288 1032 2323 sanctis
1062 2287 1209 2322 omnibus

455 2343 566 2379 devote
591 2345 725 2391 peractis
743 2345 914 2391 gratiarum
931 2342 1119 2379 actionibus,
1135 2343 1207 2376 mis-

455 2411 551 2446 saque
564 2398 746 2433 huiusmodi
762 2398 928 2442 celebrata,
943 2397 980 2432 ad
997 2397 1105 2432 cellam
1118 2410 1206 2431 snam

458 2454 591 2500 propriis
606 2453 741 2501 pedibus
756 2453 838 2495 (licet
851 2465 905 2499 pro
917 2459 1080 2487 senectute
1095 2451 1209 2485 debilis

458 2517 487 2542 et
509 2508 674 2551 infirmus),
691 2507 813 2547 baculo,
829 2520 922 2555 quem
940 2518 1026 2541 more
1045 2505 1137 2540 solito
1153 2518 1211 2552 ge-

458 2562 569 2602 stabat,
592 2562 730 2602 innixus,
748 2561 848 2596 rediit.
874 2561 1004 2596 Postero
1020 2568 1123 2595 autem
1147 2560 1210 2605 die,

459 2628 528 2650 cum
553 2616 661 2652 beatus
689 2615 851 2662 fidelisque
877 2615 931 2649 Dei
953 2628 1062 2650 servus
1086 2623 1210 2662 tempus

460 2669 575 2706 instare
599 2670 728 2712 videret,
757 2683 818 2717 qno
843 2669 902 2704 sibi
926 2683 964 2704 ex
987 2669 1043 2704 bac
1061 2668 1210 2716 lacryma-

1031 270 1220 294 acuamur
1248 269 1410 292 ROMANCM

1232 337 1302 359 rum
1327 323 1403 358 valle
1433 323 1632 370 migrandum
1655 332 1731 366 erat,
1755 322 1854 358 dictos
1875 323 1986 358 fratres

1232 386 1308 408 snos
1320 373 1400 408 adse
1410 374 1574 408 convocari
1588 374 1689 413 iussit,
1705 385 1822 419 eosque
1832 372 1869 407 ad
1886 371 1988 407 frater-

1234 436 1304 458 nam
1321 435 1428 469 paeem
1446 431 1652 470 mutuamque
1667 423 1826 458 caritatem
1840 422 1988 457 dulcissi-

1233 474 1293 508 mis
1314 472 1415 507 verbis
1430 485 1465 507 ac
1480 472 1667 507 salutaribus
1683 473 1809 507 monitis
1829 472 1988 507 caritative

1233 523 1414 558 exhortatus
1436 531 1494 566 est,
1516 522 1639 569 illisque
1663 522 1880 557 benedictione
1901 533 1987 556 more

1234 572 1325 608 solito
1355 573 1533 619 impertita,
1555 584 1627 606 cum
1655 572 1713 606 iam
1745 573 1986 618 nonagesimum

1235 623 1384 669 primum,
1398 621 1443 656 vel
1457 622 1549 659 eirca,
1559 634 1677 656 annum
1690 621 1821 656 feliciter
1832 621 1987 668 implevis-

1235 680 1292 712 set,
1307 684 1389 706 anno
1405 684 1421 706 a
1433 671 1527 706 Partu
1543 671 1692 718 Virgineo
1710 670 1876 706 millesimo
1894 671 1989 718 quin-

1235 722 1410 769 gentesimo
1425 722 1571 768 septimo,
1579 722 1766 768 aprilisvero
1778 720 1828 755 die
1839 721 1990 765 secunda,

1236 784 1316 820 quae
1339 780 1414 806 tunc
1430 771 1487 806 fuit
1502 771 1703 811 Parasceves,
1723 769 1857 806 Veneris
1876 770 1990 806 Sancta

1238 831 1437 868 nuncupata,
1465 822 1546 856 circa
1580 821 1708 861 boram,
1731 833 1791 868 qua
1821 833 1877 867 pro
1900 819 1991 855 nobis

1238 870 1385 907 Christus
1410 884 1520 918 passus
1548 879 1606 915 est,
1628 871 1719 917 signo
1741 880 1867 905 sanctae
1888 870 1992 905 crucis

1238 922 1349 956 devote
1373 922 1528 967 signatus,
1556 921 1768 968 omnibusque
1790 920 1993 955 sacramentis

1239 971 1463 1006 ecclesiasticis
1485 971 1590 1006 debite
1613 971 1843 1014 communitus,
1858 970 1992 1017 perlecta

1240 1034 1343 1056 coram
1359 1034 1396 1056 eo
1405 1021 1570 1056 Dominiea
1582 1020 1742 1062 passione,
1753 1020 1867 1055 iunctis
1883 1020 1993 1054 devote

1241 1072 1401 1116 manibus,
1414 1072 1591 1118 erectisque
1607 1071 1635 1104 in
1652 1072 1776 1105 coelum
1793 1070 1907 1110 oculis,
1921 1082 1995 1104 san—

1241 1130 1308 1156 etae
1320 1122 1422 1156 crucis
1439 1121 1634 1168 triumphum
1660 1121 1708 1168 pie
1722 1120 1928 1167 amplectenS,
1944 1131 1995 1154 re-

1242 1180 1447 1218 verenterque
1459 1171 1617 1209 osculans,
1630 1183 1666 1205 ac
1679 1170 1818 1216 saepius⁷
1837 1171 1874 1204 In
1885 1182 1996 1204 manus

1242 1230 1321 1260 tuas,
1346 1223 1487 1260 Domine,
1509 1223 1685 1255 commendo
1707 1221 1850 1266 spiritum
1876 1232 1996 1264 meum,

1242 1271 1378 1318 ali-isque
1404 1271 1469 1318 pias
1485 1272 1644 1306 orationes
1667 1270 1869 1305 devotissime
1901 1281 1996 1316 repe-

1245 1330 1324 1361 tens,
1347 1321 1474 1355 dimissa
1498 1321 1595 1355 buius
1622 1321 1725 1355 carnis
1747 1320 1879 1360 sarcina,
1905 1319 1995 1374 quasi

1247 1371 1366 1414 virtus,
1384 1370 1505 1418 absque
1527 1371 1633 1418 aliquo
1663 1370 1780 1404 doloris
1807 1378 1862 1404 ant
1889 1369 1998 1404 mortis

1244 1420 1370 1455 notabili
1394 1421 1496 1465 signo,
1514 1420 1658 1466 migravit
1684 1420 1723 1454 ad
1745 1418 1922 1454 Christum.

1293 1474 1308 1513 ἕ
1332 1473 1389 1504 5'4.
1415 1470 1561 1517 Cumque
1590 1478 1663 1504 tnnc
1686 1482 1742 1516 per
1764 1469 1913 1504 undecim
1930 1468 1998 1503 dies

1245 1520 1385 1554 eiusdem
1410 1519 1498 1554 Beati
1519 1532 1634 1567 corpus
1659 1518 1852 1566 insepultum
1873 1530 1998 1553 reman-

1245 1571 1332 1609 serit,
1349 1570 1485 1616 illucque
1513 1570 1649 1604 maxima
1672 1570 1810 1604 virorum
1834 1577 1864 1604 ct
1883 1568 1999 1604 mulie-

1248 1632 1314 1654 rum
1327 1632 1361 1654 ac
1373 1620 1588 1666 religiosarum
1607 1631 1812 1667 personarum
1829 1618 2000 1654 multitudo

1246 1671 1428 1714 accesserit,
1449 1678 1481 1704 ut
1496 1678 1640 1704 sanetum
1662 1670 1883 1716 virum‚quem
1898 1669 2000 1703 viven-

1249 1728 1309 1754 tem
1325 1732 1448 1755 summa
1463 1720 1584 1754 fuerant
1595 1720 1795 1755 veneratione
1805 1718 2000 1766 prosequuti,

1247 1770 1340 1804 etiam
1365 1770 1550 1804 defunctum
1575 1770 1728 1811 viderent;
1756 1778 1785 1804 et
1813 1768 1896 1803 illius
1917 1767 2002 1815 apud

1247 1819 1351 1854 Deum
1375 1820 1522 1866 suffragia
1537 1829 1746 1863 mererentur,
1758 1818 1874 1853 mirum
1898 1818 2003 1853 omni-

1249 1869 1308 1903 bns
1330 1869 1398 1914 fuit,
1421 1871 1505 1917 quod
1526 1871 1596 1904 eius
1618 1882 1690 1904 caro
1715 1881 1768 1916 per
1797 1876 1840 1903 tot
1859 1868 1926 1903 dies
1953 1867 2003 1901 in-

1249 1928 1395 1966 corrupta
1421 1919 1638 1967 permanserit,
1666 1932 1724 1954 nec
1747 1918 1845 1953 ullum
1875 1929 2004 1964 prorsus

1249 1968 1400 2004 foetorem
1425 1970 1582 2009 emiserit,
1605 1970 1681 2016 quin
1705 1969 1811 2015 potius
1834 1967 1911 2003 odor
1929 1967 2003 2014 qui-

1250 2019 1319 2054 dam
1344 2019 1480 2054 suaviter
1520 2020 1660 2066 fragrans
1687 2018 1726 2053 ab
1753 2031 1788 2054 ea
1817 2017 2001 2052 manaverit.

1249 2068 1323 2104 Post
1341 2069 1438 2116 ipsius
1453 2069 1544 2104 etiam
1562 2069 1695 2113 obitum,
1719 2068 1826 2103 multis
1842 2068 1910 2103 eius
1937 2066 2004 2102 sus-

1250 2122 1346 2170 sragia
1371 2124 1482 2158 devote
1518 2123 1760 2170 implorantibus
1800 2122 2004 2169 omnipotens

1250 2177 1336 2213 Deus
1358 2178 1565 2226 quamplures
1583 2179 1697 2225 gratias
1716 2177 1852 2223 elargiri,
1873 2187 2004 2223 magna-

1250 2245 1311 2280 que
1339 2233 1488 2268 miracula
1514 2233 1614 2280 palam
1636 2232 1757 2280 operari
1781 2231 1928 2278 dignatus
1945 2238 2002 2265 est.

1300 2292 1314 2331 ξ
1329 2290 1385 2322 55.
1396 2287 1528 2335 Propter
1536 2287 1620 2335 quod
1632 2287 1812 2322 carissimus
1826 2286 1854 2320 in
1877 2285 2004 2321 Christo

1253 2341 1334 2375 lilius
1347 2351 1451 2376 noster
1465 2341 1664 2384 Franciscus,
1680 2341 1774 2375 liuius
1790 2339 1927 2375 nominis
1940 2340 2005 2387 pri-

1252 2409 1334 2436 mns,
1352 2396 1543 2431 Francorum
1570 2395 1926 2439 rexchristianissimus,
1949 2407 2005 2430 ca—

1253 2451 1439 2499 rissimaqne
1468 2451 1587 2498 regina,
1609 2463 1689 2498 quae
1717 2462 1732 2484 a
1750 2458 1928 2484 correctore
1946 2448 2005 2484 Or·

1251 2505 1334 2539 dinis
1352 2515 1425 2540 tunc
1444 2505 1581 2552 generali
1609 2517 1644 2540 ac
1666 2504 1734 2539 aliis
1757 2503 1914 2538 nobilibus
1938 2515 2005 2550 per·

1252 2561 1340 2594 sonis
1365 2560 1482 2595 emisso
1511 2569 1603 2601 voto,
1631 2559 1715 2606 quod
1742 2559 1766 2592 si
1793 2558 1923 2604 gratiam
1948 2570 2004 2604 pro

1254 2615 1392 2648 mast-nlo
1401 2624 1631 2661 assequeretur,
1643 2615 1671 2648 in
1682 2613 1717 2648 B.
1727 2613 1828 2647 Patris
1839 2613 2003 2653 bonorem,

1252 2668 1409 2704 Francisci
1433 2682 1546 2704 nomen
1571 2669 1597 2704 ei
1627 2667 2003 2715 imponeret,fulgentis-

2004 266 2054 292 An.
2072 265 2100 292 C.
2120 263 2184 292 1529

2030 1478 2131 1501 miracuta
2152 1481 2201 1506 post

2013 1513 2058 1533 eius
2070 1511 2148 1533 obitum
2160 1510 2201 1532 De-

2013 1549 2038 1564 us
2056 1543 2128 1564 edidit.

2033 2294 2076 2316 Rex
2101 2293 2203 2316 '‘i-anche

2019 2332 2043 2347 ιο
2064 2324 2100 2347 stit
2117 2325 2205 2346 innitte-

2019 2360 2067 2378 runt
2082 2363 2120 2385 pro
2136 2361 2204 2378 cuno-

2018 2389 2133 2410 nuatione.
