2281 3251
114 267 164 296 An.
182 267 211 295 C.
232 267 299 296 nizo

143 1072 261 1095 exordium.

125 1367 193 1390 esna
235 1366 297 1388 huius

110 1398 269 1427 pnhtbttlonts.

126 2010 244 2035 Prohibitie
264 2010 297 2037 (tie

114 2049 155 2072 que
164 2043 185 2065 lu
198 2041 299 2069 rubi-ies).

939 263 1098 287 Eum-:mus
1121 264 1152 286 lV
1176 264 1223 286 Pt‘.

654 317 723 352 XX.

312 401 461 435 Monachi
478 402 609 446 professi
630 401 759 434 Ordinis
778 399 981 433 cisterciensis
1002 411 1065 432 mo-

360 452 526 484 nacharum
543 451 578 484 S.
598 450 771 487 Benedicti,
794 450 836 481 ad
853 448 950 480 alium
970 460 1062 492 quam

360 501 636 533 carthusianorum
661 500 808 533 Ordinem
832 498 963 530 transire
987 509 1063 541 pro-

360 550 502 583 hibentur
529 551 584 592 (l).

582 626 795 657 SUMMAtttUM

310 690 477 721 Exordium.
499 707 538 713 -
557 690 582 720 1.
605 689 698 719 Causa
723 689 811 718 liuius
841 687 1062 727 prohibitionis.

349 751 388 757 —
409 735 436 764 2.
456 734 618 764 Prohibilio
642 734 688 772 (de
705 743 756 772 qua
774 733 802 762 in
823 732 954 767 rubrica).
978 748 1017 753 —
1035 731 1062 760 3.

350 778 467 809 Poenae
489 777 784 808 contravenientium.
802 793 840 798 —
862 776 890 804 4.
907 775 1064 804 Clausulae

351 822 563 861 derogatoriae.

372 897 508 934 Eugenius
526 897 669 933 episcopus
687 902 784 924 servus
803 900 945 923 servorum
956 893 1012 926 Dei.

467 943 501 971 ad
530 942 657 970 futuram
677 941 718 969 rei
733 939 905 968 memoriam.

359 1014 549 1062 Regularem
592 1013 683 1047 vitam
714 1010 862 1058 professis
895 1010 940 1044 sic
973 1009 1063 1043 decet

310 1076 437 1100 omnem
455 1062 590 1109 vagandi
615 1062 776 1096 materiam
798 1071 990 1106 omnemque
1014 1059 1063 1092 in-

310 1113 506 1162 quietudinis
533 1124 659 1146 causam
695 1117 884 1156 amputare,
920 1107 1003 1154 quod
1033 1108 1062 1141 in

310 1175 419 1198 eorum
444 1162 605 1196 vocatione
641 1159 830 1206 persistant,
858 1170 893 1191 ac
915 1157 1061 1191 sedulum

310 1221 341 1247 et
361 1212 509 1247 devotum
537 1209 701 1245 Altissimo
723 1207 894 1242 exhibeam
928 1207 1063 1241 famula-

310 1269 389 1296 lum.

359 1314 375 1354 §
398 1313 430 1344 l.
460 1308 544 1344 San<¹
573 1320 629 1355 pro
657 1316 744 1354 parte
768 1305 956 1341 dilectorum
981 1305 1064 1340 filio-

311 1372 380 1395 rum
401 1359 497 1406 patris
522 1358 645 1393 abbatis
670 1356 852 1392 monasterii
876 1355 1065 1390 Cistercien-

310 1409 365 1454 sis,
387 1407 576 1443 Cabilonen.
598 1407 714 1452 dione,
730 1416 759 1441 et
780 1406 913 1441 aliorum
942 1404 1065 1440 Cister-

311 1459 428 1494 ciensis
453 1456 585 1492 Ordinis
617 1456 767 1491 abbatum
800 1454 938 1490 exhibita
973 1454 1065 1489 nobis

312 1520 414 1555 nuper
439 1507 548 1554 petitio
576 1506 769 1547 continebat,
802 1503 885 1551 quod
922 1504 1063 1538 nonnulli

311 1557 457 1592 monachi
481 1556 556 1591 dicti
579 1555 721 1595 Ordinis,
743 1555 794 1589 alii
824 1553 969 1588 videlicet
997 1566 1065 1588 me-

310 1606 398 1642 lioris
420 1606 519 1653 frugis
548 1605 620 1640 ficto
642 1605 759 1643 colore,
785 1603 835 1638 alii
867 1615 938 1637 vero
968 1611 1000 1637 nt
1021 1604 1064 1637 iu·

311 1669 387 1704 gum
423 1655 621 1690 obedientiae
654 1663 684 1689 et
712 1653 857 1689 salutaris
889 1652 1065 1688 medicinae

310 1705 465 1752 effugiant
492 1704 697 1751 disciplinae,
725 1703 761 1738 ad
795 1702 874 1738 alios
907 1702 1065 1748 regulares

310 1754 450 1790 Ordines
465 1767 498 1789 se
520 1754 692 1792 divertunt,
715 1761 744 1786 et
764 1760 798 1787 ut
822 1753 851 1785 in
877 1750 938 1785 illis
963 1764 1066 1786 rema-

311 1817 386 1840 nere
409 1803 506 1838 libere
529 1803 667 1851 possint,
690 1802 846 1836 licentiam
864 1800 1065 1847 Apostolicae

311 1853 405 1889 Sedis
420 1853 451 1887 in
474 1853 639 1899 exquisitis
660 1851 818 1886 coloribus
840 1858 987 1896 satagunt
1008 1850 1066 1885 ob-

312 1903 423 1938 tinere.

362 1956 378 1997 ξ
401 1956 434 1986 2.
458 1950 523 1986 Nos
545 1950 650 1997 igitur,
677 1961 811 1997 qnorum
843 1948 973 1983 interest
995 1948 1066 1982 ani-

315 2014 435 2037 marum
473 2000 635 2048 providere
670 1999 783 2044 saluti,
819 2006 848 2033 et
884 1998 1065 2033 liuiusmodi

313 2049 440 2086 salubre
453 2049 627 2085 remedium
641 2049 801 2092 adbibere,
812 2047 995 2083 eorumdem
1011 2060 1067 2095 pa-

314 2101 368 2136 tris
383 2109 412 2135 et
433 2099 582 2135 abbatum
605 2097 891 2146 supplicationibus
915 2096 1066 2137 inclinati,

314 2150 424 2185 harum
447 2149 528 2184 serie
551 2148 752 2183 decernimus
770 2156 798 2181 et
821 2147 913 2181 etiam
937 2146 1067 2181 ordina-

313 2212 402 2241 mus,
425 2199 508 2246 qnod
538 2198 645 2232 nullus
671 2197 801 2232 Ordinis
829 2196 956 2243 praefati
988 2209 1067 2243 pro-

313 2253 416 2289 fessus
448 2252 485 2288 ad
515 2252 610 2287 alium
639 2262 894 2298 quemcumque,
927 2259 1068 2298 praeter·

314 2320 408 2355 quam
446 2306 723 2342 Cartliusiensium
752 2304 928 2345 Ordinem,
971 2304 1065 2339 etiam

315 2369 477 2411 praetextu
498 2360 660 2395 literarum
686 2359 811 2394 maioris
835 2358 1066 2406 poenitentiarii

315 2415 431 2457 nostri,
454 2415 546 2450 etiam
569 2415 595 2449 si
620 2415 648 2448 in
674 2414 734 2448 illis
758 2413 847 2460 plena
868 2422 896 2448 et
918 2425 1065 2460 expressa

315 2470 355 2506 de
378 2469 597 2518 praesentibus
620 2468 738 2503 mentio
762 2466 924 2507 habeatur,
947 2466 1068 2513 absque

314 2523 457 2560 eiusdem
477 2524 574 2571 patris
594 2522 716 2558 abbatis
735 2521 861 2556 licentia
885 2520 1066 2555 huiusmodi

315 2578 445 2614 concedi
479 2577 613 2618 debeat,
643 2576 733 2612 nobis
769 2584 799 2610 et
831 2575 1068 2610 successoribus

351 2649 391 2685 (l)
409 2647 472 2676 Vide
487 2647 613 2684 superius
629 2647 743 2675 Constit.
760 2654 841 2681 xviii,
857 2655 916 2683 pag.
939 2647 984 2674 53.

1760 254 1804 286 39

1106 318 1222 352 nostris
1246 317 1397 352 Romanis
1426 316 1634 351 Pontificibus
1657 329 1803 363 expresse
1827 327 1855 352 ct

1105 367 1253 413 specifice
1280 366 1440 412 allegatis,
1463 367 1577 400 audeat
1604 365 1650 400 vel
1676 376 1855 413 praesumat

1105 415 1343 462 quomodolibet
1365 428 1398 450 se
1427 415 1605 450 transferre.

1154 466 1174 512 S
1197 468 1228 499 5.
1258 465 1471 500 Dec-eruentes
1499 464 1704 499 nihilominus
1731 472 1856 498 contra·
1873 467 2058 520 'zffiffilfflffln-

1106 514 1254 549 facientes
1288 514 1417 549 cosdem
1446 514 1635 548 correctioni
1663 514 1710 547 sui
1738 513 1858 547 abbatis

1105 574 1133 599 et
1156 565 1231 598 dicti
1255 563 1386 599 Ordinis
1414 564 1546 598 omnino
1568 562 1712 606 subesse,
1739 575 1858 609 cosque

1106 622 1306 648 transeuntes
1340 622 1369 647 et
1404 613 1534 648 abbates
1569 625 1679 647 eorum
1709 612 1785 658 ipsis
1820 612 1857 645 ad

1105 663 1214 706 alium,
1243 671 1462 709 piaeterquani
1487 661 1524 696 ad
1557 662 1675 696 dictum
1704 661 1856 696 Ordinem

1105 711 1380 746 Cartbusiensinm
1407 712 1590 746 transeundi
1614 711 1772 745 licentiam
1788 722 1860 743 con-

1105 761 1273 805 cedentes,
1310 762 1377 808 ipso
1405 761 1497 802 facto,
1520 760 1859 795 excommunicationis

1105 810 1279 844 sententiae
1306 810 1481 845 subiacere.

1155 859 1175 906 ἓ
1208 861 1241 893 4.
1268 859 1336 893 Non
1370 859 1566 894 obstantibus
1600 858 1858 906 quibuscumque

1107 908 1279 956 privilegiis
1305 916 1359 942 etc.

1154 957 1240 992 Nulli
1270 970 1345 1003 ergo
1368 966 1422 992 etc.

1154 1006 1188 1041 Si
1213 1006 1285 1053 quis
1312 1014 1365 1040 etc.

1154 1055 1269 1090 Datum
1293 1055 1472 1090 Florentiae
1489 1083 1496 1092 ,
1524 1067 1607 1089 anno
1633 1054 1860 1089 incarnationis

1105 1105 1283 1140 dominicae
1306 1115 1532 1143 aiecccxxxix,
1555 1104 1680 1138 decimo
1701 1113 1789 1138 sexto
1806 1104 1861 1138 ka-

1106 1154 1213 1189 lendas
1248 1154 1370 1198 martii,
1404 1155 1607 1201 pontificatus
1642 1154 1737 1188 nostri
1777 1166 1860 1188 anno

1105 1213 1226 1238 octavo.

1124 1265 1186 1296 Dat.
1202 1266 1249 1295 die
1265 1266 1301 1295 14
1319 1264 1459 1295 februarii
1477 1264 1563 1301 1439,
1585 1269 1664 1303 pont.
1685 1274 1762 1294 anno
1781 1273 1840 1294 vni.

1444 1424 1528 1459 xxt.

1109 1507 1279 1541 Concordia
1311 1507 1461 1541 Ecclesiae
1486 1506 1622 1540 Graecae
1654 1513 1681 1550 et
1711 1506 1860 1549 Latinae,

1155 1569 1223 1590 cum
1260 1557 1436 1600 definitione
1469 1557 1675 1600 quarumdam
1709 1556 1861 1588 articulo-

1156 1619 1223 1640 rum
1255 1606 1422 1640 catholicae
1462 1607 1536 1650 fidei
1572 1607 1605 1638 in
1631 1605 1741 1650 quibus
1768 1604 1861 1638 dissi·

1155 1657 1277 1695 debant,
1305 1657 1517 1700 primatusque
1540 1655 1676 1689 Romani
1703 1654 1862 1699 Pontifices

1155 1714 1181 1739 et
1205 1706 1336 1740 Ordinis
1355 1705 1588 1750 patriarchalis.

1373 1777 1587 1808 SUMMAMUM

1106 1841 1264 1871 Exordium
1283 1851 1298 1870 a
1319 1841 1440 1876 laetitia,
1462 1849 1538 1879 quae
1561 1839 1700 1869 omnibus
1724 1839 1861 1869 christifi-

1147 1885 1266 1914 delibus
1299 1894 1333 1914 ex
1361 1884 1534 1914 huiusmodi
1569 1885 1678 1914 unione
1711 1884 1862 1921 provenire

1147 1930 1246 1964 debet,
1268 1929 1402 1969 petitum.
1420 1945 1460 1951 -
1478 1929 1504 1958 1.
1524 1929 1659 1965 Articuli,
1681 1937 1771 1967 super
1792 1928 1861 1966 qui-

1149 1974 1205 2003 bus
1229 1974 1257 2003 in
1276 1974 1401 2003 concilio
1420 1973 1588 2003 Florentino
1608 1973 1788 2009 disputatum
1809 1975 1861 2000 est.

1147 2035 1185 2040 —
1206 2017 1234 2047 2.
1257 2017 1407 2047 Professio
1426 2017 1461 2047 ab
1481 2016 1620 2046 omnibus
1642 2025 1731 2054 super
1749 2016 1860 2045 eisdem

1147 2062 1281 2092 articulis
1309 2062 1454 2092 facienda,
1483 2077 1522 2083 —
1552 2061 1580 2091 3.
1603 2060 1641 2090 De
1674 2060 1861 2099 processione

1149 2107 1278 2146 Spiritus
1313 2106 1425 2144 Saneti;
1454 2123 1493 2129 —
1523 2106 1551 2135 4.
1574 2105 1799 2135 Consecratione
1833 2104 1860 2132 in

1148 2161 1249 2190 azymo
1271 2151 1315 2181 vel
1334 2151 1519 2187 fermentat03
1540 2166 1580 2171 —
1598 2150 1625 2179 5.
1644 2148 1815 2187 Purgatorio
1834 2151 1862 2176 et

1148 2195 1319 2234 suffragiis3
1343 2212 1383 2218 ——-
1410 2196 1436 2225 6.
1460 2194 1599 2224 Paradiso
1623 2197 1651 2222 et
1672 2192 1861 2223 distinctione

1149 2241 1332 2277 meritorum;
1353 2256 1393 2262 —
1416 2240 1440 2269 7.
1464 2238 1592 2276 Inter-1103
1619 2254 1657 2260 —-
1678 2238 1705 2267 8.
1733 2237 1861 2266 Priinatu

1149 2285 1272 2315 Romani
1292 2284 1460 2319 Pontificis;
1486 2299 1526 2305 —
1554 2283 1581 2312 9.
1607 2281 1716 2311 Ordine
1740 2281 1862 2319 patriar-

1148 2330 1281 2360 charum.
1302 2346 1342 2351 —-
1361 2329 1483 2367 Eugenii
1503 2327 1597 2367 Papae
1616 2343 1655 2349 --
1686 2331 1713 2355 et
1731 2325 1759 2355 S.
1779 2325 1810 2354 ti.
1827 2324 1859 2354 E.

1148 2374 1345 2405 cardinalium
1369 2373 1560 2411 subscriptio.

1107 2441 1243 2478 eugenius
1276 2442 1417 2478 episcopus
1444 2447 1540 2469 servus
1572 2446 1713 2469 servorum
1740 2437 1802 2469 nei,
1827 2436 1861 2465 ed

1125 2484 1128 2488 “
1152 2493 1314 2528 perpetuam
1340 2491 1382 2519 rei
1404 2490 1572 2518 memoriam.
1607 2487 1796 2517 consentiente
1827 2486 1861 2514 ad

1152 2541 1335 2577 infrascripta
1354 2540 1497 2569 carissimo
1515 2539 1544 2567 in
1560 2538 1667 2567 Christo
1684 2537 1739 2565 filio
1765 2536 1860 2564 nostro

1152 2591 1248 2621 Ioanne
1288 2589 1457 2626 ralaeotogo.
1478 2589 1657 2617 Romanorum
1693 2585 1861 2621 imperatore

1152 2640 1278 2673 illustri.
1318 2641 1347 2669 et
1374 2637 1623 2668 locumtenentibus
1665 2632 1860 2664 venerabilium

1872 264 1921 290 An.
1934 263 1962 290 C.
1983 264 2049 290 tu39

1907 868 2025 889 Clausulas.

1887 900 2042 925 ἀκομιστίη.
