2281 3251
214 275 264 301 An,
283 273 311 299 C.
328 273 393 302 «ὴὸ’.)

234 1297 344 1319 onitu-iris
372 1294 404 1312 'tn-

223 1330 303 1349 itsdirt.
318 1324 408 1346 tran-la-

222 1365 243 1379 ta
267 1361 286 1379 ‘tn
311 1358 407 1384 episeop—

223 1390 341 1410 Pient'inuni
352 1391 372 1407 et
384 1386 409 1406 ΙΙ·

223 1426 332 1442 ι’ΔΙΙὶῚμὲΙΙΙ

254 2045 372 2066 hanun-m
396 2046 417 2062 et

233 2074 360 2096 llcineunem
378 2073 417 2093 Ec-

234 2108 311 2127 cte-ia·
327 2107 377 2126 nnn.

466 264 531 298 168

413 331 544 375 niinata,
561 329 707 364 videlieet
732 329 919 377 Camigliaui
937 331 992 371 tl).
1017 330 1161 376 Argiuni

413 381 500 415 l'odii
534 380 593 415 alle
614 380 714 419 Mum,
738 379 852 414 Montis
879 379 977 424 Nigri.
996 378 1029 412 S.
1051 380 1160 425 Angeli

413 432 442 464 in
477 430 569 474 colle,
593 430 692 464 Castri
714 428 791 463 Novi
816 428 969 467 Abbatis,
997 429 1163 475 Siggiani,

413 480 513 527 Ripae
531 488 559 514 et
581 479 760 514 Torrauerii
777 487 891 522 eastra,
915 478 1001 512 villas
1023 490 1077 511 seu
1097 479 1163 513 loca

414 530 594 565 liuiusinodi
630 530 730 563 eidem
761 529 904 563 llcinensi
941 528 1102 562 Ecclesiae
1136 537 1164 562 et

413 582 481 614 eius
503 580 568 615 sedi
592 578 773 627 episcopali,
801 591 870 613 cum
899 577 995 614 clero,
1025 577 1166 625 populis.

415 630 539 668 incolis,
560 629 723 669 Ecclesiis,
752 628 965 666 monasteriis.
991 627 1166 672 beneficiis,

415 680 490 715 lineis
513 680 582 726 piis,
609 687 669 712 tam
705 677 918 712 saecularibus
953 690 1044 724 quam
1075 690 1168 724 regn·

416 730 544 767 laribus,
559 728 722 763 territoriis
744 728 876 775 aliisque
899 728 1020 762 iuribus
1042 736 1072 762 et
1097 740 1168 775 per-

417 780 556 814 tinentiis
572 806 580 822 ,
603 786 760 825 quatenus
787 777 932 812 videlicet
956 777 1073 812 eisdem
1102 777 1169 824 epi-

415 830 521 876 seopis
555 828 738 863 eorumdem
763 828 927 862 ordinariis
953 827 1169 866 subiacebant,

415 890 443 913 et
460 892 521 914 non
541 878 640 918 aliter,
658 877 803 913 Plentino
825 885 855 912 et
873 877 1003 912 llcinen.
1021 877 1170 925 episcopo

418 941 474 977 pro
497 938 638 975 tempore
665 927 810 963 existenti
834 927 1030 971 subiicimns,
1053 936 1082 961 et
1106 927 1170 961 eis-

418 980 488 1014 ilem
506 988 534 1013 et
550 978 630 1021 aliis,
645 986 735 1024 prout
750 978 896 1025 superius
912 986 957 1012 est
972 989 1170 1024 expressum,

419 1042 475 1076 pro
497 1027 697 1063 dioecesibus
720 1027 931 1074 assignamus,
960 1039 995 1061 ac
1019 1026 1172 1061 Pientinae

418 1088 446 1112 et
470 1078 598 1113 llcinen.
623 1077 777 1112 dioecesis
804 1077 842 1112 de
867 1086 990 1112 caetero
1014 1077 1173 1124 perpetuis

421 1129 534 1164 l'nturis
549 1127 744 1175 temporibus
765 1127 829 1162 l'ore
850 1136 881 1162 et
903 1127 1023 1162 censeri
1057 1126 1172 1161 debere

421 1179 567 1213 volumus
595 1186 623 1212 et
651 1177 829 1212 statuimus.

469 1229 490 1276 S
512 1232 543 1263 4.
569 1227 782 1263 Decernentes
803 1227 1000 1270 collationes,
1021 1226 1175 1274 provisio-

423 1291 490 1324 nes,
505 1278 694 1313 electionum
716 1277 984 1320 confirmationes,
1005 1277 1175 1311 institutio-

425 1341 479 1363 nes
506 1336 535 1363 et
557 1327 778 1362 destitutiones
802 1327 1012 1362 licclesiarum
1028 1355 1036 1367 ,
1065 1338 1175 1361 mona-

424 1379 604 1421 steriorum,
628 1377 851 1412 beneficiorum
876 1389 911 1412 ac
935 1377 1056 1424 piorum
1086 1386 1177 1411 etec-

424 1429 667 1463 ‹-tesiasticorum
709 1427 850 1462 locorum
888 1426 1118 1474 praedictorum
1147 1434 1176 1460 et

426 1490 632 1526 personarum
658 1489 780 1517 eorum,
805 1489 926 1511 necnon
956 1476 1047 1511 aliam
1071 1476 1177 1511 omni-

426 1528 549 1563 modam
573 1527 763 1562 ordinariam
796 1526 1074 1562 iurisdictionem
1070 1539 1099 1560 m
1118 1526 1179 1560 illis

425 1591 459 1613 ac
482 1577 621 1626 oppidis
643 1577 766 1617 castris
784 1577 864 1611 xillis
886 1585 915 1611 et
938 1576 1014 1611 locis
1034 1576 1179 1623 superius

425 1640 594 1676 ‹xpresSis,
610 1639 785 1675 eorumque
809 1627 906 1666 e·leio
931 1626 1054 1674 populis
1086 1634 1180 1673 atque

426 1678 537 1713 incolis
564 1677 602 1712 ad
626 1676 805 1712 Pientinum
839 1685 868 1711 et
901 1676 1089 1711 llcinensem
1110 1677 1180 1724 epi-

426 1740 558 1776 scopum
588 1739 644 1774 pro
666 1735 808 1775 tempore
827 1727 1011 1762 existentem
1030 1726 1059 1761 in
1076 1727 1181 1761 omni-

428 1779 486 1814 bus
518 1787 548 1813 et
571 1790 626 1825 pet·
651 1778 754 1812 omnia
780 1785 931 1824 perpetuo
961 1777 1116 1824 pertinere
1141 1778 1180 1812 ita

428 1837 458 1862 et
479 1827 750 1876 quemadmodum
775 1840 828 1874 per
856 1836 944 1861 antea
965 1827 1002 1861 ad
1028 1826 1182 1874 praefatos

429 1879 670 1917 (Ii-assotanum,
690 1876 858 1912 Clusinum
880 1889 914 1911 ac
931 1876 1097 1912 Aretinum
1114 1877 1183 1924 epi-

430 1940 544 1975 scopos
571 1939 680 1962 eorum
703 1927 877 1961 ordinarios
901 1926 1107 1973 pertinebant.

480 1978 500 2025 5
528 1979 559 2012 5.
590 1977 627 2011 Et
663 1977 814 2024 insuper,
845 1975 998 2010 suadente
1029 1977 1184 2011 vicinitate

432 2028 586 2062 dictarum
600 2026 763 2062 Plentinae
776 2025 943 2062 etllcinen.
958 2026 1184 2066 Ecclesiarum,

432 2086 460 2112 ct
488 2089 525 2112 ex
555 2077 649 2112 certis
671 2077 744 2111 aliis
767 2077 857 2111 iustis
885 2089 919 2110 ac
943 2075 1184 2111 rationabilibus

433 2128 536 2162 muisis
563 2127 706 2162 animum
743 2136 884 2162 nostrum
908 2125 1120 2166 moventibus,
1148 2125 1186 2159 de

433 2177 618 2212 eorumdem
642 2176 772 2212 fratrum
797 2175 930 2212 consilio
953 2188 987 2210 ac
1011 2184 1111 2219 motu,
1134 2187 1186 2210 au-

433 2227 575 2262 ctoritate
609 2235 637 2261 et
665 2227 795 2263 scientia
824 2225 1037 2274 supradictis,
1059 2225 1185 2260 easdem

435 2277 611 2312 l'ientinam
639 2286 668 2312 et
698 2276 885 2312 llcinensem
908 2275 1086 2315 Ecclesias,
1115 2287 1186 2309 cum

435 2327 582 2361 omnibus
598 2327 719 2363 iuribus
737 2335 766 2362 et
778 2326 977 2373 pertinentiis
995 2325 1188 2365 earumdem

437 2377 592 2412 insimul'
587 2390 616 2412 in
637 2386 824 2433 perpetuum
850 2377 1102 2423 incorporamus
1125 2388 1189 2410 an·—

437 2428 594 2462 nectimus
621 2435 650 2461 et
679 2428 818 2462 unimus.
843 2426 952 2473 ltaque
987 2424 1133 2473 capitulis
1155 2438 1189 2460 ac

437 2477 637 2512 dioecesibus
668 2477 833 2523 utriusque
868 2477 1007 2524 ipsarum
1033 2474 1191 2510 Ecclesia-

439 2540 520 2569 rum,
541 2527 697 2561 distinctis
714 2525 920 2561 existentibus
935 2527 978 2570 (2)
999 2537 1191 2572 unoquoque

439 2578 578 2624 ipsorum
616 2577 850 2624 capitulorum,
879 2576 963 2610 iuxta
991 2588 1045 2610 sua
1078 2583 1191 2609 statuta

474 2650 514 2683 (l)
531 2649 598 2681 Ugti.
613 2648 653 2675 liic
663 2648 745 2675 addit:
755 2649 898 2680 perronae,
908 2649 1058 2680 Communi.
1071 2647 1111 2682 (ᾖ)
1124 2647 1191 2679 Ugti.

440 2684 527 2711 addit:
545 2688 568 2711 ot
584 2685 624 2720 (rt.
637 2685 686 2719 τ.).

991 274 1176 298 nummum
1207 274 1366 297 umnam!

1204 338 1231 364 et
1260 329 1475 364 ordinationes
1501 342 1533 363 sc
1558 328 1752 376 regentibus
1777 341 1859 365 unus
1882 328 1959 373 epi-

1204 392 1320 427 scopus
1342 379 1461 413 eisdem
1486 378 1648 413 Pientinae
1671 388 1701 414 et
1723 378 1872 415 llcinensi
1893 377 1957 413 Ec-

1205 428 1958 476 Clk'SilS[11308117ClllllSqlllan)(⁸¹)lSCOPU,CUnl

1206 480 1304 514 (litt-‘is
1327 478 1484 512 Fcclesias
1509 491 1564 525 pro
1587 487 1728 526 tempore
1752 492 1860 514 γιῑιεπε
1882 490 1960 512 eon-

1208 529 1333 575 tigerit.
1357 528 1469 562 electio
1493 540 1549 574 per
1578 536 1747 576 utrumqne
1771 527 1960 576 capitulum,

1207 578 1303 613 semel
1334 578 1362 612 in
1392 577 1536 612 Pieutina
1573 587 1601 612 et
1633 579 1729 613 semel
1765 578 1793 613 in
1827 578 1958 612 llcinen.

1208 627 1407 664 Ecclesiis,ct
1422 627 1466 661 sic
1482 627 1632 674 deinceps
1651 627 1812 662 alternatis
1827 627 1962 667 vicibus,

1209 678 1262 712 sed
1287 690 1341 724 pro
1359 677 1455 723 prima
1473 677 1548 717 rice,
1569 690 1640 711 cnm
1665 677 1694 711 iu
1713 685 1873 724 posterum
1893 689 1961 712 eam

1211 728 1275 762 fleri
1304 727 1477 773 continget,
1498 726 1526 760 in
1551 726 1692 761 Pientina
1716 727 1856 762 Ecclesia
1880 726 1964 762 cele-

1211 777 1329 812 bretur.

1260 832 1274 870 ξ
1290 828 1323 861 6.
1338 825 1520 870 Caeterum,
1536 826 1697 872 cupientes
1713 826 1795 873 ipsas
1807 825 1966 861 Ecclesias

1211 876 1361 923 singulari
1382 875 1536 911 beneficio
1552 875 1712 916 decorare,
1737 888 1789 911 eas
1811 884 1841 910 et
1858 888 1964 911 earum

1214 925 1389 975 praesulem
1415 938 1470 972 pro
1494 933 1634 972 tempore
1666 926 1870 970 existentem,
1892 937 1965 960 cum

1213 976 1367 1024 capitulis,
1388 975 1471 1010 clero
1494 984 1524 1009 et
1547 975 1687 1022 populis,
1707 976 1897 1019 civitatibus,
1915 987 1968 1022 op·

1216 1026 1307 1073 pidis,
1331 1025 1441 1060 eastris
1464 1038 1519 1060 seu
1538 1024 1617 1059 villis
1641 1025 1808 1072 praedictis
1845 1034 1875 1060 et
1895 1026 1969 1060 totis

1215 1077 1336 1111 illarum
1359 1075 1570 1118 dioecesibus,
1590 1074 1628 1109 ab
1642 1075 1727 1109 omni
1743 1075 1969 1114 iurisdictione,

1214 1125 1456 1173 superioritate,
1480 1124 1672 1168 visitatione,
1695 1124 1836 1159 dominio
1858 1132 1888 1159 et
1912 1136 1970 1172 po-

1215 1185 1325 1211 testate
1340 1174 1568 1230 archiepiscopi
1584 1174 1737 1208 Senensis
1756 1187 1811 1222 pro
1828 1183 1970 1222 tempore

1216 1225 1378 1262 existentis
1418 1225 1548 1272 eiusque
1571 1224 1750 1259 officialium
1779 1237 1813 1259 ac
1836 1224 1970 1259 aliorum

1216 1287 1493 1323 quorumcumque
1531 1273 1762 1308 ordinariorum
1808 1273 1972 1318 indicum,

1218 1333 1318 1369 motu,
1333 1324 1703 1360 anctoritateetscienna
1715 1323 1918 1371 supradictiS,
1941 1323 1972 1357 in

1219 1384 1404 1423 perpetuum
1418 1374 1586 1409 eximimus
1596 1382 1625 1408 et
1641 1373 1775 1408 totaliter
1788 1373 1973 1413 liberamus,

1218 1438 1253 1460 ac
1274 1424 1333 1460 sub
1354 1432 1456 1459 nostra
1477 1432 1505 1457 et
1522 1424 1601 1458 beati
1621 1423 1704 1458 Petri
1729 1431 1758 1456 et
1776 1422 1868 1458 Sedis
1886 1423 1975 1470 Apo-

1219 1475 1348 1509 stolicae
1373 1474 1568 1522 protectione
1587 1473 1794 1521 suscipimus,
1810 1473 1974 1521 dictasque

1219 1524 1378 1560 Ecclesias
1409 1532 1440 1558 et
1475 1535 1584 1558 eorum
1615 1522 1790 1570 praesulem
1814 1521 1976 1557 Romanae

1220 1575 1381 1609 Ecclesiae
1405 1573 1492 1608 nullo
1513 1573 1616 1607 medio
1643 1572 1845 1608 decernimus
1867 1571 1977 1607 subia-

1221 1636 1303 1660 cere.

1271 1674 1290 1720 ξ
1309 1676 1340 1708 7.
1359 1673 1400 1708 lta
1426 1681 1528 1708 tamen
1553 1672 1650 1720 quod,
1673 1673 1697 1707 si
1721 1672 1793 1720 quis
1817 1672 1848 1707 in
1871 1672 1977 1708 causis

1222 1725 1260 1759 ab
1282 1724 1432 1771 episcopo
1454 1723 1602 1758 Pientino
1623 1731 1653 1756 et
1683 1723 1812 1757 llcinen.
1841 1723 1977 1770 eiusque

1223 1773 1409 1809 officialibus
1430 1773 1467 1807 ad
1503 1772 1777 1820 arehiepiscopum
1801 1772 1977 1808 Senensem

1223 1836 1277 1859 seu
1295 1824 1364 1858 eius
1387 1822 1663 1869 metropolitanam
1687 1822 1805 1856 curiam
1827 1834 1883 1869 pro
1898 1830 1979 1856 tem-

1225 1886 1299 1920 pore
1313 1872 1470 1919 appellare
1488 1872 1652 1909 voluerint,
1670 1871 1760 1906 liceat
1775 1873 1822 1906 eis
1835 1872 1865 1906 id
1882 1872 1980 1906 libere

1225 1924 1338 1961 facere,
1355 1923 1479 1969 ipsique
1491 1922 1744 1969 archiepiscopo,
1759 1934 1812 1955 seu
1828 1921 1897 1956 eius
1911 1921 1980 1956 offi-

1225 1972 1356 2008 cialibus
1381 1972 1426 2007 rel
1461 1971 1613 2017 delegatis
1652 1971 1762 2015 abeo,
1796 1970 1979 2006 huiusmodi

1225 2022 1471 2070 appellationum
1495 2033 1606 2055 causas
1633 2033 1826 2067 cognoscere
1853 2028 1883 2056 et
1906 2020 1982 2055 defi-

1228 2073 1306 2114 nire,
1335 2072 1374 2106 ita
1406 2080 1432 2105 et
1462 2070 1730 2118 quemadmodum
1764 2071 1840 2105 alias
1873 2082 1983 2105 causas

1227 2121 1473 2169 appellationum
1497 2133 1512 2154 a
1536 2121 1602 2155 suis
1621 2120 1828 2168 suffraganeis
1848 2119 1983 2167 imposi-

1229 2181 1328 2206 tarum
1352 2179 1559 2217 cognoscunt.
1584 2170 1689 2205 Liceat
1717 2170 1810 2204 etiam
1839 2170 1897 2217 ipsi
1926 2181 1984 2204 ar-

1228 2221 1431 2268 chiepiscopo
1461 2233 1515 2268 pro
1547 2229 1688 2268 tempore
1716 2220 1888 2264 existenti,
1910 2231 1983 2254 cum

1231 2283 1285 2318 per
1305 2271 1441 2305 l'ientin.
1461 2270 1507 2304 vel
1527 2269 1657 2305 llcinen.
1672 2270 1813 2304 cixitates
1827 2279 1880 2304 aut
1896 2269 1985 2304 dioe-

1230 2333 1317 2356 ceses
1343 2321 1398 2355 iter
1422 2320 1528 2363 saciet,
1558 2332 1630 2367 prae
1656 2332 1689 2354 se.
1710 2331 1837 2354 crucem
1862 2327 1985 2367 portare

1232 2371 1333 2405 flauum·
1338 2398 1346 2414 ,
1369 2371 1449 2405 sicut
1467 2370 1496 2404 in
1519 2347 1599 2404 locis
1620 2381 1696 2404 suae.
1719 2370 1897 2416 provinciae
1912 2381 1984 2416 por-

1232 2429 1295 2455 tare
1324 2420 1423 2454 facere
1446 2420 1621 2454 consuevit.
1659 2419 1691 2453 ln
1716 2419 1845 2465 reliquis
1868 2427 1985 2459 autem,

1233 2470 1347 2504 nullam
1372 2469 1563 2504 ordinariam
1588 2468 1836 2503 iurisdictionem
1861 2469 1890 2503 iu
1910 2469 1986 2514 epi-

1232 2532 1364 2566 scopum
1387 2519 1523 2553 Pientin.
1546 2527 1576 2552 et
1598 2518 1726 2552 llcinen.
1742 2518 1879 2552 anteius
1906 2517 1987 2552 sub-

1233 2569 1316 2603 ditos
1345 2570 1443 2603 valeat
1466 2568 1703 2616 quomodolibet
1732 2579 1886 2602 exercere.

1283 2620 1349 2665 §8-
1372 2618 1437 2653 Nos
1455 2619 1595 2652 enimex
1621 2629 1706 2653 nuuc
1729 2617 1849 2652 irritum
1877 2617 1988 2652 decer-

1236 2669 1342 2703 nimus
1355 2676 1383 2702 et
1412 2670 1515 2708 inane,
1538 2667 1562 2702 si
1586 2679 1678 2703 secus
1693 2679 1789 2715 super
1804 2666 1854 2701 his
1875 2679 1891 2702 a
1907 2679 1988 2715 quo-

1974 275 2022 302 An.
2040 274 2068 300 C.
2089 273 2156 301 {2⁸62

1990 842 2077 863 Easdem
2090 840 2166 862 Recte-

1981 875 2023 894 siaa
2054 874 2079 894 ab
2111 873 2166 893 omni

1981 905 2129 926 iurisdictione
2143 908 2169 924 e-

1981 936 2047 956 ximn.

1998 1388 2105 1409 necte-ns
2112 1388 2142 1408 sic
2151 1393 2174 1408 u-

1989 1421 2044 1441 nitas
2059 1419 2096 1440 sub
2111 1419 2173 1439 sedis

1989 1451 2085 1478 Apostol.
2100 1453 2174 1477 prote-

1990 1484 2061 1504 ctione
2077 1482 2173 1508 suscipit,

2005 1682 2068 1704 Facta
2076 1681 2176 1703 facultate

1991 1713 2097 1741 appellen.
2108 1713 2133 1733 ad
2142 1719 2178 1733 ur-

1992 1747 2080 1773 chiepts.
2094 1745 2178 1766 Senen-

1993 1784 2043 1799 sem.

2015 2633 2171 2654 Contrariorum

2035 2664 2152 2690 derogattoi
