2281 3251
256 247 308 276 An.
323 247 354 277 C.
372 248 441 277 ¹5¹3

269 1100 351 1122 statutt
372 1100 436 1123 Ordi-

252 1134 285 1154 nis
292 1135 394 1160 perpetuo
401 1133 436 1153 ob-

252 1167 373 1190 serventur,
381 1168 402 1186 et
411 1165 437 1185 il-

504 239 574 274 566

454 313 542 347 sunt3
558 305 720 353 propterea
735 305 848 340 virtute
870 312 994 340 sanctae
1005 305 1200 340 obedientiae

455 356 665 403 praecipimus
687 364 719 390 ut
743 355 798 395 illi
814 355 929 403 quibus
953 367 1007 402 per
1027 355 1199 401 capitulum

452 404 556 440 Ertmi
573 405 630 439 boc
645 418 725 440 onns
739 405 914 440 iniunctum
933 405 1037 444 sumit
1051 404 1200 443 debeant.

453 454 529 489 infra
557 455 749 499 trienninm,
773 464 803 490 et
832 456 925 489 totins
946 455 1076 489 Ordinis
1104 456 1202 501 ipsius

452 503 557 539 Eremi
574 505 829 549 constitutiones,
841 503 1080 552 proutSpiritns
1093 505 1200 541 Sancti

452 554 548 600 gratia
559 554 619 589 illis
632 555 1201 601 concesserit:cori-igere,einentlare‚

453 603 632 648 reformare,
648 604 805 652 superflua
819 614 870 640 aut
886 605 1007 639 inutilia
1020 605 1201 649 resecando,

454 653 629 688 inordinata
644 655 681 689 ad
696 655 837 690 ordinem
852 655 1033 701 redigendo,
1047 656 1201 691 contraria

453 703 656 749 moderando,
671 714 700 740 et
723 706 826 740 omnia
844 706 872 740 in
889 706 1051 741 meliorem
1068 706 1199 740 formam

451 761 481 788 et
503 754 645 788 ordinem
673 754 734 789 sub
756 756 850 790 certis
873 755 971 791 titulis
994 756 1024 790 in
1048 755 1200 791 brevitate

452 802 636 850 redigendo.
657 804 746 847 Quae
767 804 902 840 habeant
924 805 960 840 ad
989 806 1133 852 generale
1150 819 1203 841 no-

450 855 504 889 stri
533 853 663 889 Ordinis
691 855 830 902 proxime
857 855 997 890 futurum
1029 856 1201 902 capitulum

450 905 695 950 appraesentari,
716 917 730 939 a
752 917 827 952 quo,
851 918 923 940 cum
948 905 1062 940 fuerint
1084 905 1203 941 confir-

449 962 543 995 mata,
566 953 605 988 ab
627 955 775 990 omnibus
798 956 894 990 nostri
918 954 1048 990 Ordinis
1071 955 1202 991 ini-iola-

449 1002 554 1039 biliter
576 1003 733 1039 observari
755 1017 792 1040 ac
815 1005 981 1053 approbari
1005 1005 1152 1040 debeant.

498 1053 519 1102 S
542 1056 622 1089 159.
647 1053 736 1099 Item,
771 1057 942 1090 statuimus
969 1067 1005 1090 ac
1032 1055 1202 1090 delinimus

451 1103 535 1150 quod
558 1104 663 1138 omnia
683 1104 778 1139 liuius
800 1104 1062 1152 capitulidecreta
1085 1117 1120 1140 ac
1139 1113 1203 1140 sta-

452 1161 529 1194 tuta,
553 1153 776 1190 inviolabiliter
796 1154 834 1189 ab
849 1155 998 1190 omnibns
1021 1155 1119 1191 nostri
1139 1154 1203 1191 Or-

252 1194 278 1217 tts
293 1201 336 1218 uon
349 1196 439 1223 derone-
476 1203 482 1209 ·
511 1203 516 1209 ·

251 1230 291 1250 lm·

271 1648 436 1672 Deterninnto-

251 1686 290 1704 nen
305 1687 351 1710 etp.
368 1681 437 1703 Eremi

252 1714 310 1736 elren
323 1714 397 1739 regim.
412 1712 438 1734 Ε-

251 1746 304 1767 renl
315 1747 337 1766 et
351 1744 398 1766 etus
408 1743 437 1765 Ιο-

252 1781 324 1799 corum
333 1776 437 1797 trumuini

251 1812 295 1830 uon
308 1808 400 1836 pontini.

275 2212 300 2235 ln
322 2212 376 2235 toci·
398 2212 439 2235 ob-

255 2245 376 2267 tervanniae
403 2243 441 2265 tin

253 2276 321 2297 ontio
332 2280 370 2303 pro
383 2273 438 2297 Sed·

255 2307 328 2335 Δρριι.
343 2305 437 2334 otPupa.

453 1202 547 1247 dinis,
570 1204 600 1238 in
631 1204 742 1240 virtute
769 1214 893 1240 sanctae
920 1205 1118 1241 obedientiae
1146 1218 1203 1240 cu-

452 1253 639 1288 stodiantur.
662 1253 770 1302 Neque
791 1255 912 1302 possint
931 1255 1057 1303 infringi
1075 1263 1128 1290 aut
1143 1254 1203 1290 im-

452 1304 579 1343 mutari,
606 1311 659 1338 aut
678 1304 726 1339 bis
747 1304 865 1352 aliquid
885 1306 1076 1340 contrarium
1097 1305 1203 1340 (leter-

451 1354 576 1394 minari,
599 1354 658 1388 nisi
688 1367 744 1402 per
765 1354 1005 1402 dispositionem
1029 1355 1122 1390 trium
1147 1367 1202 1401 ge-

451 1403 547 1438 neral.
576 1415 609 1438 se
635 1405 785 1439 continue
814 1405 1020 1452 subseqnent.
1044 1405 1202 1452 capitulo-

451 1465 534 1494 rum,
553 1464 633 1500 quae
657 1454 861 1490 conformiter
882 1455 1074 1490 contrarium
1095 1455 1202 1490 deter-

450 1503 624 1549 minarent,
651 1504 742 1540 aliter
763 1504 852 1541 firma
874 1513 905 1540 et
927 1505 1043 1540 illibata
1071 1517 1202 1553 peruia-

450 1561 556 1588 neant

498 1602 518 1651 g
542 1605 622 1638 140.
645 1603 805 1652 Quicquid
825 1612 929 1639 autem
946 1617 1001 1652 per
1028 1605 1201 1653 capitulum

449 1652 571 1694 Eremi,
586 1654 668 1689 circa
691 1666 726 1689 ea
748 1666 828 1702 qnae
851 1655 888 1689 ad
910 1654 1061 1690 Eremum
1077 1664 1107 1690 et
1135 1655 1201 1690 loca

452 1703 494 1738 illi
517 1715 636 1738 annexa
651 1713 743 1752 atque
757 1705 896 1739 subiecta
920 1707 1075 1752 pertinere
1098 1705 1224 1741 viden-

452 1761 512 1794 tur,
536 1754 567 1788 in
594 1752 735 1789 futurum
758 1754 1000 1790 determinatum
1024 1768 1059 1790 ac
1082 1734 1224 1800 defini-l

451 1813 517 1839 tum
541 1803 656 1844 fuerit,
686 1803 773 1839 nullo
802 1804 896 1839 modo
920 1807 1018 1852 possit
1042 1805 1199 1840 innnutari
1220 1801 1224 1858 ἶ

450 1862 503 1889 aut
525 1852 676 1900 infringi,
703 1854 750 1888 vel
774 1854 927 1889 indirecte
951 1855 1118 1902 impediri,
1142 1856 1201 1890 sub

452 1915 563 1950 magna
580 1903 726 1951 propriae
744 1905 955 1939 conscientiae
970 1917 1083 1951 aggiai
1087 1906 1201 1949 mitione

450 1965 554 2008 neque
581 1965 617 1988 ea
640 1954 738 1988 taleat
759 1952 890 1989 Ordinis
917 1967 1021 2001 genei-
1017 1955 1073 1989 ilis
1094 1964 1145 1990 aut
1165 1955 1224 2000 Em

451 2015 529 2038 remi
553 2003 648 2050 prior,
675 2015 779 2051 neque
801 2005 853 2039 alii
882 2005 979 2039 nostri
1002 2003 1133 2040 Ordinis
1152 2006 1201 2040 de·
1221 2004 1223 2012 ⁴

451 2051 604 2098 finitores,
631 2054 701 2089 sine
727 2053 854 2102 capituli
877 2055 974 2089 totius
996 2054 1101 2090 Eremi
1131 2068 1203 2090 cou—

452 2119 559 2152 sensu7
586 2108 748 2155 derogare.

501 2166 516 2207 §
540 2165 619 2198 141.
648 2162 814 2199 Postremo
841 2163 1008 2199 statuimus
1031 2176 1065 2199 ac
1093 2164 1203 2199 delini-

454 2228 524 2252 mus
547 2226 581 2252 ut
608 2218 638 2252 in
666 2217 814 2253 omnibus
840 2217 1115 2266 principalioribus
1142 2219 1202 2253 liu-

454 2271 503 2307 ius
529 2273 785 2320 congregationis
811 2272 899 2314 locis,
922 2273 952 2307 in
976 2273 1092 2321 quibus
1120 2274 1201 2321 viget

453 2335 507 2362 aut
534 2328 563 2362 in
588 2337 747 2376 posterum
776 2328 893 2375 vigebit
914 2328 1123 2373 observantia,
1153 2338 1201 2363 tn—

455 2391 586 2418 neantur
607 2396 717 2419 omnes
743 2383 852 2419 fratres
880 2396 969 2419 orare
996 2396 1050 2431 pro
1077 2383 1200 2419 Summi

453 2436 617 2472 pontificis
643 2446 674 2472 et
695 2437 788 2473 Sedis
809 2437 1009 2486 Apostolicae
1038 2438 1200 2475 felicitate.

453 2500 484 2527 et
509 2491 624 2527 diebus
650 2491 810 2528 ferialibus
833 2505 886 2528 eos
909 2492 1047 2540 psalmos
1073 2502 1103 2528 et
1125 2506 1201 2528 ora—

453 2546 554 2581 tiones
580 2546 697 2592 dicere,
723 2559 803 2595 quae
830 2547 1047 2595 antiquissima
1076 2547 1202 2583 institu-

1049 250 1108 274 nm.
1109 250 1237 275 unum
1261 250 1424 276 nouum

2012 257 2060 283 Αη.
2077 256 2105 283 C
2124 256 2192 284 ¹813

1290 307 1310 355 ἓ
1334 310 1414 343 142.
1433 307 1554 345 Omnes
1577 318 1739 359 propterea
1768 311 1866 347 nostri
1893 311 1991 347 Ordi-
2021 322 2084 344 uon
2087 324 2193 346 ιῑοιαο-

1243 361 1292 396 nis
1314 363 1397 399 xiros
1424 372 1453 399 et
1481 365 1630 400 mulieres
1653 365 1818 402 liortamut·
1838 374 1869 402 et
1886 366 1995 403 admo·
2007 355 2106 412 {iii‘iii‘ss-
2115 355 2193 408 ‘'giiii‘-

1243 430 1354 453 nemus
1377 428 1408 453 ut
1432 420 1610 467 speciiliter
1638 433 1693 468 pro
1714 421 1821 457 Leone
1844 420 1968 458 decimo
1983 416 2041 469 ,ᾱζῗ
2045 422 2061 437 ¹⁸
2081 419 2191 444 ⁹¹⁰⁸⁹⁶¹⁰'

1243 471 1395 508 pontifice
1408 472 1557 512 Maximo
1573 475 1805 524 magnificoque
1819 476 1912 512 fratre
1925 477 1994 512 eins

1243 526 1385 572 Iuliano,
1418 529 1517 563 nostri
1550 528 1680 564 Ordinis
1708 531 1938 578 protectoribus
1963 539 1995 567 et

1243 580 1498 618 benefactoribus
1532 585 1735 632 praecipuis,
1763 586 1929 622 continuas
1955 586 1992 622 ad

1244 634 1346 670 Deum
1371 649 1481 683 preces
1503 637 1635 674 fundere
1658 651 1720 674 non
1747 641 1906 676 omittant.

1291 691 1311 737 g
1336 694 1415 727 145.
1430 693 1592 739 Ceterum,
1613 694 1687 742 quia
1709 694 1832 731 difficile
1847 695 1926 732 foret
1940 704 1994 732 etc.

1291 745 1376 781 Nulli
1405 759 1480 793 ergo
1507 756 1561 783 etc.

1291 800 1407 836 Datum
1430 802 1551 838 Romae
1573 803 1657 852 apud
1678 803 1831 840 Sanctum
1851 804 1994 850 Petrum,

1242 867 1325 891 anno
1358 856 1587 893 lucar-nationis
1614 858 1792 895 dominicae
1825 859 1995 895 millesimo

1243 911 1501 958 quingentesimo
1518 912 1745 955 tertiodecimo,
1768 923 1880 963 quarto
1896 926 1996 952 nonas

1244 966 1323 1012 iulii,
1347 968 1546 1015 pontificatus
1569 969 1667 1004 nostri
1693 981 1778 1006 anno
1805 970 1919 1018 primo.

1309 1031 1371 1061 Dat.
1389 1031 1436 1062 die
1453 1032 1472 1062 4
1490 1032 1556 1063 iulii
1575 1032 1661 1070 1513,
1683 1033 1785 1073 pontif.
1806 1043 1883 1065 anno
1905 1042 1926 1065 1.

2034 704 2096 726 Fides

2009 739 2105 765 sumptis.

2129 709 2190 728 lm·

1594 1211 1648 1247 111.

1245 1292 1342 1326 Rotae
1372 1293 1533 1326 Romanae
1558 1293 1748 1327 Auditorum
1772 1294 1969 1338 privilegium
1984 1321 1994 1334 ,

1292 1347 1375 1391 quod
1391 1348 1496 1380 literae
1510 1348 1697 1392 apostolicae
1718 1360 1737 1381 a
1759 1348 1996 1393 quibuscumque

1294 1401 1451 1435 Romanae
1480 1401 1591 1435 Curiae
1607 1402 1791 1447 officialibus
1816 1403 1918 1447 yralt’s
1934 1413 1996 1448 pro

1291 1456 1333 1490 eis
1359 1456 1575 1502 expediantur.

1514 1535 1731 1567 smntAtttUM

1243 1598 1410 1630 Exordium.
1431 1617 1471 1623 —
1493 1601 1518 1630 1.
1537 1599 1630 1630 Causa
1654 1600 1744 1630 huius
1767 1600 1996 1632 constitutionis.

1281 1665 1320 1671 —
1338 1648 1366 1679 ⁶3.
1391 1648 1540 1679 ludultum
1563 1649 1737 1688 expediendi
1756 1649 1857 1679 literas
1880 1654 1998 1690 aposto-

1282 1699 1354 1729 licas
1378 1700 1468 1737 gratis
1496 1709 1547 1739 pro
1571 1699 1756 1730 auditoribus
1780 1699 1880 1730 Rotae.
1904 1717 1944 1723 —
1969 1700 1996 1731 3.

1282 1747 1473 1788 Praeceptum
1503 1749 1581 1789 quod
1607 1758 1709 1779 omnes
1737 1748 1876 1779 officiales
1905 1749 1997 1789 gratis

1283 1799 1445 1837 expediant.
1467 1816 1506 1822 —-
1522 1800 1550 1829 lt.
1569 1799 1723 1838 Deputatio
1742 1802 1942 1829 executurum.
1958 1814 1998 1822 —

1283 1848 1309 1878 5.
1325 1847 1478 1887 Derogatio
1497 1849 1711 1879 contrariorum
1729 1856 1996 1888 quorumcumque.

1332 1925 1382 1954 Leo
1401 1926 1542 1962 episcopus
1566 1931 1664 1953 servus
1687 1930 1829 1953 servorum
1843 1923 1906 1958 Dei.

1378 1980 1412 2008 ad
1443 1980 1604 2016 perpetuam
1628 1978 1670 2008 rei
1691 1978 1860 2008 memoriam.

1292 2052 1386 2088 Sedis
1421 2052 1623 2100 Apostolicae
1650 2050 1847 2100 providentia
1873 2050 1995 2098 gratia·
2040 2062 2158 2084 noran-m.

1244 2119 1326 2148 rum,
1343 2107 1429 2142 iuxta
1452 2107 1652 2154 singulorum
1667 2105 1865 2142 conditiones
1881 2114 1912 2141 et
1926 2117 1995 2143 me-

1244 2161 1312 2207 rita,
1334 2161 1543 2202 distributrix,
1558 2161 1638 2206 illos,
1654 2170 1747 2209 prout
1768 2173 1907 2208 aequum
1934 2168 1994 2206 est,

1243 2216 1402 2253 ulterioris
1423 2217 1535 2253 favoris
1557 2217 1653 2264 gratia
1673 2224 1703 2252 et
1725 2215 1885 2263 amplioris
1907 2216 1994 2251 retri-

1245 2271 1382 2307 butionis
1396 2272 1524 2320 praemio
1538 2272 1673 2307 libenter
1686 2271 1899 2319 prosequitur,
1913 2282 1994 2318 quos

1244 2327 1418 2374 potioribus
1437 2326 1558 2362 meritis
1581 2326 1666 2361 novit
1689 2325 1852 2370 adiuvari,
1874 2326 1993 2373 quique

1243 2391 1329 2428 grata
1356 2382 1534 2418 devotionis
1555 2380 1705 2428 obsequia
1733 2380 1793 2415 sibi
1821 2380 1994 2416 studiosius

1245 2437 1428 2484 impendere
1449 2437 1690 2484 dignoscuntur.

1291 2494 1311 2540 g
1335 2491 1601 2527 1.Attendentes
1629 2492 1725 2538 igitur
1746 2501 1899 2538 operosae
1927 2490 1992 2525 sol-
2029 2503 2170 2526 ems-imin.

1243 2546 1416 2582 licitudinis
1430 2547 1533 2582 studia
1552 2554 1583 2582 et
1604 2546 1748 2582 assiduos
1763 2546 1899 2588 labores,
1913 2557 1993 2593 quos
2016 2534 2180 2557 mmmm*

453 2600 538 2636 tione
570 2601 600 2636 in
622 2601 738 2637 Eremo
764 2602 932 2644 dicuntur,
955 2614 991 2638 eo
1018 2601 1124 2644 modo,
1140 2614 1202 2649 quo
1243 2601 1348 2636 dilecti
1380 2601 1435 2635 filii
1458 2601 1629 2648 collegium
1653 2607 1682 2635 et
1700 2600 1873 2648 cappellani
1893 2599 1990 2636 nostri

456 2653 497 2690 ibi
519 2655 578 2691 dici
601 2665 844 2694 consueverunt.

1243 2668 1407 2692 causarum
1430 2656 1536 2692 Palatii
1558 2654 1734 2704 Apostolici
1757 2654 1919 2691 auditores
1944 2666 1994 2690 eo-

2252 559 2281 1011 'flvk-*MQQU
2255 450 2281 529 ⁴7⁹⁴„ss
2259 407 2269 429 -·
2280 340 2281 356 ‘A
2269 296 2281 308 ⁴.
2280 259 2281 262 „
2280 228 2281 234 ⁴
