2281 3251
110 297 160 324 Αιι.
179 295 208 323 C.
231 294 294 322 tmiss

143 869 262 891 Erordninv.

125 1265 240 1286 Fodericun
256 1265 296 1285 im-

112 1300 200 1324 perator
215 1297 296 1321 princi-

111 1332 190 1355 pesque
206 1325 296 1346 Germa-

111 1360 159 1380 niae
176 1361 197 1378 et
214 1357 296 1382 tegatur

111 1388 243 1416 apostotteus
259 1393 296 1408 or-
311 1403 316 1408 .

113 1421 233 1441 dinationes
250 1419 295 1439 siva

111 1451 242 1472 concordata
261 1449 295 1470 te-

111 1485 187 1503 cerant
231 1486 295 1508 super

110 1514 259 1535 reservatione
274 1517 295 1534 ct.

112 1545 226 1566 conatione
254 1544 296 1564 Ec-

112 1575 296 1596 clesiarumethe·

111 1607 242 1631 nent-iorum,

940 288 1095 312 NlCOIAI'q
1124 287 1142 308 V
1171 287 1215 309 ΙΨ.

348 347 508 377 electiones
533 350 582 375 ele.
616 345 855 375 constitutionem
889 343 999 373 Nirolai
1023 344 1054 372 tx*

349 394 376 421 in
402 393 441 421 tit.
468 391 505 420 [le
523 391 651 419 elei-tione
668 391 694 419 in
712 390 739 425 (33
760 406 798 411 —
819 390 837 418 -l-
861 388 990 417 lli-elarat
1009 388 1055 416 iu—

347 445 437 474 super
451 436 616 464 vacationes
630 436 742 463 suturas
761 434 787 462 in
806 432 958 462 mensibus
980 433 1058 461 ordi-

348 481 496 509 nariorum
521 490 554 508 ac,
574 479 697 508 servatis
719 478 786 506 Setli
801 478 911 516 Apust.⁷
926 493 964 498 —
983 477 1008 504 ι’).
1027 476 1058 505 Et

347 524 442 562 quoad
467 529 601 552 annataS.
624 539 664 544 —
685 523 712 551 t).
742 522 921 560 Approbatto
950 521 1058 549 consti-

349 568 470 597 tutionis
494 567 616 605 Eugenii
642 566 684 595 lV.
718 582 755 587 -
784 566 809 594 7.

349 613 553 651 transumptis.

839 564 924 594 Fides
961 565 1055 593 danda

357 687 480 715 Nicotaus
502 687 644 722 episcopus
662 693 758 714 servus
788 692 927 714 servorum
947 685 1006 716 Det,

441 737 475 764 ad
494 736 655 771 perpetuam
685 736 726 764 roi
756 735 923 763 memoriam.

359 813 406 847 Ad
431 825 507 846 sati
502 825 551 846 tm
570 811 651 845 l²‹.tri
674 810 803 853 Sedent,
823 810 926 844 diiina
949 811 1059 864 dispo-

310 863 422 897 sitione
445 861 617 903 sublimati,
640 861 698 894 sin
692 860 786 914 5ulis,
809 872 890 906 quae
907 873 962 906 pto
986 873 1059 893 nnt—

312 911 438 945 tetsalis
478 910 638 944 Ecclesiae
677 910 792 943 unione
838 921 873 943 ac
914 923 988 954 pace
1028 918 1058 942 et

311 961 535 1007 tranquillitate
552 959 711 1005 profutura
742 958 807 993 fore
826 958 1058 1002 conspicimus,

309 1010 499 1056 apostolicae
541 1008 756 1055 providentiae
791 1007 992 1041 solicitudine
1016 1007 1058 1040 li-

311 1059 419 1093 benter
448 1058 653 1101 intendimus,
676 1065 705 1091 et
728 1056 765 1091 ad
789 1056 910 1090 felicem
932 1057 1055 1090 illorum

268 1104 271 1107 ”
312 1109 562 1154 prosecutionem
580 1115 607 1140 ct
628 1106 931 1141 consummationem
964 1117 1057 1152 opem

310 1167 338 1191 et
362 1169 488 1204 operam
512 1156 726 1202 impendimus
752 1155 903 1189 efficaces

359 1207 379 1253 S
414 1210 443 1240 l.
479 1205 588 1252 Nuper
614 1205 770 1251 siqnidem
811 1205 995 1238 carissimus
1028 1204 1057 1237 in

310 1256 436 1289 Cbristo
459 1255 543 1289 filius
567 1264 672 1289 noster
694 1253 879 1296 Federicns,
904 1253 1059 1288 Romano-

311 1318 380 1338 rutn
406 1317 457 1338 rex
482 1304 636 1346 illustris,
659 1312 689 1337 et
713 1303 855 1338 nonnulli
879 1302 929 1337 alii
953 1302 1057 1337 dilecti

310 1354 376 1397 filii,
398 1353 601 1388 ecclesiastici
630 1361 660 1387 et
682 1352 870 1396 saeculares,
899 1352 1059 1399 principes

311 1404 434 1437 inclitae
461 1403 595 1437 nationis
616 1401 835 1441 Germanicae,
863 1415 899 1436 ex
931 1412 1060 1444 nna,ac

309 1452 443 1486 dilectus
472 1452 553 1486 silius
582 1460 688 1486 noster
709 1451 842 1486 Ioannes
866 1451 899 1485 S.
933 1450 1059 1496 Angeli,

309 1501 460 1536 diaconus
488 1500 870 1547 cardinalis,inpartibus
892 1500 952 1535 illis
973 1500 1060 1546 Apo-

309 1553 437 1585 stolicae
465 1550 558 1585 Sedis
580 1550 619 1584 de
644 1551 739 1584 latere
764 1550 896 1596 legatus,
925 1562 979 1596 per
1002 1562 1059 1584 nos

308 1601 345 1634 ad
362 1600 461 1635 dictas
475 1609 577 1647 partes
593 1601 722 1643 missus,
737 1599 904 1634 sufficienti
922 1601 1060 1646 desuper

309 1663 323 1683 a
354 1650 444 1684 nobis
466 1658 495 1683 et
535 1649 618 1683 Sede
655 1649 836 1696 Apostolica
875 1649 1058 1683 auctoritate

309 1699 471 1743 suffultus,
493 1713 530 1733 ex
553 1699 623 1742 alia,
641 1698 796 1744 partibus,
813 1698 974 1732 Romanae
997 1697 1060 1732 Ec-

308 1749 423 1783 clesiae
445 1758 475 1782 et
497 1749 597 1783 dietae
620 1748 755 1782 nationis
778 1748 983 1790 nominibus,
1005 1761 1059 1793 pro

311 1798 408 1844 ipsius
428 1797 588 1833 Ecclesiae
612 1799 741 1840 unione,
765 1810 840 1843 pace
862 1807 891 1831 et
911 1797 1061 1843 tranquil-

310 1847 394 1882 litate
422 1848 503 1881 inter
530 1847 704 1881 Ecclesiam
733 1855 762 1880 et
787 1847 944 1880 nationem
976 1859 1060 1892 prae-

309 1895 423 1931 dictam
461 1905 615 1944 perpetuo
654 1895 829 1930 solidandis
863 1904 893 1930 et
924 1908 1056 1930 conser-

311 1946 432 1989 vandis,
455 1947 576 1981 diversa
610 1945 806 1979 rationabilia
834 1953 864 1978 et
901 1945 985 1979 utilia
1009 1957 1060 1979 or-

310 1996 486 2029 dinationes
499 2005 530 2030 et
552 2003 677 2035 statuta,
696 2007 711 2029 a
727 1995 867 2041 partibus
890 1994 966 2041 ipsis
988 1994 1062 2028 binc

312 2045 384 2078 inde
411 2044 594 2091 approbata,
610 2044 743 2087 laudata,
762 2043 926 2087 conclusa,
948 2055 1062 2090 accep-

311 2102 372 2128 tata
387 2102 417 2127 et
443 2094 645 2136 concordata,
665 2093 856 2128 feccruntac
882 2093 1062 2137 ediderunt,

312 2143 467 2189 nobisque
491 2143 649 2177 bumiliter
664 2142 834 2190 supplicari
860 2142 1012 2186 fecerunt,
1030 2151 1060 2176 ιιι

313 2193 386 2236 illis,
411 2204 466 2239 pro
489 2192 617 2227 firmiori
646 2204 753 2226 eornm
769 2191 987 2236 subsistentia,
1012 2205 1063 2226 ro-

313 2241 371 2276 bur
390 2242 580 2289 apostolicae
605 2241 759 2276 firmitatis
777 2241 924 2284 adiicere,
941 2254 1061 2276 necnon

311 2292 528 2326 auctoritatem
558 2291 710 2339 potiorem
750 2299 780 2325 et
821 2290 982 2325 decretum
1016 2292 1065 2325 in-

314 2351 481 2387 terponere
503 2340 717 2388 dignaremur.

363 2396 378 2434 5
405 2393 438 2424 2.
467 2390 533 2425 Nos
556 2391 672 2437 itaque,
699 2391 751 2437 qui
786 2398 910 2433 statuta,
937 2389 1066 2424 ordina-

1753 276 1797 308 97

1100 343 1209 375 discuti
1233 341 1386 384 l'ecitnus,
1409 353 1506 388 eaque
1532 341 1721 375 rationabilia
1743 351 1771 376 et
1799 356 1850 376 sa-

1101 392 1199 425 lubria
1228 400 1288 425 tant
1320 391 1479 425 Ecclesiae
1498 403 1591 437 quam
1621 392 1735 425 nationi
1761 404 1851 437 prae-

1101 442 1180 474 l'atae
1206 442 1269 474 t'ort·
1297 440 1532 486 comperimus:
1561 440 1599 473 tle
1632 440 1787 474 dictorum
1822 451 1848 475 et

1100 490 1230 523 aliorum
1261 490 1487 523 venerabilium
1518 490 1646 523 fratrum
1671 498 1849 524 nostrorum

1101 539 1260 573 Ecclesiae
1279 539 1484 573 cardinalium
1509 539 1685 573 eonsilioet
1709 552 1852 582 assensu,

1100 589 1269 634 apostolica
1294 589 1478 623 auctoritate
1507 597 1590 622 etex
1615 597 1697 623 certa
1720 589 1850 623 seientia

1101 638 1324 684 approbamus,
1348 639 1550 680 ratilicatnns,
1576 637 1740 671 laudamus
1757 646 1784 671 et
1804 650 1852 672 ac-

1100 695 1275 732 ceptamus,
1302 696 1330 721 et
1355 688 1528 733 praesentis
1550 687 1656 733 scripti
1679 688 1851 733 patrocinio

1101 737 1354 780 communimus,
1391 737 1472 770 iuxta
1498 736 1626 770 modum
1656 745 1684 770 et
1720 737 1850 771 sormam

1100 785 1341 831 subsequentes.
1371 785 1473 819 Placet
1502 785 1593 820 nobis
1620 798 1716 832 super
1739 787 1853 833 provi-

1101 846 1188 867 stont
1211 834 1421 869 Eetlesiaruni
1446 844 1474 869 tt
1503 835 1726 869 laudatorum
1750 835 1853 869 ercle-

1101 892 1297 918 siasttcotum
1308 896 1592 931 quorumcumque
1605 885 1851 930 provisionibus,

1104 933 1180 965 iuris
1195 933 1301 979 sctipti
1320 933 1594 977 tNJesetvationilms,
1616 942 1643 968 et
1661 934 1853 968 Execr'abilts

1100 993 1137 1014 ae
1159 984 1210 1015 td
1231 984 1362 1026 tegimen
1384 983 1663 1017 constitutionibus
1695 983 1853 1017 modifica-

1102 1031 1140 1063 tis
1175 1039 1207 1064 ιιι
1242 1032 1396 1078 sequitur.
1433 1032 1479 1065 Ad
1515 1033 1654 1077 regimen
1691 1032 1853 1067 Ecclesiae

1100 1080 1269 1125 generalis,
1296 1093 1486 1128 quamquam
1516 1082 1688 1125 immeriti,
1717 1093 1852 1128 superna

1101 1130 1309 1175 dispositione
1330 1132 1440 1174 vocati,
1459 1131 1599 1176 get-intus
1620 1131 1650 1165 in
1668 1132 1783 1165 nostris
1801 1131 1854 1164 de·

1101 1178 1238 1222 sideriis,
1261 1187 1293 1212 ιιι
1327 1179 1492 1224 debemus,
1515 1180 1599 1226 quod
1639 1193 1693 1226 per
1727 1188 1851 1214 nostrae

1101 1227 1284 1273 diligentiae
1312 1228 1467 1272 studium,
1490 1230 1527 1263 ad
1556 1229 1764 1276 quarumlibet
1789 1228 1852 1264 Ec-

1101 1277 1267 1312 clesiarum
1297 1286 1328 1312 et
1356 1279 1618 1313 monasteriorum
1649 1279 1798 1324 regimina
1822 1287 1851 1313 et

1101 1326 1159 1360 alia
1184 1326 1334 1361 beneficia
1354 1327 1581 1368 ecclesiastica,
1605 1329 1687 1362 iuxta
1708 1327 1851 1363 divinum

1103 1375 1335 1423 beneplacitum
1366 1385 1395 1411 et
1436 1386 1560 1411 nostrae
1596 1378 1779 1411 intentionis
1807 1377 1853 1411 af-

1103 1425 1231 1469 fectam,
1256 1427 1309 1460 viri
1329 1435 1534 1461 assumantur
1549 1426 1666 1470 idonei,
1685 1427 1738 1474 qni
1763 1439 1853 1473 prae-

1101 1474 1208 1509 sintet
1232 1477 1600 1521 prosintcommittendis
1623 1477 1667 1509 cis
1686 1476 1852 1517 Ecclesiis,

1104 1525 1301 1559 monasteriis
1323 1533 1353 1559 et
1369 1526 1529 1559 beneficiis
1546 1525 1735 1572 praelibatis.
1757 1525 1854 1559 Prae-

1104 1574 1272 1608 missorum
1302 1575 1406 1622 itaque
1429 1575 1683 1609 consideratione
1707 1575 1827 1609 inducti
1844 1601 1853 1618 ,

1103 1630 1131 1656 et
1154 1623 1363 1658 suadentibus
1387 1624 1477 1658 nobis
1510 1624 1580 1658 aliis
1614 1624 1853 1659 rationabilibus

1102 1673 1217 1716 causis,
1242 1674 1466 1708 nonnullorum
1484 1673 1762 1720 praedecessorum
1795 1686 1853 1707 no-

1103 1731 1237 1756 strorum
1262 1722 1478 1758 Romanorum
1497 1723 1685 1757 Pontilieutn
1715 1723 1854 1768 vestigiis

1103 1771 1314 1816 miraei-,entes
1337 1786 1448 1807 omnes
1475 1773 1724 1820 patriarchales
1751 1773 1855 1807 atclii-

1102 1821 1299 1868 episcopales
1321 1831 1351 1856 et
1384 1822 1580 1869 episcopales
1613 1822 1771 1857 Ecclesias
1788 1850 1796 1866 ,
1824 1830 1853 1855 et

1103 1870 1195 1904 etiam
1221 1873 1430 1915 monasteria,
1454 1873 1633 1918 pr·i01atns,
1660 1871 1854 1917 dignitites,

1104 1929 1290 1966 petsonatus
1312 1929 1342 1955 et
1362 1921 1475 1965 officia
1494 1933 1616 1955 necnon
1638 1921 1854 1964 canonicatus,

1105 1969 1299 2015 praebendas
1321 1979 1350 2004 et
1373 1970 1550 2013 Ecclesias,
1573 1978 1741 2016 ceteraque
1757 1970 1854 2004 bene-

1105 2018 1173 2052 licia
1189 2020 1410 2064 ecclesiastica,
1427 2032 1498 2054 cum
1515 2032 1586 2053 cura
1606 2018 1651 2053 vel
1671 2020 1739 2053 sine
1767 2031 1854 2061 cura,

1105 2068 1276 2103 saecularia
1309 2078 1339 2103 et
1362 2069 1540 2115 regularia,
1572 2080 1790 2115 quaecumque
1825 2077 1853 2101 et

1105 2118 1348 2165 qualiacumque
1377 2119 1515 2161 fuerint,
1542 2119 1633 2151 etiam
1668 2118 1693 2151 si
1730 2118 1766 2151 ad
1805 2116 1854 2152 illa

1106 2182 1259 2216 personae
1281 2172 1503 2207 consueverint
1527 2183 1581 2206 seu
1606 2170 1773 2204 debuerint
1802 2183 1856 2217 per

1106 2224 1293 2260 electionem
1325 2239 1379 2261 sen
1418 2225 1563 2272 quemvis
1595 2224 1690 2259 alium
1726 2224 1855 2259 modum

1106 2279 1236 2324 assumi,
1261 2293 1345 2314 nunc
1374 2281 1457 2327 apud
1492 2278 1608 2314 Sedem
1642 2278 1856 2326 Apostolieam

1107 2345 1308 2381 quocumque
1357 2335 1449 2368 modo
1483 2333 1621 2368 vacantia
1666 2341 1696 2367 et
1730 2333 1760 2367 in
1801 2345 1858 2379 po-

1108 2397 1226 2422 sterum
1259 2396 1421 2427 vacatura,
1445 2400 1501 2422 nec
1536 2399 1596 2421 nou
1634 2399 1688 2433 per
1722 2386 1858 2432 disposi-

1866 286 1916 313 Αη.
1931 286 1960 312 C.
1981 285 2047 312 tatis

128 2454 186 2480 Quae
202 2444 416 2479 Pontifexiiones
438 2453 467 2479 et
494 2444 682 2479 concordata
712 2443 880 2490 praedicta,
904 2456 958 2490 per
987 2457 1066 2478 non

116 2484 299 2536 iiiiiificffid‘sfbssi
315 2498 418 2532 nullos
440 2511 476 2532 ex
501 2497 731 2532 venerabilibus
765 2497 790 2530 st
793 2497 912 2531 atribus
953 2498 1066 2532 nostris

117 2545 323 2602 ξ’(ᾛᾚζξηξῗ
315 2561 440 2586 sanctae
467 2551 630 2586 Romanae
653 2551 814 2585 Ecclesiae
831 2551 1067 2595 cardinalibus,

116 2605 146 2627 ¹³⁹
184 2606 299 2633 ⁹¹³²¹³e¹¹¹¹
315 2618 501 2652 magnarum
548 2605 734 2639 maturitatis
757 2632 766 2647 ,
805 2605 997 2639 auctoritatis
1038 2614 1068 2639 et

117 2637 300 2695 335³,an
316 2660 494 2693 litttatntae
522 2659 605 2693 viros
631 2659 799 2705 diligenter
831 2660 1001 2692 examinari
1037 2669 1068 2694 et

397 2716 468 2746 Bull.
485 2715 561 2744 Rom.
584 2715 636 2744 Vol.
660 2715 688 2744 V.
891 2715 926 2745 13

1110 2444 1227 2478 tionem
1253 2445 1296 2477 vel
1322 2444 1526 2490 privationem
1545 2454 1600 2475 seu
1622 2440 1856 2475 translationem

1111 2511 1165 2544 pet·
1200 2510 1257 2532 nos
1299 2510 1354 2531 sen
1392 2497 1576 2530 auetotitate
1601 2503 1704 2529 nostra
1740 2493 1857 2535 factas,

1110 2562 1139 2587 et
1164 2554 1286 2587 inantea
1313 2552 1470 2586 faciendas
1499 2550 1648 2585 ubilibet:
1673 2560 1795 2582 necnon
1819 2548 1857 2582 ad

1110 2619 1190 2654 quae
1228 2606 1321 2652 aliqui
1357 2607 1385 2639 in
1417 2604 1584 2639 concordia
1613 2603 1659 2636 vel
1701 2602 1858 2635 discordia

1111 2662 1199 2695 electi
1242 2661 1304 2693 sive
1346 2660 1492 2706 postulati
1540 2658 1679 2701 suerint,
1721 2667 1857 2703 quorum
