2281 3251
218 238 269 264 An.
287 238 316 264 C.
335 237 401 265 ¹507

233 889 400 909 Fxrnmrnuiiirn›

218 925 246 938 tin
263 921 402 940 detinentium

219 952 282 970 libro·
307 954 326 970 et
348 956 402 970 ‹rri-

218 984 289 1006 ttuva!
307 979 321 999 R
345 980 392 1000 Cam

219 1011 304 1037 Apostot
317 1026 322 1033 ,

233 2033 255 2053 Et
272 2034 292 2053 in
313 2032 403 2053 {uturum

220 2066 404 2084 §flammantium
433 2075 438 2080 ·

394 2107 404 2111 -
421 2074 516 2110 libros
544 2075 609 2110 sive
636 2075 822 2123 scripturas,
845 2087 926 2122 quae
949 2075 979 2109 in
1003 2075 1085 2110 dicta
1111 2076 1175 2111 Ca-

220 2098 240 2115 01
263 2100 304 2114 non
329 2100 390 2122 tepor

219 2129 315 2146 tantium.

467 228 538 260 458

418 293 545 328 codices
571 300 600 327 et
624 293 797 339 scripturae
818 292 916 338 ipsius
937 290 1102 335 Camerae,
1122 291 1172 325 di-

419 355 523 378 versas
559 355 606 377 res
633 350 662 376 et
691 341 815 387 negotia
839 349 1086 384 concernentes,
1117 353 1172 387 per

419 393 578 428 ministros
605 400 633 426 et
655 390 808 426 officiales
836 390 934 437 ipsius
961 390 1114 425 Gamerae
1141 398 1170 424 et

417 443 494 477 alios
524 440 727 495 recipiantur,
746 449 776 475 et
799 452 856 487 per
883 452 937 474 eos
960 439 1126 475 tideantur
1141 447 1171 475 et

417 491 648 533 examinentur,
670 490 724 537 qui
752 498 781 525 et
808 501 890 537 quae
912 488 950 524 ad
975 490 1074 536 ipsam
1107 488 1173 524 Ca-

418 553 535 576 meram
559 548 589 575 et
605 540 673 574 loca
697 539 727 574 in
751 551 786 574 ea
801 539 952 587 deputata
976 551 1038 574 non
1062 551 1173 586 repor-

418 598 534 635 lentur,
555 602 592 624 ex
617 589 736 624 incuria
748 589 813 624 sive
838 589 1027 635 negligentia
1044 588 1091 624 tel
1114 588 1171 624 alia

417 640 526 687 quavis
553 650 668 679 eausa,
696 639 738 674 ita
767 649 799 674 ut
832 638 904 673 libri
937 646 968 673 et
996 638 1172 685 scripturae

418 688 598 724 huiusmodi
622 688 712 723 aliter
738 689 869 736 reperiri
901 700 964 723 non
988 688 1122 736 possint,
1142 688 1171 722 in

417 751 509 785 grave
528 738 679 774 damnum
696 745 725 773 et
742 737 973 786 praeiudicium
1003 737 1102 785 ipsius
1114 736 1172 773 Ca-

418 800 533 823 merae.

466 838 486 885 g
511 840 541 872 1.
565 836 670 884 Super
698 837 735 871 iis
758 836 853 883 igitur
873 835 1039 884 providere
1068 836 1172 871 inten-

418 887 542 931 dentes,
564 886 688 922 dilectis
712 886 784 921 liliis
800 887 902 922 dictae
915 886 1068 921 Gamerae
1092 899 1174 933 prze-

417 936 594 972 sidentibus
617 944 647 971 et
669 936 792 972 clericis
819 949 855 971 ac
883 936 1025 976 notariis,
1047 945 1077 971 et
1104 935 1172 971 offi-

418 986 552 1021 cialibus
578 998 614 1021 ac
638 986 802 1026 ministris,
824 985 1039 1032 omnibusque
1055 985 1126 1020 aliis
1144 993 1172 1020 et

418 1036 563 1082 singulis,
585 1035 817 1082 cuiuscumque
832 1035 950 1082 gradus
964 1044 994 1070 et
1011 1035 1174 1081 dignitatis

419 1085 547 1130 suerint,
561 1085 622 1120 sub
644 1084 985 1120 excommunicationis
1008 1096 1108 1131 poena
1127 1085 1174 1119 la-

419 1143 468 1170 tae
490 1136 678 1179 sententiae,
701 1147 716 1170 a
740 1147 800 1182 qua
825 1135 885 1169 nisi
904 1146 920 1169 a
944 1134 1035 1169 nobis
1058 1142 1088 1169 et
1106 1146 1175 1169 suc-

420 1196 544 1219 cessore
579 1193 709 1225 nostro,
745 1192 963 1231 praeterquam
1000 1184 1029 1218 in
1062 1184 1174 1219 mortis

420 1233 554 1269 articulo
576 1234 760 1277 constituti,
793 1233 911 1269 absolvi
941 1245 1003 1269 non
1032 1234 1173 1280 possint,

422 1283 641 1330 praesentibus
675 1283 887 1331 praecipimus
920 1291 951 1318 et
989 1282 1176 1318 mandamus

421 1341 578 1379 quatenus
600 1345 711 1368 omnes
734 1342 764 1367 et
785 1332 932 1380 singulos
955 1332 1062 1373 libros,
1085 1332 1174 1367 codi-

419 1394 484 1423 ces,
508 1382 651 1429 registra,
668 1382 858 1418 bastardello
878 1385 922 1426 (l)
938 1390 968 1417 et
986 1381 1062 1417 alias
1076 1394 1175 1429 quas-

420 1443 558 1478 cumque
576 1432 748 1479 seripturas
771 1440 801 1467 et
817 1431 1020 1475 documenta,
1033 1440 1093 1466 tam
1108 1444 1175 1479 pu-

421 1480 500 1516 blica
523 1493 618 1528 quam
647 1482 762 1528 privata
781 1509 789 1522 ,
816 1481 854 1516 ad
879 1481 978 1528 ipsam
1007 1480 1173 1516 Cameram

419 1530 721 1578 quomodocumque
742 1531 937 1578 spectantia,
964 1542 979 1565 a
1003 1531 1084 1566 dieta
1112 1530 1176 1566 Ca-

420 1592 505 1615 mera
529 1579 575 1614 vel
597 1580 723 1615 aliunde
750 1579 990 1628 quomodolibet
1017 1579 1121 1615 liabita
1145 1589 1174 1615 et

419 1637 569 1674 extracta,
590 1629 736 1674 debeant,
752 1630 829 1664 inlra
852 1638 922 1665 octo
941 1629 1009 1664 dies
1032 1630 1173 1677 proxime.

419 1687 600 1726 sequentes
620 1679 650 1714 in
666 1679 780 1714 dietam
802 1679 828 1713 C
831 1691 968 1714 ameram
986 1688 1175 1735 reportasse,

419 1741 455 1763 ac
477 1740 507 1763 tn
535 1727 645 1763 eadem
671 1729 862 1773 restituisse,
893 1728 1020 1764 dedisse
1044 1736 1074 1764 et
1096 1729 1175 1765 assi-

419 1789 544 1824 gnasse,
564 1789 668 1813 eoram
689 1779 809 1814 notario
834 1786 863 1813 et
885 1777 1009 1813 duobus
1031 1779 1096 1813 sive
1112 1791 1174 1814 uuo

419 1839 455 1861 ex
479 1826 572 1862 dictis
599 1827 724 1862 clericis
753 1827 853 1875 ipsius
881 1827 1044 1868 Gamerae,
1071 1836 1100 1862 et
1124 1828 1174 1863 illa

419 1877 465 1911 sic
497 1884 652 1923 reportata
675 1885 704 1911 et
727 1877 882 1923 assignata
905 1876 1042 1911 describi
1071 1885 1102 1912 et
1124 1890 1173 1912 an·

421 1925 519 1960 notari
544 1926 572 1960 in
597 1925 689 1961 dictis
711 1926 798 1961 libris
820 1926 973 1961 Camerae
1000 1926 1122 1962 fecisse.

468 1975 489 2022 g
510 1979 542 2009 2.
565 1975 696 2010 Necnon
720 1987 757 2010 ex
776 1988 861 2010 nunc
890 1975 919 2010 in
940 1983 1043 2016 antea,
1067 1976 1173 2011 nullus

420 2037 457 2060 ex
487 2025 654 2072 praedictis
676 2034 728 2060 aut
751 2025 831 2061 alius
853 2025 1066 2073 quicumque,
1095 2026 1175 2061 ullos

998 235 1185 258 natanto!

421 2137 504 2160 mera
533 2125 683 2160 reservari
701 2124 832 2167 debent,
854 2124 937 2172 apud
961 2137 994 2159 se
1018 2125 1174 2161 ullatenus

421 2174 534 2209 habere
557 2183 587 2210 et
615 2175 762 2220 retinere,
783 2175 861 2210 ultra
877 2174 1046 2210 terminum
1063 2175 1173 2210 decem

419 2223 544 2258 dierum
574 2232 739 2272 postquam
763 2236 778 2259 a
801 2224 883 2260 dicta
905 2224 1038 2260 Camera
1064 2225 1114 2260 illa
1131 2238 1175 2259 re-

419 2273 549 2321 ceperit
564 2273 684 2322 absque
712 2274 838 2321 speciali
863 2273 1010 2310 mandato
1032 2282 1060 2309 ct
1076 2274 1175 2310 licen-

419 2323 458 2358 tia
486 2323 642 2359 (lictorum
663 2323 911 2372 praesidentium
928 2331 958 2359 et
973 2323 1174 2369 clericorum,

419 2373 557 2409 audeant
580 2374 624 2409 tel
651 2383 866 2422 praesumant3
893 2374 932 2410 de
959 2387 1020 2422 qua
1043 2375 1172 2423 quidem

421 2423 545 2458 licentia
573 2423 638 2459 sive
654 2424 802 2460 mandato
824 2424 952 2472 speciali
978 2425 1174 2472 particularis

419 2473 539 2508 notatio
556 2473 586 2508 in
599 2473 687 2508 libris
699 2473 850 2510 Gamerae
865 2474 931 2510 lieri
947 2474 1070 2509 debeat.
1091 2474 1174 2509 Alio-

455 2545 494 2580 (1)
516 2545 573 2572 Vox
591 2544 724 2581 hispanica
742 2547 891 2573 bastardelo
903 2566 910 2579 ‚
932 2545 1002 2573 unde
1022 2547 1173 2572 bascat-del-

420 2593 458 2616 {ns
477 2590 500 2616 in
519 2589 605 2618 infima
624 2590 763 2624 latinitate,
783 2590 873 2618 charta
895 2590 1005 2626 fugitiva
1026 2593 1066 2618 est
1082 2593 1107 2617 et
1124 2590 1174 2617 de—

419 2634 495 2661 letilis
512 2638 550 2669 (n.
567 2634 617 2670 ·r.).

1214 234 1376 258 ROMANUM

1215 290 1304 338 quin,
1331 291 1438 337 elapso
1467 291 1550 325 dicto
1568 291 1714 331 termino,
1738 302 1799 326 non
1825 299 1971 337 parentes

1215 341 1279 374 site
1301 339 1575 384 contrafacientes,
1598 340 1696 374 sciant
1719 351 1752 375 se
1775 339 1904 374 maioris
1922 352 1968 374 ex

1215 389 1512 424 communicationis
1550 390 1738 425 sententiam
1776 389 1946 425 incurrisse
1962 417 1971 434 ,

1216 451 1298 486 quos
1322 447 1354 473 ut
1375 438 1464 483 tales,
1485 452 1522 474 ex
1547 452 1631 474 nunc
1645 447 1739 487 prout
1754 452 1791 474 ex
1815 447 1903 481 tunc,
1918 452 1971 474 au-

1215 489 1357 524 ctoritate
1388 489 1559 536 apostolica
1583 501 1637 536 per
1661 496 1841 535 praesentes
1863 488 1971 524 decla-

1217 550 1333 573 ramus.
1349 537 1525 574 Contrariis
1545 551 1607 573 non
1630 538 1828 574 obstantibus
1842 538 1971 586 quibus·

1215 599 1365 636 eumque.

1231 637 1351 683 Placet,
1374 645 1403 672 et
1426 637 1464 671 ita
1489 646 1574 672 motu
1604 637 1731 684 proprio
1756 637 1956 674 mandamus.

1399 688 1613 733 (Subscriptio
1640 689 1778 733 Papae).

1265 736 1382 772 Datum
1406 736 1526 772 Romae
1548 736 1632 784 apud
1645 736 1798 772 Sanctum
1827 736 1971 779 Petrum,

1215 785 1340 823 decimo
1362 787 1475 835 quinto
1495 786 1645 822 kalendas
1662 786 1865 834 septembris,
1889 798 1972 822 anno

1216 846 1342 884 quarto.

1261 897 1321 929 Dat.
1340 899 1388 929 die
1407 899 1441 928 18
1457 898 1576 936 augusti
1596 898 1681 936 1507,
1701 902 1781 938 pont.
1798 907 1875 928 anno
1893 906 1929 928 tv.

1501 1013 1604 1048 xvnl
1632 1017 1687 1058 (i).

1218 1086 1373 1120 Institutio
1400 1087 1522 1130 collegyii
1553 1087 1738 1131 scriptorum
1762 1086 1895 1120 archivii
1918 1087 1976 1120 Ro-

1265 1148 1378 1170 manae
1393 1136 1505 1170 Curiae
1520 1138 1714 1169 notariorum
1728 1137 1761 1169 in
1782 1137 1883 1170 causis
1897 1148 1976 1170 com-

1268 1187 1418 1219 nu'ssariis
1436 1187 1468 1218 in
1495 1186 1572 1219 Urbe
1593 1187 1680 1230 apud
1702 1186 1813 1219 iudices
1832 1187 1976 1230 proprios

1267 1236 1406 1268 tentarios
1428 1247 1489 1268 non
1516 1236 1681 1275 habentes;
1709 1243 1735 1268 cl
1757 1236 1907 1269 concessio
1927 1236 1977 1279 fa—

1266 1286 1388 1319 culturis
1410 1286 1537 1319 creandi
1562 1286 1641 1319 alios
1669 1285 1817 1323 notarios,
1839 1297 1876 1319 ac
1898 1285 1976 1330 ἱερέ-

1267 1335 1401 1368 timandt'
1422 1335 1596 1368 bastardus.

1489 1403 1704 1434 SUMMARtUM

1218 1465 1408 1496 Prooemium.
1426 1483 1464 1488 —
1487 1467 1510 1495 l.
1532 1466 1626 1495 Causa
1647 1466 1737 1496 liuius
1754 1466 1872 1496 constit.
1893 1482 1933 1488 —
1957 1466 1976 1495 “2

1257 1511 1292 1540 ad
1312 1511 1338 1539 8.
1362 1510 1509 1540 Institutio
1522 1510 1639 1549 collegii
1653 1511 1830 1549 scriptorum
1851 1511 1975 1542 archivii

1257 1555 1406 1585 Romanae
1414 1555 1519 1585 Curiae
1531 1556 1657 1594 eiusque
1671 1565 1804 1585 munera.
1815 1572 1853 1578 —
1865 1556 1894 1586 9.
1905 1555 1976 1586 Cor—

1257 1605 1388 1630 rectores
1421 1600 1522 1630 decem
1556 1600 1751 1630 instituantur
1773 1609 1807 1630 ex
1835 1599 1975 1640 praefatis

1258 1643 1467 1682 scriptoribus,
1485 1644 1535 1683 qui
1555 1643 1630 1673 alios
1653 1644 1850 1675 admittendos
1867 1645 1977 1674 exami-

1258 1693 1328 1719 nent
1339 1692 1389 1718 εἰς.
1400 1705 1439 1710 --
1453 1688 1499 1718 10.
1515 1687 1680 1726 Collegium
1693 1693 1775 1719 creat
1787 1689 1926 1727 notarios;
1937 1706 1977 1712 —

1262 1735 1304 1764 ll.
1318 1733 1493 1772 Legitimant
1504 1733 1660 1764 bastardos
1673 1733 1702 1763 in
1719 1734 1850 1764 dominio
1870 1734 1977 1772 Papae3

1257 1796 1296 1800 —
1316 1779 1358 1808 12.
1376 1778 1554 1817 Interpretes
1568 1778 1686 1808 testium
1703 1783 1753 1808 etc.
1780 1778 1850 1816 sint,
1868 1795 1907 1801 —-
1930 1779 1975 1809 13.

1257 1823 1429 1862 Notariique
1457 1823 1588 1853 omnium
1617 1822 1748 1853 iudicum
1777 1832 1836 1853 non
1864 1822 1976 1853 liaben-

1259 1868 1330 1897 tium
1354 1867 1488 1907 proprios
1505 1866 1645 1904 notarios,
1662 1867 1790 1907 exceptis
1810 1867 1974 1898 cardinali-

1258 1912 1325 1947 bus,
1342 1911 1439 1941 -14,
1458 1910 1569 1941 Statuta
1584 1912 1711 1942 condere
1731 1921 1782 1951 pro
1799 1921 1830 1942 se
1850 1913 1975 1952 possint;

1256 1957 1357 1986 -15,
1381 1956 1584 1986 Familiarium
1610 1957 1706 1996 Papae
1733 1957 1886 1996 privilegio
1912 1958 1975 1988 sru-

1258 2008 1353 2032 antur.
1366 2019 1404 2024 —
1422 2001 1572 2031 teoracia
1586 2011 1687 2032 eorum
1703 2002 1891 2041 resignabilia
1906 2003 1974 2034 sint.

1257 2065 1295 2069 —
1313 2048 1348 2077 vl'i'
1371 2053 1399 2078 et
1425 2048 1467 2078 18.
1490 2047 1645 2078 Decretum
1670 2048 1798 2078 irritans.
1816 2064 1856 2071 -
1878 2048 1974 2089 Papae

1257 2093 1446 2133 subscriptio.
1458 2109 1498 2116 -·
1508 2093 1708 2124 Cardinalium
1729 2093 1973 2134 subscriptiones.

1296 2160 1382 2189 lulius
1401 2161 1544 2197 episcopus
1567 2168 1661 2190 servus
1679 2167 1820 2190 servorum
1836 2160 1893 2195 Dei.

1352 2211 1386 2239 ad
1414 2212 1576 2247 perpetuam
1599 2211 1641 2240 roi
1667 2211 1837 2239 memoriam.

1267 2273 1355 2309 Sicut
1384 2274 1526 2322 prudens
1555 2273 1778 2322 paterfamilias
1801 2273 1839 2309 ad
1864 2274 1973 2311 lauda-

1218 2323 1311 2359 bilem
1332 2324 1600 2372 dispensationem
1624 2324 1866 2372 gloriosumque
1890 2325 1973 2372 regi-

1218 2385 1289 2408 men
1313 2374 1450 2410 samiliae
1477 2386 1553 2410 suae
1582 2374 1709 2419 domus,
1731 2374 1973 2410 rectitudinem-

1217 2437 1278 2472 que
1301 2424 1422 2459 vivendi
1446 2425 1589 2472 operosis
1617 2425 1766 2459 virtutum
1790 2425 1902 2460 studiis
1931 2425 1974 2461 in-

1218 2474 1328 2516 tendit,
1350 2486 1387 2509 ac
1409 2482 1520 2509 cuncta
1543 2486 1625 2521 quae
1648 2474 1808 2522 profutura
1836 2483 1910 2510 sunt
1931 2484 1974 2510 at-

1218 2533 1321 2560 tentae
1353 2524 1616 2560 considerationis
1648 2524 1796 2571 indagine
1826 2537 1973 2572 perscru-

1254 2596 1292 2630 (t)
1310 2595 1419 2631 Legitur
1436 2595 1499 2624 haer
1516 2595 1585 2623 bulla
1602 2595 1654 2623 sub
1671 2604 1782 2623 numero
1799 2604 1846 2623 xix
1863 2596 1887 2623 in
1903 2593 1971 2623 Edit.

1219 2636 1295 2663 Rom.
1315 2636 1352 2671 (n.
1373 2636 1423 2671 T.).

1985 236 2036 261 An.
2058 235 2086 261 C.
2102 235 2167 262 t507

2016 2286 2139 2308 Pro-*enixum

2257 131 2267 142 π
2249 0 2273 91 ..⁴50⁵ss

2252 392 2270 493 n,‹.‘'
2255 347 2260 357 ⁸

2257 588 2265 603 ι.
2252 511 2271 554 g‘r„

2259 1114 2270 1123 a·
2254 1055 2272 1107 :Aa
2251 763 2272 1046 'sssss-exxa-ss-s5wsssstfl„
2255 703 2270 746 ..ι-ν
2256 638 2272 682 12⁷„
2248 601 2271 631 s,
