2281 3251
96 245 143 273 An.
162 247 191 273 C.
212 247 275 273 1:507

329 316 368 321 —
386 299 412 328 2.
430 298 522 328 Causa
544 298 634 327 buius
653 297 864 327 concessionis.
886 313 923 318 —
942 296 968 325 3.
989 295 1045 324 1³0-
1066 297 1069 308 '

333 344 394 373 titio
422 341 553 381 capituli.
576 359 613 363 —
636 341 663 370 li.
690 340 825 370 Facultas
858 340 983 370 duorum
1015 350 1046 368 ex

334 387 472 426 praelatis
488 385 725 424 congregationis
744 386 820 414 ein-a
839 385 1045 414 alienationem

334 432 479 461 bonorum
509 430 671 460 stabilium.
694 447 731 451 —
754 430 779 458 ἶ).
805 429 1046 467 Quibuscuinqin·

334 484 391 504 non
415 474 611 504 obstantibus.
629 490 668 496 -—
686 475 711 503 0.
732 473 860 503 Pretium
887 473 935 502 ubi
959 473 1048 510 depu-

336 520 475 549 nendum.

293 595 377 623 lulius
405 595 544 631 episcopus
565 602 660 623 servus
685 601 825 623 servorum
856 594 914 626 Dei,
939 593 1070 621 dilectis⁵

338 644 404 672 filiis
423 644 517 672 abbati
536 644 659 679 generali
679 645 708 672 et
724 644 918 672 visitatoribus
938 649 1050 677 congre-

340 695 464 729 gationis
483 694 673 723 monachorum
689 695 787 722 Beatao
801 693 901 721 Mariae
915 694 946 721 de
963 693 1049 720 monte

339 744 453 776 uliveto.
475 744 578 772 ordinis
598 744 692 772 saneti
709 743 855 775 Benedicti.
885 742 1004 770 salutem
1023 742 1049 769 et

341 793 520 827 apostolicam
535 793 756 821 benedictionem.

348 863 392 897 Ex
417 864 560 897 iniuncto
585 863 675 898 nobis
698 863 835 909 desuper
860 861 1049 908 apostolicat¹
1071 877 1073 889 ι

147 925 177 938 ¹⁰¹
199 919 246 937 ³¹⁸¹*
296 913 457 947 servitutis
469 912 572 947 officio
587 913 623 946 ad
640 925 674 947 ea
691 911 825 946 libenter
844 910 1049 947 intendimus,

112 1142 188 1163 Paulus
199 1141 217 1162 11
229 1143 284 1163 bona

99 1174 221 1193 ecclesiast⁴
232 1179 275 1199 quo

99 1209 187 1230 eumque
206 1204 283 1223 aliena<

100 1236 116 1254 ri
134 1239 166 1255 aut
183 1235 223 1255 loe.
238 1242 274 1262 pru

100 1266 175 1286 hibuit.

122 1364 187 1384 Causa
205 1364 265 1384 liuius

115 1396 269 1415 conces-ionis.

299 973 353 1008 per
380 974 461 1008 quae
488 963 750 996 monasteriorum
775 970 804 995 et
826 960 959 994 aliorum
985 959 1053 993 reli-

297 1010 458 1056 giosorum
471 1011 613 1045 locorum
630 1010 844 1058 quorumlibet
862 1008 977 1043 utilitas
998 1020 1050 1042 ia-

298 1060 359 1094 leat
387 1061 562 1106 procurari.

372 1110 392 1156 g
416 1112 446 1142 sl.
470 1109 598 1143 Dudum
616 1108 774 1155 siquidem
795 1120 809 1142 a
828 1107 928 1142 felicis
945 1120 1051 1142 recor-

278 1157 436 1193 .dati0uis
455 1158 555 1192 Paulo
578 1158 663 1205 Papa
677 1157 715 1199 lt,
733 1157 977 1203 praedecessore
994 1170 1052 1190 no-

299 1215 386 1250 stro,
422 1215 609 1241 ernauarunt
637 1207 746 1241 literae
777 1207 894 1241 tenoris
932 1206 1051 1241 subse-

299 1256 424 1303 quentis
460 1258 515 1298 (ll.

348 1310 363 1348 ξ
390 1309 423 1339 2.
448 1305 488 1339 Et
514 1305 627 1339 deiude
659 1305 749 1338 nobis
777 1316 878 1351 nuper
904 1305 1051 1341 exhibita,

301 1367 356 1402 pro
379 1362 464 1401 parte
487 1354 674 1389 dilectorum
697 1355 831 1388 liliorum
852 1354 979 1400 capituli
997 1366 1054 1399 ge-

301 1404 415 1438 neralis
437 1403 692 1449 congregationis
708 1415 911 1438 monacorum
939 1403 1053 1438 Beatae

300 1453 416 1487 Mariae
439 1453 477 1487 de
504 1453 610 1487 Monte
637 1452 761 1487 Oliveto
783 1452 913 1487 Ordinis
935 1452 969 1487 S.
992 1452 1055 1487 Bo-

302 1502 430 1542 neclicti,
447 1503 555 1549 petitio
569 1502 750 1537 continebat
768 1501 853 1549 quod
869 1513 962 1548 saepe
979 1514 1055 1537 con—

302 1552 393 1598 tingit
433 1551 516 1598 quod
552 1552 772 1592 monasteriis,
800 1551 992 1598 prioratibus
1026 1558 1055 1585 ct

301 1601 371 1635 aliis
399 1601 554 1647 religiosis
576 1600 655 1636 locis
674 1601 775 1636 dictae
791 1601 1054 1646 congregationis,

303 1662 427 1685 necnon
456 1651 609 1686 membris
638 1650 677 1685 ab
710 1650 773 1685 illis
800 1650 1055 1697 dependentibus

302 1700 464 1746 expediret
504 1700 608 1746 aliqua
637 1712 675 1734 ex
703 1712 810 1734 eorum
841 1699 1056 1734 immobilibus

304 1749 418 1793 bonis,
441 1761 522 1796 quae
544 1751 589 1784 eis
618 1761 728 1796 parum
758 1749 843 1783 utilia
868 1761 922 1783 seu
952 1749 1057 1784 minus

303 1799 469 1833 commoda
505 1800 657 1839 existunt,
692 1798 839 1838 vendere,
863 1806 892 1833 et
915 1799 1055 1845 precium

305 1847 377 1882 inde
401 1849 589 1895 proveniens
623 1849 654 1882 in
689 1848 748 1883 alia
779 1847 953 1882 immobilia
977 1848 1055 1883 bona

305 1897 428 1932 utiliora
461 1906 491 1931 et
519 1897 733 1932 commodiora
769 1904 978 1940 convertere,
1001 1910 1055 1932 seu

306 1958 361 1993 pro
390 1946 457 1980 aliis
487 1947 742 1993 possessionibus
764 1955 817 1981 aut
842 1946 1058 1981 immobilibus

307 1995 397 2029 bonis
426 1996 602 2031 utilioribus
629 2005 659 2031 et
685 1995 957 2031 commodioribus
984 2007 1058 2042 per-

308 2052 446 2087 mutare,
473 2053 526 2079 aut
550 2046 578 2079 in
603 2045 733 2079 seudum
757 2046 804 2080 vel
832 2045 1057 2091 emphiteusim

307 2094 371 2128 sive
396 2093 533 2129 livellum
567 2102 597 2128 et
625 2094 760 2130 afflictum
795 2102 984 2141 perpetuum
1013 2094 1059 2128 vel

308 2143 345 2177 ad
369 2151 507 2190 tempus,
523 2144 582 2178 sub
598 2156 718 2179 canone
740 2143 941 2188 condecenti,
957 2143 1060 2178 locare

308 2201 339 2227 et
361 2193 547 2232 concedere,
570 2205 607 2228 ex
631 2206 694 2240 quo
723 2192 864 2240 profecto
897 2202 1061 2227 monaste-

309 2242 427 2277 riorum
452 2250 483 2277 et
511 2243 708 2289 prioratuum
741 2254 777 2277 ac
805 2242 947 2277 locorum
985 2254 1061 2276 nec—

310 2309 371 2331 non
395 2296 611 2331 membrorum
642 2296 875 2343 praedictorum
899 2295 1039 2330 conditio
1054 2324 1061 2336 ,

309 2362 381 2385 cum
408 2362 518 2385 eorum
543 2349 679 2385 evidenti
705 2350 846 2395 utilitate,
870 2349 980 2385 melior
996 2350 1062 2385 effi-

309 2412 443 2438 ceretur.

358 2458 379 2504 g
406 2460 437 2492 5.
467 2458 585 2500 Quare,
615 2471 670 2505 pro
700 2467 785 2506 parte
807 2457 993 2493 eorumdem
1017 2469 1064 2491 ca-

113 2516 293 2545 Pe¹i¹10«·³ri2=·¹i-
312 2511 516 2559 pituli,nobis
539 2512 596 2547 fuit
619 2512 779 2547 bumiliter
798 2512 1013 2560 supplicatum
1032 2520 1061 2546 ut

0 2756 1 2765 l

0 2831 1 2844 l

0 2853 1 2876 l

0 2877 1 2902 l

248 3226 266 3244 ἢ

346 2581 541 2648 (wgpiittitur
563 2584 670 2610 insertio
688 2583 782 2615 bullae,
805 2583 865 2617 quia
890 2583 983 2617 legitur
1004 2590 1063 2616 sup.

313 2629 373 2657 pag.
446 2642 451 2647 .

943 240 1004 262 tt'tet
1013 240 1046 261 [N
1070 240 1090 261 ll
1116 239 1161 260 ΙΨ.

1722 224 1786 256 ²447,

1088 294 1174 329 vobis
1195 292 1329 338 siugulis
1353 291 1521 326 abbatibus
1544 298 1574 324 et
1601 289 1672 324 aliis
1696 289 1839 335 praelatis

1087 351 1116 377 ct
1144 342 1300 390 prioribus
1321 354 1357 376 ac
1380 339 1589 376 conventibus
1626 338 1840 373 monasterio—

1089 405 1184 435 rum,
1213 392 1375 431 locorum,
1401 391 1595 437 prioratuum
1624 396 1654 422 et
1681 387 1842 422 membro-

1090 454 1156 476 rum
1182 441 1413 488 pracdictorum
1439 452 1494 487 pro
1518 448 1658 485 tempore
1680 437 1844 472 existenti-

1090 491 1159 535 bus,
1174 502 1394 538 quascumque
1411 489 1628 536 possessiones
1645 495 1673 522 et
1687 486 1746 520 alia
1761 485 1842 520 bona

1091 541 1260 575 immobilia
1300 540 1404 574 minus
1432 539 1516 573 utilia
1558 538 1726 583 minusque
1755 547 1845 570 com-

1091 589 1182 624 moda
1223 589 1406 624 huiusmodi
1433 587 1612 630 vendendi,
1634 584 1791 620 alienandi
1816 593 1844 619 ct

1091 638 1312 686 permutandi,
1334 647 1387 672 aut
1411 638 1440 671 in
1470 636 1599 671 feudum
1628 647 1683 670 seu
1719 635 1846 682 emphi-

1090 688 1206 722 teusim
1232 687 1278 721 vel
1306 687 1445 721 livellum
1470 694 1500 720 et
1522 686 1657 720 affictum
1693 692 1845 731 perpetuo

1091 736 1137 771 vel
1161 736 1199 771 ad
1223 745 1349 782 tempus
1364 735 1488 770 locandi
1505 743 1535 769 et
1557 733 1752 769 concedendi
1769 745 1847 780 quo—

1092 786 1150 821 ties
1181 785 1375 832 expedierit,
1405 785 1564 819 licentiam
1602 782 1723 829 largiri,
1759 795 1845 816 com-

1092 835 1216 869 mittere
1227 842 1258 869 et
1273 834 1433 873 mandare,
1448 833 1588 879 aliasque
1609 832 1638 866 in
1666 832 1846 878 praemissis

1092 892 1270 931 opportune
1293 883 1458 930 providere
1481 883 1519 916 de
1544 881 1736 927 benignitate
1767 893 1845 928 apo-

1092 933 1201 968 stolica
1225 933 1440 978 dignaremur.

1140 986 1155 1024 ξ
1178 985 1210 1015 4.
1236 981 1301 1016 'Nos
1316 982 1422 1028 igitur,
1443 979 1624 1013 huiusmodi
1648 978 1844 1026 supplicatio*

1093 1030 1186 1064 nibus
1225 1030 1392 1074 inclinati,
1420 1029 1601 1064 discretioni
1638 1036 1758 1062 vestrae
1794 1040 1846 1074 per

1093 1079 1264 1127 apostolica
1312 1079 1426 1126 scripta
1466 1077 1652 1112 mandamus
1692 1084 1846 1124 quatenus

1095 1141 1147 1163 vos
1184 1128 1230 1162 vel
1259 1129 1358 1163 maior
1382 1140 1453 1174 pars
1470 1155 1477 1167 ,
1501 1136 1553 1161 aut
1577 1127 1612 1160 ad
1644 1126 1748 1159 miuus
1782 1125 1846 1160 duo

1095 1186 1252 1218 vestrum,
1281 1177 1388 1221 bonis,
1416 1177 1454 1210 de
1482 1187 1616 1223 quorum
1645 1174 1846 1216 venditione,

1096 1228 1338 1274 permutatione,
1361 1226 1514 1260 locatione
1534 1225 1562 1258 in
1586 1224 1716 1259 feudum
1736 1235 1791 1258 seu
1816 1224 1844 1257 iu

1093 1277 1317 1323 emphiteusim
1353 1275 1399 1310 vel
1438 1275 1576 1309 livellum
1618 1285 1671 1319 pro
1707 1281 1846 1319 tempore

1094 1334 1203 1371 agetur
1226 1324 1422 1364 huiusmodi,
1441 1324 1529 1371 prius
1543 1335 1648 1358 coram
1666 1322 1765 1363 vobis,
1778 1333 1848 1369 spe-

1094 1375 1224 1410 cificatis
1246 1375 1285 1409 de
1308 1374 1457 1408 omnibus
1479 1381 1509 1407 et
1528 1372 1674 1419 singulis,
1690 1383 1771 1418 quae
1798 1384 1849 1405 su-

1095 1437 1150 1471 per
1172 1424 1342 1458 obtinenda
1359 1423 1484 1457 licentia
1507 1421 1689 1456 huiusmodi
1707 1433 1762 1468 per
1777 1432 1849 1455 eos·-

1095 1473 1165 1508 dem
1202 1473 1353 1515 abbates,
1378 1472 1543 1519 praelatos,
1572 1471 1693 1518 priores
1720 1478 1751 1505 et
1772 1481 1849 1504 con-

1097 1531 1208 1558 ventus
1231 1523 1320 1557 vobis
1349 1534 1404 1569 pro
1433 1529 1574 1567 tempore
1602 1520 1717 1567 exponi
1745 1519 1850 1554 conti-

1095 1572 1187 1618 gerit,
1214 1580 1243 1606 et
1271 1584 1380 1606 eorum
1408 1570 1653 1606 circumstantiis
1677 1568 1848 1610 universis,

1095 1622 1278 1656 auctoritate
1301 1629 1418 1659 nostra,
1434 1632 1489 1655 vos
1504 1619 1712 1659 coniunctim,
1731 1626 1849 1652 servata

1097 1671 1195 1706 forma
1219 1671 1380 1706 literarum
1397 1669 1500 1714 Pauli,
1517 1668 1771 1716 praedecessoris
1793 1667 1852 1702 bu-

1098 1720 1245 1765 iusmodi,
1269 1719 1472 1768 procedendo
1487 1718 1850 1765 diligenterinl'ormetis3

1097 1777 1127 1804 et
1153 1770 1177 1804 si
1208 1782 1262 1816 per
1290 1769 1543 1804 informationem
1571 1767 1715 1802 eamdem
1739 1779 1774 1801 ea
1796 1780 1852 1801 vo-

1098 1818 1145 1853 bis
1167 1819 1213 1854 sic
1237 1831 1292 1865 pro
1315 1826 1458 1865 tempore
1492 1817 1634 1864 exposita
1658 1828 1728 1851 vera
1756 1828 1826 1851 esse
1842 1844 1849 1854 ,

1097 1880 1134 1902 ac
1160 1868 1376 1907 venditiones,
1399 1868 1620 1911 alienationes,
1644 1866 1851 1913 permutatio-

1098 1929 1167 1958 nes,
1182 1918 1354 1952 locationes
1369 1925 1399 1952 et
1419 1916 1642 1951 concessiones
1665 1915 1852 1962 praedictas,

1098 1966 1122 2000 si
1141 1967 1226 2007 liant,
1242 1968 1270 2001 in
1286 1967 1462 2001 evidentem
1480 1965 1756 2005 monasteriorum,
1773 1965 1853 2011 prio-

1101 2024 1238 2061 ratuum,
1268 2016 1483 2051 membrorum
1507 2025 1537 2049 et
1559 2014 1701 2049 locorum
1727 2013 1851 2059 praedi-

1100 2077 1223 2104 ctorum
1241 2097 1250 2115 ,
1278 2082 1415 2117 quorum
1440 2069 1491 2103 illa
1519 2068 1648 2111 fuerint,
1688 2067 1851 2101 utilitatem

1101 2124 1213 2159 cedere
1229 2124 1419 2171 repereritis,
1435 2122 1555 2157 eisdem
1570 2120 1746 2161 abbatibus,
1764 2132 1854 2167 prae-

1101 2178 1182 2223 latis,
1210 2178 1367 2225 prioribus
1390 2185 1420 2212 et
1448 2175 1657 2211 conventibus
1688 2174 1716 2209 id
1742 2182 1854 2221 peten-

1102 2231 1199 2271 tibus,
1222 2232 1346 2278 quoties
1368 2230 1541 2278 expediens
1561 2229 1665 2269 fuerit,
1679 2228 1856 2275 possessio-

1103 2298 1159 2321 nes
1185 2295 1217 2321 et
1238 2286 1319 2321 bona
1341 2295 1563 2333 quaecumque
1591 2282 1774 2318 huiusmodi
1799 2294 1854 2328 pro

1105 2339 1220 2387 preciis
1243 2338 1499 2386 competentibus
1527 2336 1682 2372 vendendi
1717 2344 1748 2370 et
1780 2336 1855 2369 alie-

1104 2393 1212 2437 nandi,
1235 2406 1291 2428 seu
1315 2393 1364 2427 illa
1382 2404 1437 2438 pro
1459 2391 1528 2426 aliis
1553 2391 1810 2438 possessionibus
1826 2398 1854 2423 et

1105 2447 1196 2482 bonis
1224 2445 1441 2481 immobilibus
1465 2445 1644 2479 utilioribus
1667 2454 1696 2479 et
1712 2455 1855 2479 commo—

1104 2501 1245 2535 dioribus
1275 2499 1488 2547 permutandi,
1510 2507 1562 2533 aut
1589 2498 1755 2546 quibusvis
1784 2510 1854 2545 per—

1105 2556 1209 2599 sonis,
1232 2555 1325 2588 etiam
1349 2553 1579 2596 saecularibus,
1601 2552 1709 2587 eadem
1734 2552 1763 2585 in
1787 2564 1857 2586 em-

1107 2609 1275 2656 phiteusim
1290 2608 1335 2643 vel
1350 2607 1489 2643 livellum
1505 2615 1533 2642 et
1550 2606 1685 2642 affictum
1704 2613 1856 2654 perpetuo

1855 236 1904 260 An.
1925 235 1952 260 Γ..
1976 234 2039 259 ἱῗιΟῚ

1918 989 1969 1007 ΗΚΛ·
1994 989 2048 1006 ilus.-

1863 1026 1906 1038 i<ini
1923 1025 1947 1038 1¹1
1967 1018 2046 1044 pra-¹121

1862 1055 1887 1070 tis
1901 1049 2047 1074 congregauo-

1863 1082 1894 1101 nit-⁴v
1917 1082 1973 1100 cirea
1994 1079 2034 1098 alie

1863 1115 1969 1132 nationem
1985 1110 2047 1129 bunu-

1867 1150 1909 1163 iuin
1936 1141 2047 1161 sibilium.
