2281 3251
225 272 272 295 An.
291 269 319 296 C.
339 269 400 295 1511

471 257 539 289 504

1023 265 1090 286 ΒΓΗ
1109 265 1205 286 ultra!
1235 265 1359 286 ROMle
1374 266 1393 286 ,it

418 337 490 358 cum
515 326 616 358 omnis
644 323 780 357 Thuscia
804 334 887 357 arma
925 333 1006 355 nuuc
1047 329 1167 363 tractet,
1209 334 1247 355 ex
1268 322 1405 359 adverso,
1434 332 1525 366 neque
1551 323 1731 366 opposuistis
1762 333 1810 355 eos
1839 332 1959 354 uturum

419 382 448 408 et
473 386 540 413 nos
558 386 612 420 pro
637 372 793 418 pastorali,
816 371 942 419 quod„
925 370 1074 414 rverirnus,
1097 370 1167 404 ossi—

419 423 478 460 cio
503 423 543 457 nil
569 422 667 468 magis
687 430 828 476 'premat
851 433 944 467 quam
969 419 1167 455 Florentinos

419 481 447 507 tt
477 471 657 526 Senenses,
686 471 766 505 inter
792 484 872 517 quos
900 470 1002 504 fremit
1031 468 1166 507 bellum

421 534 457 556 ne
478 534 511 556 se
533 521 628 555 armis
651 521 783 555 invicem
809 521 972 566 impetant,
990 519 1170 553 continere?

421 571 528 606 Fidem
552 570 591 605 de
612 583 644 604 re
666 570 723 604 hac
747 571 848 604 facere
877 577 1009 616 possunt
1029 569 1168 615 plerique

419 620 580 656 christiani
619 620 780 667 principes
807 632 821 653 a
858 618 947 653 uobis
982 619 1109 664 saepius
1139 627 1167 652 et

420 670 585 704 instantius
621 670 761 716 requisiti
806 681 893 703 suam
930 680 985 716 per
1008 669 1113 702 literas
1139 677 1167 702 et

420 719 551 754 nuncios
573 719 791 753 auctoritatem
814 727 842 754 et
870 719 1000 765 gratiam
1025 718 1167 764 interpo-

420 781 506 814 nere,
526 777 568 809 ut,
591 769 616 803 si
638 768 717 803 inter
739 781 771 803 se
795 769 823 802 hi
848 768 956 815 populi
980 780 1088 815 pacem
1114 768 1169 801 ha-

419 819 491 853 here
521 818 700 859 noluerint,
729 831 783 865 per
811 818 954 853 inducias
986 818 1096 852 saltem
1130 817 1169 852 ιιΙι

419 869 515 903 armis
542 867 732 903 abstineant.

467 922 481 961 ξ
507 920 560 952 14.
584 917 682 964 Igitur
701 930 786 959 cum,
806 930 843 952 ex
864 918 1044 964 praemissis
1057 925 1086 952 et
1100 917 1169 952 aliis

285 982 288 993 ·
316 982 334 994 ···
383 981 402 993 ι’·
418 968 511 1002 etiam
537 968 709 1003 notissimis
728 967 845 1007 causis,
859 979 1005 1002 accessus
1027 967 1065 1002 ad
1082 967 1168 1002 Pisas

222 1008 283 1031 ΝΛΡἸ
310 1006 401 1027 ιἰιιιιἸΙιι,

222 1045 231 1056 a
263 1037 402 1056 rauitiuatihuz

221 1070 332 1088 antedictis
349 1074 403 1093 [ιι-1»

222 1103 301 1125 *simpli
326 1103 358 1120 est
382 1103 402 1119 et

220 1131 284 1150 nutta.

230 1768 264 1788 nir
274 1772 344 1794 itaque
353 1767 404 1787 Pon-

222 1800 271 1820 ulex
286 1800 403 1825 pra-dictam

221 1831 305 1851 concilii
336 1830 404 1850 Pisani

222 1863 330 1882 indiction,
346 1862 404 1881 dam-

223 1897 257 1913 nat
266 1897 285 1914 et
298 1892 403 1919 reprobat,

419 1017 463 1052 vel
488 1017 528 1052 ibi
553 1018 673 1052 mansio
700 1030 809 1052 secura
845 1017 985 1052 habenda
1017 1017 1168 1052 verisimi-

417 1067 487 1102 liter
509 1067 592 1101 credi
617 1079 678 1102 non
703 1068 822 1114 possit,
849 1079 921 1101 cum
950 1067 1059 1102 civitas
1091 1068 1168 1114 ipsa,

417 1117 629 1161 desolatione,
659 1117 907 1152 habitationibus
945 1129 999 1164 pro
1033 1117 1168 1151 concilio

418 1179 479 1202 non
503 1167 543 1201 sit
565 1166 661 1207 fulta,
684 1179 755 1202 cum
786 1179 861 1213 ager
883 1167 1024 1202 vastitate
1048 1167 1087 1200 sit
1114 1166 1167 1201 de-

416 1217 556 1260 solatus,
578 1229 650 1251 cum
675 1225 798 1264 tempus
823 1217 853 1251 in
877 1217 981 1251 edicto
1003 1229 1058 1252 seu
1084 1216 1168 1250 indi-

415 1267 520 1301 ctione
547 1266 721 1311 praelixum
750 1266 894 1302 sulliccre
922 1279 982 1301 non
1012 1266 1123 1313 possit,
1139 1274 1168 1301 et

417 1317 572 1351 terminus
599 1317 777 1363 assignatus
798 1316 838 1350 ab
861 1316 921 1350 illis
949 1316 1082 1363 tempori
1113 1328 1169 1362 pro

416 1366 554 1413 generali
591 1366 726 1401 concilio
761 1365 949 1401 celebrando
982 1366 1047 1400 dari
1076 1366 1169 1400 solito

418 1428 479 1451 non
509 1416 715 1462 respondeat,
737 1428 808 1451 cum
839 1416 969 1462 insuper
992 1416 1170 1450 indicentes

417 1465 502 1501 nulla
521 1466 585 1501 siut
605 1466 793 1501 auctoritate
815 1465 948 1509 sull'ulti,
967 1474 1008 1507 et,
1026 1466 1050 1500 si
1074 1477 1168 1512 quam

417 1515 533 1550 habere
562 1525 702 1564 possent,
732 1516 794 1559 illa,
833 1525 865 1550 ut
893 1515 999 1550 decuit
1035 1523 1065 1550 et
1102 1515 1166 1549 lieri

417 1565 568 1612 oportuit,
592 1566 688 1602 immo
711 1565 830 1605 debuit,
852 1577 912 1599 non
933 1567 997 1600 sint
1021 1566 1080 1605 usi,
1097 1577 1168 1599 cum

417 1615 559 1651 edictum
585 1616 687 1663 ipsum
704 1628 758 1651 seu
782 1615 966 1651 convocatio
981 1615 1019 1650 de
1039 1615 1170 1650 falsitate

418 1678 451 1700 se
473 1675 652 1701 convincat.

467 1716 487 1761 g
512 1718 567 1750 15.
594 1717 676 1756 Nos,
699 1716 938 1751 considerantes
960 1723 1075 1762 quanta
1098 1727 1169 1749 cum

419 1765 602 1802 difficultate
623 1775 653 1800 et
677 1766 826 1812 temporis
848 1765 1067 1805 diuturnitate,
1088 1776 1170 1811 prae-

420 1815 602 1850 decessores
622 1816 720 1851 nostri
742 1815 882 1862 prael'ati,
911 1815 941 1849 in
969 1827 1078 1850 eorum
1094 1826 1171 1849 con—

419 1865 500 1900 ciliis
521 1865 697 1905 celebratis,
716 1866 834 1912 priscas
858 1865 1003 1899 haereses
1022 1873 1053 1899 et
1071 1864 1171 1898 schis-

420 1924 515 1959 mata,
531 1916 626 1951 etiam
641 1914 812 1963 aliquando
829 1915 980 1961 imperiali
1012 1915 1172 1948 maiestate

419 1965 599 2005 adiuvante,
622 1965 843 2004 sustulerunt:
871 1964 1020 2012 quodque
1056 1964 1106 1998 illa
1143 1964 1171 1996 iu

422 2023 520 2050 totum
535 2016 720 2061 extinguere
738 2015 958 2061 nequiverunt,
974 2026 1046 2048 cum
1063 2026 1171 2048 corum

421 2065 524 2112 aliqua
548 2066 642 2112 (quod
661 2064 804 2100 dolentes
827 2064 1004 2103 referimus)
1018 2076 1119 2110 usque
1134 2063 1172 2096 ad

423 2115 609 2150 hodiernum
646 2114 728 2149 diem
765 2115 794 2148 in
823 2125 879 2148 sua
908 2114 1077 2160 pertinacia
1103 2124 1173 2159 pcr-

423 2165 548 2206 durent;
568 2176 727 2212 quamque
749 2163 925 2199 calamitosa
950 2163 1063 2197 ι’·υιιιιιι
1085 2174 1175 2209 prae-

424 2215 493 2250 latis
514 2223 545 2250 et
567 2214 716 2250 omnihus
738 2213 999 2249 christifidelibus
1022 2212 1175 2247 schisma-

425 2274 489 2299 tum
514 2273 664 2310 tempora,
687 2264 865 2312 supradicta
885 2263 1001 2307 omnia,
1015 2270 1173 2309 tamqnam

426 2314 690 2362 perniciosissima
702 2314 909 2349 schismatum
925 2321 1018 2360 atque
1035 2324 1174 2347 errorum

425 2364 605 2403 seminaria,
624 2376 704 2419 quae
723 2363 904 2411 aliquandiu
936 2361 1177 2397 tonniventihus

425 2413 526 2449 oculis
549 2414 764 2458 toleravimus,
792 2421 994 2460 expectantes
1017 2424 1124 2446 eorum
1138 2411 1175 2444 ιιιΙ

425 2476 479 2498 cor
508 2463 744 2503 reversionem,
771 2464 811 2497 ob
839 2463 958 2497 Christi
994 2461 1175 2497 charitatem

427 2513 594 2560 zelumque
621 2513 736 2547 domus
763 2525 849 2556 suae,
877 2512 1076 2547 dissimulare
1097 2510 1176 2544 ulte-

429 2564 494 2597 rius
517 2575 578 2597 non
608 2562 762 2601 valemus,
779 2563 926 2597 timentes
946 2561 1036 2596 nobis
1060 2561 1178 2605 impro-

429 2613 529 2659 perari
553 2612 627 2646 illud
652 2612 832 2647 Hieremiae
847 2613 989 2655 (t):N0n
1005 2611 1178 2645 ascendistis

463 2674 502 2708 (l)
519 2674 668 2709 Legcudum
688 2675 820 2707 Ezechiae,
839 2681 899 2706 xm,
917 2675 943 2700 5.

1208 383 1265 415 pro
1291 372 1382 404 domo
1412 370 1518 404 lsrael.
1548 370 1699 405 Verentes
1726 371 1818 406 etiam
1849 382 1886 404 ne
1902 370 1960 416 lig-

1211 429 1313 454 menta
1350 431 1534 466 erroresque
1569 420 1718 466 praedicti
1760 420 1960 455 christifide—

1210 469 1286 504 lium
1312 469 1416 503 minus
1432 469 1627 504 eruditorum
1649 478 1770 505 mentes
1795 470 1900 517 aliquo
1917 470 1961 504 in-

1211 518 1368 553 lidelitatis
1409 518 1519 565 laqueo
1556 519 1737 562 involvant,
1764 519 1846 566 apud
1881 532 1960 566 quos

1210 580 1316 615 saepe,
1341 576 1371 602 ut
1396 569 1494 615 inquit
1518 568 1714 614 Origenesin
1733 568 1874 608 Cantica.
1891 569 1961 616 pul-

1210 618 1332 652 chriora
1356 617 1502 651 videntur
1518 618 1752 653 mendaciorum
1768 618 1959 665 sophismata

1210 680 1303 714 quam
1332 667 1520 702 documenta
1546 667 1693 702 veritatis.
1723 667 1763 702 Et
1790 680 1829 702 ne
1856 680 1961 703 error.

1211 718 1259 751 cui
1285 729 1346 751 non
1371 717 1539 758 resistitur,
1562 717 1728 764 approbari
1753 717 1904 758 videatur,
1932 727 1960 751 et

1212 767 1325 801 veritas
1368 767 1489 814 Deique
1524 779 1616 801 causa
1644 775 1673 801 et
1702 768 1766 801 iura
1802 766 1960 801 indefensa

1211 817 1442 864 opprimantur,
1465 816 1570 851 hahita
1589 829 1685 863 super
1707 816 1756 850 his
1773 828 1845 850 cum
1866 828 1962 851 vene-

1213 867 1364 901 rabilibus
1389 866 1536 901 sratribus
1559 867 1676 902 nostris
1703 866 1844 901 eiusdem
1867 866 1901 901 S.
1922 866 1961 900 R.

1212 916 1246 950 1⁴3.
1275 915 1488 951 cardinalibus
1512 924 1630 950 matura
1653 915 1901 955 deliberatione,
1925 915 1964 949 de

1211 966 1397 1001 eorumdem
1432 966 1638 1000 cardinalium
1672 966 1804 1000 consilio
1831 973 1861 999 et
1886 977 1964 1000 nna-

1213 1016 1288 1050 nimi
1317 1028 1477 1051 consensu
1495 1044 1502 1055 ,
1530 1028 1565 1050 ac
1594 1015 1633 1050 de
1660 1015 1851 1063 apostolicae
1875 1023 1964 1062 pote-

1211 1067 1299 1100 statis
1323 1065 1532 1112 plcnitudine,
1551 1065 1728 1113 praedictas
1744 1065 1963 1102 indictionem.

1211 1116 1471 1150 convocationem
1496 1124 1525 1150 et
1549 1115 1795 1162 publicationem
1828 1123 1964 1150 assertas

1211 1165 1432 1200 schismaticae
1448 1165 1700 1203 conventiculae,
1723 1176 1898 1212 synagogae
1911 1164 1964 1198 Sa-

1212 1223 1302 1250 tanae
1324 1225 1353 1250 et
1378 1215 1539 1250 Ecclesiae
1567 1215 1806 1261 malignantium
1832 1226 1886 1260 per
1900 1213 1963 1248 Da-

1212 1265 1284 1299 than
1309 1273 1338 1299 et
1362 1265 1491 1303 Abii-on.
1514 1273 1660 1299 auctores
1682 1264 1889 1298 schismatum
1914 1275 1967 1309 eo—

1212 1327 1347 1362 rumque
1369 1314 1483 1354 socios,
1507 1322 1535 1349 et
1559 1314 1634 1348 alias
1661 1313 1872 1361 supradictas,
1893 1324 1966 1360 pro-

1212 1365 1373 1399 curatorio
1388 1365 1516 1399 nomine
1529 1364 1687 1398 dictorum
1704 1363 1964 1398 charissimorum

1213 1414 1349 1448 liliorum
1376 1423 1554 1449 nostrornm
1590 1414 1804 1457 Maximiliani,
1828 1413 1967 1458 impera-

1213 1464 1288 1499 toris
1300 1464 1516 1499 Romanorum
1527 1464 1630 1507 electi,
1642 1472 1671 1498 et
1685 1463 1851 1507 Ludovici,
1867 1461 1968 1496 Fran-

1212 1526 1320 1548 corum
1359 1514 1441 1559 regis
1480 1513 1756 1553 christianissimi,
1795 1512 1964 1547 illustrium

1213 1564 1404 1611 principum,
1432 1563 1539 1608 factas,
1565 1563 1700 1598 indictas
1728 1570 1759 1597 et
1782 1562 1968 1609 publicatas,

1213 1614 1383 1660 omniaque
1417 1622 1446 1648 et
1480 1613 1603 1661 singula
1633 1614 1662 1647 in
1691 1612 1736 1647 eis
1770 1620 1801 1647 et
1827 1611 1969 1659 qualibet

1212 1676 1320 1699 earum
1344 1670 1489 1698 contenta
1518 1672 1547 1698 et
1571 1663 1645 1698 inde
1667 1669 1775 1697 secuta
1798 1673 1969 1709 quaecum-

1212 1726 1287 1761 que,
1309 1726 1445 1760 quorum
1470 1721 1594 1748 tenores
1621 1725 1656 1747 ac
1684 1712 1709 1746 si
1744 1711 1784 1746 de
1811 1711 1907 1746 verbo
1930 1710 1966 1744 ad

1215 1764 1342 1798 verbum
1385 1763 1604 1809 praesentibus
1640 1763 1871 1804 insererentur,
1912 1772 1968 1807 pro

1213 1813 1406 1848 sufficienter
1440 1813 1599 1859 expressis
1634 1821 1663 1847 et
1698 1812 1823 1846 insertis
1859 1810 1967 1845 haberi

1215 1864 1372 1907 volumus,
1396 1870 1556 1910 tamquam
1585 1875 1600 1896 a
1629 1874 1690 1896 non
1721 1860 1912 1895 habentibus
1928 1860 1970 1894 fa—

1214 1913 1361 1947 cultatem
1386 1921 1416 1947 ct
1439 1924 1476 1946 ex
1504 1912 1610 1947 minus
1633 1911 1782 1958 legitimis
1809 1911 1915 1945 causis
1933 1921 1969 1944 ae

1216 1962 1398 2009 incongruis
1427 1962 1568 1996 terminis
1595 1970 1625 1996 et
1649 1962 1728 2000 loco,
1751 1960 1834 1995 nulla
1851 1988 1858 2001 ,
1882 1960 1968 1995 irrita

1215 2021 1245 2047 et
1260 2012 1375 2056 inania,
1389 2024 1449 2046 non
1468 2012 1618 2058 legitime,
1639 2012 1677 2046 ad
1694 2010 1859 2045 sciendum
1878 2012 1925 2054 (1)
1941 2018 1970 2044 et

1216 2061 1495 2096 scandalizandum
1521 2060 1707 2095 universalis
1729 2059 1890 2095 Ecclesiae
1907 2060 1972 2094 uni-

1217 2120 1310 2146 tatem
1332 2112 1423 2155 l'acta,
1451 2123 1489 2145 ne
1517 2123 1707 2146 cancerosus
1731 2109 1860 2144 morbus
1883 2109 1970 2143 inva-

1217 2162 1323 2202 lescat,
1345 2161 1563 2209 reprobamus,
1584 2172 1779 2204 revocamus,
1792 2170 1968 2202 cassamus,

1219 2212 1377 2246 irritamus
1403 2220 1433 2246 et
1455 2211 1671 2251 annullamus3
1699 2217 1918 2256 revocataque,
1934 2220 1971 2243 ir

1219 2262 1286 2302 rita
1316 2274 1416 2305 cassa,
1445 2261 1608 2308 reprobata
1636 2269 1666 2295 et
1687 2259 1845 2294 annullata
1862 2258 1968 2293 haberi

1219 2311 1376 2355 volumus,
1398 2323 1445 2350 ac,
1470 2319 1562 2356 prout
1589 2318 1674 2353 sunt,
1703 2308 1822 2343 nullius
1850 2307 1972 2343 roboris

1220 2361 1264 2395 vel
1289 2361 1439 2395 momenti
1463 2361 1558 2395 fuisse
1582 2368 1611 2395 et
1631 2371 1699 2394 esse
1721 2358 1923 2393 decernimus
1941 2366 1971 2393 et

1219 2411 1428 2446 declaramus.

1268 2461 1288 2507 5
1313 2463 1368 2495 16.
1397 2459 1597 2503 Districtius,
1626 2459 1685 2494 snb
1712 2458 1972 2493 excommunica—

1222 2510 1325 2550 tionis
1341 2509 1548 2545 anathematis
1569 2517 1600 2543 ct
1622 2507 1855 2543 maledictionis
1870 2515 1971 2542 aeter-

1221 2572 1290 2602 ιιι,ι(·
1305 2560 1544 2607 acdignitatum
1568 2567 1594 2593 et
1622 2558 1844 2593 beneficiorum
1863 2556 1971 2591 eccle-

1220 2610 1416 2643 siasticornm
1445 2620 1737 2656 quorumcumque,
1760 2606 1970 2642 saecularium

1257 2671 1296 2705 (l)
1314 2671 1435 2705 Legimus
1450 2673 1484 2695 mi
1500 2672 1671 2696 scindendum
1691 2668 1728 2704 (ιι.
1747 2677 1772 2695 τ.
1777 2668 1796 2703 ).

1974 263 2023 291 An.
2045 264 2074 291 C.
2089 264 2151 291 ¹5¹¹

1993 2471 2006 2489 (I
2009 2477 2041 2490 ιιιιι
2042 2471 2079 2491 ιΙι
2080 2470 2112 2490 ihu
2103 2470 2171 2497 ulique

1988 2509 2023 2552 prp
2019 2502 2082 2552 niedit'·¹
2076 2503 2089 2521 ti
2102 2500 2170 2521 velal-

2085 2535 2171 2554 n-store.

1989 2570 2027 2584 con
2023 2539 2085 2590 '‘¹¹¹³'-
2097 2563 2145 2582 (ιιι-ι
2139 2569 2174 2582 ιιι-

1989 2598 2046 2616 toros
2038 2595 2129 2621 spoenis
2140 2594 2173 2615 al-

1989 2627 2029 2652 liga
2020 2629 2046 2647 ιιιι
