2281 3251
224 264 274 290 Αη.
291 262 399 290 (⁸..15ll

471 249 539 285 502

422 316 484 352 rale
498 314 656 351 celebrare
679 311 858 355 concilium,
879 311 1028 356 quomam
1044 318 1168 345 nostrae

423 364 621 413 promissioni
644 362 864 397 iuterfuerunt.
880 360 973 395 Certe
998 359 1167 406 palpabunt

423 427 480 450 uos
506 427 567 449 non
590 412 655 448 sola
679 423 763 451 voce,
787 423 848 445 non
871 409 1030 448 simulate,
1054 409 1108 443 sed
1138 409 1166 442 in

423 464 526 499 cordis
552 462 687 510 simplici
728 461 854 496 veritate
883 460 910 494 id
945 459 1047 504 egisse
1085 458 1166 505 qnod

425 514 617 561 praedicant:
640 510 724 559 quod
747 511 772 545 si
795 522 828 544 ea
853 521 933 556 «luae
957 508 1094 542 diximus
1115 518 1169 542 at—

1000 257 1048 278 ΙῐῑῚ
1061 255 1182 278 {Antt‘st

425 563 551 598 tendere
579 561 707 604 nolunt,
733 559 911 595 examinent
939 568 967 593 et
1001 558 1169 605 inspiciant

423 624 516 648 omne
537 611 676 646 studium
702 610 732 644 in
756 608 937 656 pontificatu
965 615 1072 642 nostro
1087 608 1170 642 circa

425 662 605 709 praemissa.
638 660 749 695 Nonne
771 670 880 694 omnes
905 659 1062 705 principes
1084 658 1171 692 cliri-

423 712 552 754 stianos,
565 711 618 758 qui
642 710 678 744 ad
702 709 911 744 obedientiam
927 720 962 743 ex
978 719 1063 742 more
1081 719 1171 754 prac-

422 761 565 796 staudam
590 760 742 795 miseruut
770 767 920 796 oratores,
947 757 1171 792 admonuimus

423 812 461 846 de
480 809 668 845 celebrando
683 808 819 855 generali
836 808 981 844 concilio.
1002 806 1104 854 deque
1117 820 1172 842 ex—

424 859 582 908 peditione
605 860 635 894 iu
660 858 796 906 perfidos
821 857 939 892 Turcas
965 857 1172 892 conciliariter

423 909 634 954 decernenda,
660 907 850 944 assumenda
877 917 908 942 et
937 906 1173 953 prosequenda?

422 959 546 1003 Nonne,
561 959 661 1006 primo
673 958 872 1006 pontificatus
888 957 984 992 nostri
1001 964 1066 991 toto
1082 956 1172 991 bieu-

423 1010 488 1049 nio,
507 1009 694 1044 christianos
711 1016 890 1055 potentatus
914 1018 1023 1053 pacare
1046 1006 1174 1041 studui-

425 1071 507 1098 mus,
526 1067 569 1098 ut,
585 1057 761 1093 conciliatis
783 1058 909 1096 animis,
925 1055 1095 1091 concilium
1112 1056 1173 1090 ini-

425 1110 530 1144 retur?
558 1108 641 1150 Quid
670 1107 748 1142 ultra
779 1107 879 1142 facere
907 1106 1100 1150 debuimus,
1123 1114 1173 1141 aut

425 1158 603 1206 potuimus,
626 1157 663 1193 ad
687 1157 912 1192 restituendam
937 1155 1098 1190 Ecclesiae
1126 1168 1173 1203 pa-

424 1220 507 1250 cem,
527 1206 610 1255 quod
627 1207 852 1242 omiserimus?
873 1206 965 1240 Novit
985 1206 1052 1252 ipse
1073 1205 1176 1240 cardi-

426 1258 516 1302 nalis,
530 1258 584 1305 qui
598 1257 691 1292 edicti
707 1269 760 1292 seu
785 1256 962 1291 indictionis
983 1255 1175 1295 huiusmodi,

426 1316 456 1342 et
473 1315 691 1343 contentorum
709 1307 738 1341 in
762 1318 810 1346 ea,
828 1318 861 1340 sc
888 1305 1028 1352 aurigam
1047 1304 1176 1352 profite—

427 1366 488 1402 tur,
501 1365 531 1393 et
543 1357 620 1392 clavi
644 1356 873 1391 moderatorem
897 1356 1065 1403 praedicat,
1083 1354 1176 1402 quid-

429 1419 498 1441 nam
521 1419 538 1442 a
562 1406 652 1442 uobis
678 1405 821 1441 habuerit
842 1406 872 1440 iu
901 1405 1074 1449 mandatis,
1103 1416 1175 1440 cum

428 1456 465 1491 ad
479 1456 697 1492 Romanorum
721 1456 941 1503 imperatorem
958 1454 1107 1495 electum,
1124 1466 1177 1501 per

429 1506 605 1541 universam
632 1504 832 1541 Germaniam
862 1504 948 1539 illum
978 1513 1119 1539 nostrum
1147 1513 1175 1538 et

429 1555 860 1602 sanctaeSedisApostolicae
871 1555 1006 1601 legatum
1022 1554 1175 1588 misimus.

428 1604 651 1641 Communicet
674 1604 722 1640 illa
747 1604 894 1640 fratribus
917 1605 1002 1648 suis,
1026 1604 1078 1651 qui
1105 1616 1175 1639 cum

431 1655 483 1691 illo
504 1655 620 1691 sentire
647 1655 807 1696 ridentum
839 1655 975 1702 proferat
1002 1654 1119 1688 monita
1147 1653 1176 1688 in

430 1706 554 1753 scriptis
582 1705 623 1740 illi
653 1705 782 1745 tradita,
805 1713 891 1741 certo
913 1704 1032 1740 certius
1059 1711 1088 1738 et
1110 1704 1178 1738 luce

432 1755 599 1791 meridiana
620 1754 734 1790 clarius
754 1755 813 1790 erit
831 1754 912 1790 lianc
926 1754 1105 1789 indictionis
1121 1753 1177 1789 de-

431 1805 640 1852 sperationem
660 1805 700 1840 de
720 1804 910 1840 celebrando
926 1817 941 1840 a
957 1803 1048 1838 nobis
1070 1804 1180 1838 couci-

433 1855 486 1895 tio,
499 1854 615 1890 nedum
632 1854 730 1890 levem
746 1863 776 1890 et
791 1853 991 1899 inancm,sed
1009 1854 1128 1893 salsam,
1144 1854 1180 1887 ir-

433 1905 647 1940 rationabilem
661 1903 952 1952 impossibilemque
970 1903 1076 1937 l'uissc.
1087 1903 1178 1937 Nulla

433 1962 536 1990 nostra
559 1955 650 2002 culpa
678 1966 779 2002 neque
801 1953 834 1988 S.
848 1953 887 1988 R.
905 1954 942 1988 E.
961 1952 1179 1997 cardinalium,

432 2003 525 2040 dilata
546 2013 595 2040 est
620 2004 778 2051 generalis
799 2002 923 2039 concilii
948 2003 1089 2047 indictio,
1103 2014 1181 2037 con-

433 2054 553 2090 vocatio
573 2063 604 2090 et
625 2053 804 2090 celebratio.
827 2052 957 2088 Distulit
979 2052 1056 2087 hacc
1079 2052 1181 2086 infeli-

433 2108 508 2144 citas
524 2116 713 2156 temporum,
727 2119 808 2156 quae
830 2107 890 2142 sub
911 2106 1021 2141 codem
1045 2105 1181 2140 Alexan-

433 2161 501 2203 dro,
532 2161 775 2213 praedecessore
799 2170 916 2205 nostro,
943 2173 1053 2196 vexare
1078 2161 1181 2208 coepit

433 2215 550 2252 ltaliam
565 2223 596 2252 et
609 2216 714 2252 adhuc
735 2228 847 2252 vexare
869 2228 933 2251 nou
949 2223 1061 2253 cessat,
1083 2223 1113 2249 ct
1133 2215 1182 2249 in-

433 2279 520 2306 stans
539 2271 708 2307 necessitas
722 2269 929 2318 recuperandi
953 2279 1049 2305 terras
1064 2277 1093 2303 et
1115 2269 1180 2303 iura

434 2325 576 2360 eiusdem
590 2324 752 2361 Romanae
773 2325 944 2361 Ecclesiae.
967 2324 1046 2358 Nam
1064 2336 1181 2371 propo-

434 2379 528 2414 situm
552 2388 695 2414 nostrum
710 2391 839 2427 semper
852 2378 889 2414 ad
904 2378 1026 2414 concilii
1043 2377 1182 2412 celebra-

436 2433 553 2468 tionem
583 2433 854 2481 promptissimum
881 2440 974 2480 atque
1008 2431 1183 2466 intentissi-

437 2500 523 2523 mum
543 2486 610 2522 suit.
631 2487 738 2529 Quare
759 2487 902 2535 spiritum
923 2485 1112 2521 diffidentiae
1128 2485 1183 2519 dc-

438 2550 571 2589 ponant‚
587 2549 616 2577 et
629 2542 670 2578 ita
690 2541 832 2577 huiusm.
845 2541 1018 2577 calumniae
1029 2548 1183 2583 auctores,

439 2597 551 2632 reversi
561 2596 599 2632 ad
615 2608 679 2637 cor,
693 2595 837 2632 mordere
860 2596 1003 2631 desinant
1029 2605 1182 2643 pastorem

439 2660 467 2686 el
501 2658 617 2700 palrem
649 2651 825 2687 &ulularum
855 2663 995 2687 suasum.
1030 2648 1181 2684 Desinant

1212 255 1300 277 ttmtA
1307 255 1372 277 §tiu

1208 309 1299 344 ctiam
1315 307 1496 344 calumniari
1514 308 1622 342 fratres
1633 318 1720 351 suos,
1734 306 1876 342 eiusdem
1890 305 1956 342 Ro-

1210 371 1318 394 manae
1345 357 1502 393 Ecclesiae
1528 356 1712 392 cardinales.

1257 408 1277 455 §
1304 411 1335 442 4.
1360 406 1453 448 Quod
1478 408 1504 441 si
1533 415 1593 440 tam
1612 406 1760 442 ardenter
1783 406 1844 441 illis
1869 406 1954 442 cordi

1209 465 1256 492 est
1291 469 1324 492 sc
1351 465 1444 503 caput
1471 466 1500 491 et
1522 466 1665 491 auctores
1693 455 1847 503 generalis
1873 469 1956 491 cou-

1209 506 1270 541 cilii
1293 507 1497 551 constituere,
1524 506 1597 553 quid
1625 506 1663 541 ad
1683 506 1762 541 lianc
1785 518 1848 541 rem
1876 506 1957 541 facto

1210 568 1290 603 opus
1317 556 1368 597 sit,
1393 557 1479 603 prius
1513 556 1644 590 discant.
1677 555 1851 591 Revolvaut
1877 569 1958 591 san—

1211 614 1332 641 ctorum
1351 614 1472 654 patrum
1495 615 1528 642 et
1549 605 1765 640 Romanorum
1783 606 1860 641 vitas
1872 606 1959 642 Pou-

1212 656 1342 693 tilicum,
1360 664 1390 690 ct
1416 657 1579 704 antiquum
1604 667 1721 690 morem
1747 655 1906 691 indicendi
1929 664 1959 691 et

1211 705 1404 741 convocandi
1427 714 1458 740 et
1476 704 1654 741 celebrandi
1683 705 1874 746 concilium3
1897 714 1960 741 tra-

1212 755 1348 790 ditiones
1370 763 1400 790 et
1428 756 1513 802 leges
1541 767 1636 801 super
1663 754 1712 789 liis
1734 755 1834 790 editas
1861 768 1877 790 a
1900 768 1960 802 pa-

1213 805 1311 840 tribus
1325 805 1506 853 inspiciant,
1519 805 1670 840 videbunt
1687 804 1867 839 huiusmodi
1883 817 1962 840 cou-

1213 855 1283 889 cilia
1310 867 1326 890 a
1360 854 1435 890 solis
1467 855 1620 890 Romanis
1653 854 1860 889 Pontificibus
1893 866 1963 889 esse

1214 904 1342 950 indicta,
1355 914 1385 940 et
1407 905 1494 940 aliter
1516 904 1631 939 indicta
1655 913 1717 939 rata
1740 916 1802 939 non
1826 904 1934 939 fuisse.

1261 959 1277 998 g*
1300 957 1331 989 5.
1360 955 1453 997 Quod
1477 967 1548 990 vero
1571 954 1680 989 attinet
1701 953 1738 989 ad
1761 954 1962 989 constitutio-

1215 1015 1285 1038 uem
1322 1005 1446 1040 concilii
1473 1004 1711 1048 Constantieu.,
1739 1016 1820 1051 quae
1854 1003 1964 1051 incipit

1216 1055 1377 1100 Frequens,
1407 1054 1587 1089 huiusmodi
1605 1082 1612 1092 ,
1647 1065 1684 1090 ea
1717 1053 1754 1088 ad
1783 1053 1963 1100 octuaginta

1215 1116 1314 1139 anuos
1335 1113 1455 1139 servata
1483 1117 1544 1139 non
1572 1104 1640 1143 suit,
1662 1111 1704 1143 et,
1719 1103 1743 1137 si
1759 1111 1878 1138 servata
1895 1103 1965 1146 fuit,

1217 1162 1296 1189 teste
1319 1155 1387 1201 piac
1411 1166 1504 1189 mem.
1528 1153 1673 1200 Eugenio
1697 1152 1781 1200 Papa
1804 1152 1856 1192 IV,
1873 1153 1964 1187 etiam

1217 1204 1456 1250 praedecessore
1490 1212 1611 1247 nostro,
1633 1215 1669 1238 ac
1687 1214 1847 1237 sacrorum
1871 1214 1967 1237 cano-

1217 1266 1292 1288 num
1320 1254 1559 1293 sanctionibus,
1593 1266 1629 1288 ex
1658 1253 1762 1288 causis
1798 1252 1966 1299 praedictis

1217 1315 1283 1338 eam
1299 1303 1385 1338 licuit
1410 1304 1500 1338 uobis
1523 1302 1709 1349 transgrctli3
1732 1311 1773 1341 et,
1800 1302 1885 1349 quod
1903 1302 1967 1337 ἴοι·-

1218 1353 1278 1387 tius
1305 1361 1362 1393 est,
1384 1361 1486 1388 stante
1513 1353 1653 1400 legitimo
1676 1351 1966 1399 impedimento,de

1218 1414 1281 1449 quo
1308 1415 1401 1450 supra
1416 1430 1425 1446 ‚
1447 1415 1515 1438 eam
1539 1403 1642 1438 locum
1663 1414 1724 1437 non
1746 1401 1860 1437 habere
1882 1410 1967 1436 certo

1218 1462 1334 1487 certius
1361 1461 1418 1488 est.

1266 1502 1286 1549 g
1321 1505 1355 1537 6.
1391 1502 1506 1538 Votum
1541 1510 1647 1536 antem
1675 1509 1705 1536 et
1740 1502 1967 1545 iuramentum,

1218 1551 1302 1599 quod
1330 1565 1366 1587 ex
1397 1551 1563 1600 praedictis
1589 1550 1692 1587 causis
1715 1551 1753 1586 de
1776 1551 1842 1586 iure
1877 1550 1968 1585 uobis

1219 1602 1393 1649 transgredi
1418 1602 1558 1638 licuisset
1575 1630 1583 1641 ,
1607 1601 1792 1648 transgressi
1821 1613 1882 1636 non
1910 1613 1967 1636 su-

1220 1665 1309 1693 mus,
1337 1651 1594 1700 quandoquidem
1612 1680 1619 1692 ,
1652 1650 1791 1698 legitimo
1828 1651 1968 1699 impedi-

1219 1711 1326 1737 mento
1354 1702 1482 1744 detenti,
1511 1714 1572 1736 uon
1609 1702 1769 1749 potuimus
1790 1701 1968 1745 observare,

1219 1761 1248 1787 et
1276 1753 1346 1800 quia
1379 1761 1484 1787 votnm
1513 1760 1543 1786 et
1566 1753 1789 1795 iuramentum,
1814 1759 1967 1799 quantum

1219 1803 1257 1836 ad
1281 1802 1361 1837 hanc
1389 1803 1550 1837 materiam
1574 1802 1707 1840 attinet,
1735 1801 1764 1835 iu
1794 1801 1860 1836 foro
1886 1813 1970 1837 con-

1219 1852 1369 1887 scientiae
1392 1859 1564 1895 versantur,
1586 1851 1625 1886 de
1646 1851 1804 1898 aequitate
1819 1851 1969 1886 canonica

1222 1902 1364 1948 purgatio
1387 1914 1492 1936 morae
1518 1913 1644 1948 semper
1671 1901 1856 1935 admittitur.

1269 1956 1284 1995 ξ
1318 1956 1347 1986 7.
1377 1951 1527 1986 Desinant
1565 1950 1654 1985 nobis
1685 1959 1715 1985 et
1745 1950 1892 1985 fratribus
1913 1963 1971 1985 no-

1221 2001 1294 2036 stris
1315 2001 1349 2035 S.
1378 2001 1415 2035 R.
1441 2001 1475 2035 E.
1505 2000 1715 2036 cardinalibus
1748 1999 1969 2047 negligentiam

1223 2050 1414 2097 impingere,
1443 2063 1544 2098 quac,
1572 2058 1606 2085 ut
1639 2050 1860 2097 praemittitur,
1889 2050 1970 2085 nulla

1223 2104 1293 2149 suit,
1315 2113 1357 2145 ct,
1384 2105 1408 2139 si
1436 2117 1496 2152 qua
1533 2104 1653 2146 fuisset,
1689 2103 1765 2151 ipsis
1791 2115 1862 2139 eum
1895 2103 1972 2139 Ate-

1223 2159 1352 2204 xaudro,
1377 2160 1616 2206 praedecessore
1639 2158 1788 2206 praefato,
1814 2166 1845 2194 et
1862 2158 1972 2194 uobis-

1223 2225 1293 2247 cum
1324 2213 1540 2255 maueutibus,
1571 2213 1669 2248 multo
1703 2212 1801 2259 magis
1823 2212 1970 2260 imputari

1225 2276 1339 2314 posset.

1272 2327 1287 2365 ἓ
1309 2326 1341 2357 8.
1364 2322 1458 2368 Quod
1481 2331 1585 2357 autem
1608 2321 1770 2367 docentes,
1797 2322 1880 2357 iuxta
1898 2333 1971 2369 pro—

1226 2377 1346 2422 phetas,
1368 2377 1491 2424 linguas
1513 2389 1585 2412 suas
1607 2376 1691 2424 loqui
1716 2375 1972 2421 mendacium,et

1225 2440 1332 2466 contra
1349 2430 1489 2467 divinum
1506 2439 1708 2478 praeceptum
1723 2431 1873 2466 adversus
1884 2431 1972 2478 priu—

1225 2485 1326 2532 cipem
1348 2485 1455 2533 populi
1473 2486 1520 2520 sui
1537 2485 1771 2530 maledicentes,
1787 2485 1971 2531 confingunt

1226 2539 1254 2573 in
1280 2552 1336 2575 nos
1351 2540 1493 2584 crimina,
1508 2549 1537 2574 et
1556 2551 1589 2574 ea
1613 2538 1753 2586 quidem,
1769 2547 1801 2574 ut
1817 2547 1973 2580 asserunt,

1226 2594 1391 2639 durantia,
1420 2594 1626 2641 gravissima,
1661 2594 1780 2628 notoria
1818 2592 1973 2628 scandali-

1227 2649 1390 2696 zantiaque
1406 2649 1613 2684 universalem
1637 2648 1823 2694 Ecclesiam,
1847 2647 1975 2682 dicuut-

1978 249 2022 276 tn.
2039 248 2068 276 C.
2087 249 2148 277 1511

1987 413 2074 433 luith-ii.»
2089 418 2155 438 gene<

1973 452 1981 465 r
1998 446 2044 464 hum
2055 444 2156 464 concilio-

1973 482 2016 496 rum
2040 477 2064 495 ml
2080 475 2156 494 unma-

1973 513 2020 527 uum
2033 510 2156 526 tantummo-

1974 540 1998 558 do
2024 537 2083 557 Pout.
2107 544 2156 557 vere

1974 572 2064 596 spectat.

1987 960 2097 980 constitut.
2107 964 2162 979 con-

1980 992 2021 1012 cilii
2060 991 2159 1011 Cotistau«

1981 1021 2163 1043 ticusisuouobli'-

1980 1054 2043 1079 gavit,
2060 1053 2163 1074 stantibus

1981 1082 2048 1111 P-nime
2065 1084 2163 1110 tegtttmt:

1982 1114 2144 1143 impedimentffi,

1997 1512 2019 1533 Et
2035 1517 2074 1532 nec
2096 1514 2166 1532 vntum

1983 1550 2022 1564 uec
2038 1545 2140 1564 tui-ament

1993 1957 2170 1983 Negtigenusqne

1986 1989 2045 2008 liuius
2054 1988 2119 2015 Papa*v
2127 1993 2168 2008 nou

1986 2020 2029 2041 iure
2046 2020 2171 2046 praetendi—

1986 2054 2024 2071 lttr.

1994 2326 2104 2348 Maledicta
2118 2331 2183 2355 per-⁸

1987 2365 2058 2387 peram
2080 2361 2100 2379 iu
2124 2364 2169 2380 euru

1987 2390 2130 2417 proteruntur.

2267 1176 2273 1211 ,ἢ
2247 0 2281 1162 *wamwwnmd
