2281 3251
105 277 155 304 An.
173 276 201 303 C.
217 275 282 302 ¹51&

126 1027 155 1049 De
181 1028 290 1055 qualitati-

105 1059 143 1080 bus
162 1064 290 1086 promoven-

106 1090 177 1111 dorum
197 1091 221 1111 ud
242 1091 291 1117 epi-

105 1124 213 1148 scopatum
228 1124 266 1141 etc.

983 279 1044 302 LEO
1067 279 1088 300 x
1117 279 1163 301 111‘.

305 330 468 378 pristinam
502 341 662 364 sacrorum
696 341 852 366 canonum
877 331 1056 368 observan-

305 381 378 415 tiam
402 379 564 418 reducere,
577 390 612 412 ac
635 378 665 412 in
683 379 807 421 melius,
824 381 907 416 iuxta
930 390 1056 417 sancto-

306 442 374 464 rum
398 436 521 475 patrum
545 427 696 469 instituta,
724 429 817 465 dante
845 430 993 475 Domino,
1014 444 1057 466 re-

304 478 449 518 formare,
477 489 576 524 eaque
605 478 722 518 omnia,
745 491 833 514 sacro
862 481 1056 527 approbante

306 527 508 562 Lateranensi
536 526 683 567 coneilio,
707 527 836 562 afclicis
864 530 1056 565 recordatio-

305 577 354 612 nis
381 576 462 611 lulio
483 575 569 622 Papa
592 576 745 621 secundo,
775 578 970 624 praedecess.
994 592 1057 614 no-

304 634 381 671 stro,
405 626 486 660 inter
505 625 563 660 alia
593 635 756 673 propterea
780 627 926 674 incoepto
949 637 979 663 et
1003 641 1059 676 per

305 688 362 710 nos
385 676 581 719 continuam,
598 675 764 710 salubriter
786 676 955 721 moderari,
970 686 1005 712 ut
1021 678 1059 712 ab

305 725 355 760 bis
377 737 541 760 sumamus
564 724 728 759 exordium
747 753 755 770 ,
787 738 866 772 quae
890 739 946 773 pro
974 740 1058 762 nunc

305 775 405 821 magis
439 774 587 822 expedire
616 774 778 816 videntur,
809 776 891 810 etin
919 776 1058 811 Ecclesia

305 825 363 859 Dei
389 825 521 859 maxima
544 824 690 858 scandala
715 833 919 872 pepererunt,
947 838 961 859 a
987 839 1058 872 pro-

307 874 499 909 motionibus
521 873 639 908 scilicet
657 873 695 908 ad
718 874 947 910 ecclesiasticas
963 875 1061 921 digni-

306 932 384 959 tates
406 923 632 958 constituimus
654 923 804 958 exordiri.

354 973 374 1020 g
411 975 442 1007 5.
471 972 552 1008 Cum
582 973 650 1019 piae
681 973 853 1008 memoriae
881 973 1060 1008 Alexander

307 1022 390 1068 Papa
418 1023 541 1063 tertius,
571 1022 795 1069 praedecessor
821 1031 939 1067 noster,
966 1024 1057 1058 etiam

307 1072 337 1106 in
352 1071 558 1107 Lateranensi
580 1072 714 1107 concilio
733 1072 905 1108 decreverit
920 1081 955 1107 ut
973 1081 1059 1117 aetas,

307 1134 430 1157 morum
457 1123 590 1168 gravitas
620 1134 656 1156 ac
688 1121 850 1157 literarum
873 1123 1004 1157 scientia
1029 1123 1057 1156 in

306 1172 448 1218 personis
471 1171 694 1219 promovendis
719 1172 747 1206 in
771 1172 939 1219 episcopos
955 1180 983 1206 et
1003 1172 1059 1207 ab-

307 1221 394 1257 bates
409 1222 576 1267 diligenter
599 1221 809 1267 inquirantur-3
834 1222 975 1269 nihilque
990 1234 1059 1257 ma-

305 1270 352 1317 gis
375 1270 432 1306 Dei
460 1271 622 1306 Ecclesiae
645 1271 771 1312 officiat,
799 1282 892 1317 quam
908 1283 979 1306 cum
999 1272 1059 1305 im-

306 1320 407 1354 meriti
440 1327 646 1355 assumuntur
678 1320 808 1367 praelati
843 1320 881 1355 ad
917 1321 1057 1367 regimen

306 1369 519 1404 ecclesiarum:
543 1368 724 1417 propterea,
748 1370 778 1403 in
806 1370 1059 1416 promotionibus

305 1418 528 1466 praelatorum,
551 1432 685 1467 quarum
708 1431 725 1454 a
748 1418 900 1454 Romanis
925 1419 1058 1455 Pontifi-

305 1468 395 1503 cibus
417 1481 529 1515 magna
553 1469 629 1504 ratio
652 1468 760 1503 haberi
783 1468 888 1510 debet,
911 1482 948 1503 eo
968 1482 1058 1516 prae-

304 1519 410 1553 sertim
433 1518 518 1566 quod
539 1518 578 1553 de
600 1519 753 1565 promotis
782 1531 837 1565 per
858 1531 912 1553 eos
938 1519 976 1553 ad
999 1531 1059 1554 ec-

305 1568 417 1603 clesias
440 1581 495 1603 seu
519 1568 721 1612 monasteria,
745 1569 774 1602 in
804 1576 944 1603 extremo
967 1569 1058 1603 iudi-

305 1617 366 1661 cio,
389 1618 540 1652 rationem
564 1618 717 1652 reddituri
741 1626 826 1662 sunt,
842 1618 1010 1653 statuimus
1029 1628 1058 1653 et

305 1667 490 1702 ordinamus
514 1675 547 1702 ut
568 1667 732 1714 deinceps,
755 1668 915 1715 perpetuis
942 1668 1058 1703 futuris

305 1717 512 1764 temporibus,
536 1717 807 1764 patriarchalibus,
835 1719 1055 1765 metropolita-

304 1767 352 1801 nis
378 1778 414 1802 ac
438 1767 672 1802 cathedralibus
686 1767 828 1801 ecclesiis
850 1775 880 1802 ct
896 1776 1055 1803 monaste-

303 1815 356 1850 riis
381 1828 436 1861 pro
464 1825 606 1863 tempore
628 1817 823 1861 vacantibus,
841 1819 880 1852 de
903 1818 1057 1864 personis,

303 1865 388 1900 iuxta
417 1867 543 1913 praefati
571 1866 742 1901 Alexandri
778 1867 1057 1912 constitutionem,

303 1924 402 1950 aetate
425 1925 554 1957 matura,
576 1917 724 1962 gravitate
747 1929 868 1951 morum
886 1917 1058 1951 literarum-

303 1977 365 2011 que
387 1966 518 2000 scientia
542 1965 703 2013 praeditis,
720 1978 781 2000 non
802 1966 840 2001 ad
860 1966 993 2001 alicuius
1009 1967 1057 2000 in-

304 2015 462 2060 stantiam,
478 2027 533 2062 per
555 2015 774 2050 commendam
798 2024 828 2051 et
854 2016 1056 2051 administra-

305 2064 419 2099 tionem
443 2078 499 2099 seu
522 2066 792 2100 conservationem
821 2073 872 2100 aut
893 2066 954 2100 alio
977 2078 1057 2112 quo-

305 2118 349 2152 vis
371 2118 465 2154 modo
489 2119 699 2166 provideatur,
722 2119 780 2153 nisi
801 2119 919 2154 ratione
941 2120 1057 2154 utilita-

305 2172 343 2207 tis
374 2173 577 2208 ecclesiarum
593 2200 602 2217 ,
630 2172 817 2220 prudentiae
832 2200 841 2218 ,
864 2173 1056 2214 nobilitatis,

305 2226 488 2273 probitatis,
512 2227 726 2274 experientiae
753 2235 846 2274 atque
873 2227 1057 2262 curialitatis

303 2280 461 2327 antiquae,
484 2294 555 2316 eum
570 2281 760 2328 competenti
784 2281 956 2323 literatura,
973 2289 1002 2316 et
1026 2281 1055 2315 in

303 2333 387 2369 Sede
409 2334 590 2382 Apostolica
615 2335 820 2379 meritorum,
843 2335 932 2370 aliter
954 2335 1055 2370 visum

303 2387 397 2423 fuerit
432 2388 622 2424 faciendum.
656 2389 806 2437 Idemque
836 2389 866 2423 in
894 2389 1000 2424 electis
1028 2398 1056 2425 et

303 2443 482 2489 postulatis,
510 2456 643 2491 quorum
667 2444 837 2479 electiones
864 2451 894 2478 ct
922 2443 1055 2490 postula-

303 2497 404 2532 tiones
418 2510 473 2545 per
487 2496 602 2532 Sedem
620 2497 835 2544 Apostolicam
852 2497 971 2532 admitti
986 2510 1055 2533 con-

302 2561 485 2595 sueverunt,
511 2552 658 2587 volumus
680 2551 849 2586 observari.

351 2605 370 2652 ἓ
403 2608 434 2639 4.
464 2606 550 2640 Etsi
580 2606 619 2640 de
653 2605 830 2640 minoribus
861 2613 960 2640 aetate
984 2618 1052 2640 xxx

302 2670 457 2694 annorum
481 2659 621 2695 ecclesiis
645 2667 697 2694 aut
718 2659 916 2695 monasteriis
943 2660 1054 2695 buius-

1729 271 1798 304 605
1865 283 1912 309 An.
1932 283 1960 309 (2.
1982 284 2046 310 istu

1099 333 1181 367 modi
1209 333 1377 379 contigerit
1404 333 1570 380 provideri,
1595 346 1656 369 non
1685 334 1850 382 dispense-
1878 344 2049 365 :limine-tme-

1100 391 1147 416 tur
1174 395 1245 417 cnm
1268 383 1406 427 eisdem,
1430 392 1463 417 ut
1485 384 1627 419 ecelesiis
1650 384 1725 418 citra
1752 397 1847 420 xxvn
1865 377 1973 402 “⁰¹‘⁰'''³‘⁴‘

1098 433 1209 466 aetatis
1228 445 1358 474 annum,
1375 433 1571 467 monasteriis
1587 445 1669 478 vero,
1684 434 1759 468 citra
1776 447 1848 469 xxu

1100 494 1234 527 praeesse
1257 482 1388 516 valeant.

1147 536 1162 573 ‘3'
1185 533 1216 565 5.
1245 531 1442 575 Quinimmo,
1468 539 1499 565 ut
1521 532 1697 566 accuratius
1716 531 1850 578 diligen·
1874 547 2053 568 rr..1.1m.‚-...n.2.

1100 579 1225 626 tiusqnc
1256 581 1374 615 idoncae
1403 592 1554 626 personae
1587 585 2049 630 promoveantur,{32'231¹;,';;⁴,'„‘‚“‚2;

1100 630 1269 663 statuimus
1293 638 1323 663 ut
1340 630 1517 670 cardinalis,
1537 630 1584 665 cui
1609 630 1783 675 electionis,
1802 644 1852 678 po·
1866 626 2004 661 ¹couristoriu-

1101 678 1278 713 stulationis
1309 687 1361 713 aut
1391 679 1577 726 provisionis
1612 679 1770 715 Ecclesiae
1797 693 1851 715 seu

1103 728 1282 762 monasterii
1309 729 1414 762 relatio
1437 729 1661 770 committetur,
1684 738 1850 777 antequam

1103 776 1131 809 in
1154 789 1241 811 sacro
1264 778 1462 822 consistorio,
1487 785 1520 811 ut
1541 779 1637 812 moris
1656 786 1715 822 est,
1741 779 1852 814 referat

1102 827 1357 861 commissionem
1381 828 1534 861 examinis
1556 839 1591 862 ac
1611 827 1771 862 relationis
1794 828 1853 862 bu-

1104 875 1237 910 iusmodi
1261 876 1319 910 sibi
1343 876 1465 917 datam,
1491 877 1543 910 nni
1566 876 1735 911 cuiuslibet
1757 876 1854 911 Ordi-

1103 925 1151 958 nis
1178 925 1344 972 antiquiori
1365 925 1528 969 cardinali,
1553 926 1581 959 in
1607 926 1675 972 ipso
1698 926 1854 961 consisto—

1102 974 1146 1008 rio
1176 987 1230 1021 per
1251 975 1411 1021 seipsum,
1436 975 1494 1015 vel,
1516 975 1541 1009 si
1570 987 1603 1009 ea
1628 975 1689 1019 die,
1712 987 1772 1021 qua
1795 976 1852 1009 sibi

1102 1024 1336 1057 commissionis
1350 1036 1430 1057 onus
1446 1024 1622 1058 iniunctum
1652 1024 1756 1065 suerit,
1776 1037 1854 1059 con-

1102 1072 1262 1108 sistorium
1278 1085 1339 1107 uon
1354 1073 1455 1118 fuerit,
1469 1086 1523 1120 per
1536 1074 1737 1108 secretarium
1760 1087 1852 1108 sunm

1101 1130 1155 1156 ant
1176 1122 1271 1157 alium
1294 1122 1466 1169 quemlibet
1482 1135 1519 1157 ex
1534 1122 1599 1157 suis
1613 1122 1794 1157 domesticis
1810 1124 1854 1158 sa-

1102 1172 1278 1206 miliaribus
1306 1180 1409 1206 notam
1436 1172 1518 1206 illam
1542 1172 1643 1206 facere
1662 1172 1785 1216 debeat,
1800 1172 1852 1219 qui

1102 1228 1164 1256 tres
1188 1223 1309 1268 priores
1336 1221 1406 1255 aliis
1429 1233 1524 1268 quam
1554 1222 1690 1267 primum
1719 1221 1767 1256 sui
1790 1222 1853 1255 Or-

1101 1270 1184 1305 dinis
1206 1270 1418 1305 cardinalibus
1441 1282 1507 1305 eam
1523 1270 1700 1316 significare
1723 1280 1853 1305 tenean-

1102 1328 1163 1363 tur,
1193 1320 1420 1366 negotiumque
1449 1320 1623 1364 electioniS,
1651 1319 1853 1354 administra-

1103 1370 1195 1405 tionis
1250 1369 1509 1417 postulationisve
1547 1377 1601 1403 aut
1647 1369 1853 1415 promotionis

1101 1420 1272 1454 summarie
1291 1427 1321 1454 et
1340 1419 1378 1453 de
1395 1418 1488 1466 plano
1511 1431 1567 1465 per
1588 1418 1727 1465 seipsum
1751 1419 1853 1453 dictus

1102 1469 1216 1504 relator
1238 1469 1406 1510 examinem
1422 1476 1452 1503 et
1473 1468 1497 1503 si
1513 1467 1565 1514 qui
1581 1476 1688 1502 contra
1704 1468 1852 1509 dixerint,

1101 1519 1149 1553 bis
1172 1519 1304 1559 vocatis,
1325 1518 1467 1558 idoneos,
1490 1530 1599 1564 graves
1621 1526 1650 1552 et
1667 1517 1727 1552 lide
1741 1518 1854 1563 dignos

1100 1576 1197 1603 testes
1220 1578 1260 1610 et,
1284 1568 1309 1603 si
1329 1567 1499 1615 expediens
1515 1579 1634 1614 opusve
1657 1567 1759 1607 suerit,
1776 1567 1852 1602 alios

1100 1631 1137 1653 ex
1156 1618 1256 1653 officio
1280 1630 1453 1657 assumere,
1477 1628 1706 1664 processusque
1729 1624 1759 1651 et
1787 1617 1851 1651 iura

1100 1668 1255 1703 eiusmodi
1289 1667 1472 1711 relationis,
1500 1679 1562 1701 una
1585 1678 1656 1700 cum
1685 1666 1775 1700 dictis
1805 1675 1852 1700 te-

1099 1718 1208 1762 stium,
1236 1717 1287 1752 die
1314 1716 1474 1751 faciendae
1495 1716 1656 1750 relationis
1683 1728 1790 1750 secum
1812 1716 1849 1750 ad

1100 1767 1325 1802 consistorium
1349 1766 1471 1801 deferre
1498 1765 1633 1809 debeat,
1662 1777 1765 1812 neque
1787 1765 1851 1799 ullo

1100 1817 1194 1852 modo
1219 1817 1346 1857 referat,
1375 1816 1399 1851 si
1424 1827 1573 1863 praesens
1601 1815 1631 1849 in
1654 1813 1748 1849 Curia
1772 1827 1851 1862 pro-

1100 1866 1279 1902 movendus
1307 1866 1456 1901 maiorem
1490 1864 1695 1900 cardinalium
1731 1872 1848 1910 partem

1099 1925 1189 1951 antea
1219 1929 1280 1950 non
1309 1915 1456 1959 adiverit,
1483 1922 1518 1948 ut
1545 1926 1623 1961 quae
1651 1926 1666 1948 a
1697 1913 1851 1948 referente

1099 1966 1218 2012 collega
1241 1966 1304 2000 sint
1336 1965 1511 2000 cardinales
1543 1964 1701 2003 audituri,
1729 1963 1850 1997 oculata

1101 2015 1182 2057 lide,
1205 2024 1357 2062 quantum
1381 2015 1417 2049 ad
1448 2025 1611 2061 personam
1640 2012 1848 2060 promovendi

1099 2066 1224 2110 attinet,
1252 2075 1444 2111 cognoscere
1472 2063 1602 2111 possint.

1147 2124 1161 2162 ἓ
1191 2121 1222 2153 6.
1253 2119 1420 2154 Promotus
1447 2130 1531 2162 vero,
1555 2115 1680 2151 eosdem
1704 2116 1849 2151 cardina-

1099 2172 1164 2215 les,
1187 2173 1239 2220 qui
1269 2180 1447 2220 praesentes
1475 2172 1504 2205 in
1532 2169 1628 2204 Curia
1657 2169 1784 2211 fuerint,
1812 2182 1848 2204 ex

1099 2227 1229 2275 antiquo
1257 2239 1342 2262 more
1365 2224 1660 2271 consuetudineque
1682 2223 1849 2267 laudabili,

1099 2282 1332 2329 quamprimum
1357 2280 1480 2315 visitare
1494 2286 1648 2320 teneatur,
1668 2290 1760 2325 quem
1777 2278 1850 2324 qui-

1099 2335 1171 2371 dem
1207 2348 1324 2371 morem
1353 2333 1606 2380 laudabilemque
1642 2331 1849 2367 consuetudi-

1100 2402 1170 2424 nem
1186 2390 1371 2424 innovamus
1393 2400 1428 2423 ac
1456 2387 1677 2423 inviolabiliter
1690 2385 1847 2421 observari

1099 2444 1295 2479 mandamus.

1147 2499 1166 2545 g
1195 2501 1226 2532 7.
1249 2498 1287 2532 Et
1306 2497 1453 2544 quoniam
1483 2496 1693 2544 episcopalem
1718 2493 1848 2540 dignita·
1887 2502 2001 2529 Emmaus
2027 2505 2047 2521 et

1099 2560 1160 2587 tem
1186 2552 1261 2587 tueri
1283 2552 1431 2592 illaesam,
1443 2558 1484 2595 et,
1500 2563 1538 2584 ne
1555 2549 1769 2596 improborum
1786 2548 1847 2581 im·
1864 2533 2048 2584 {lll'Zssinffl'csslln'ffl

1098 2605 1346 2653 pugnationibus
1369 2612 1423 2639 aut
1445 2604 1657 2639 accusantium
1682 2601 1848 2636 calumniiS
1863 2594 1934 2618 ¹¹³¹³¹¹⁵‘
1957 2593 2046 2614 ”hum

1099 2661 1213 2707 passim
1239 2666 1351 2706 pateat,
1375 2658 1489 2693 muniri
1519 2669 1573 2705 par
1596 2664 1653 2701 est,
1681 2655 1847 2691 statuimus

1882 2125 1971 2146 Promoti
1995 2126 2048 2145 vin-

1866 2160 1909 2178 tent
1922 2155 2047 2177 viminales.

1863 2625 2007 2647 detensiones.
