2281 3251
243 251 292 276 ΑΒ.
311 252 340 276 (ἲ.
356 251 424 279 ¹⁸65
494 243 560 276 {8⁴
1035 258 1218 280 ticinium„
1259 260 1419 282 nonnisi
2011 263 2061 288 An.
2080 262 2108 289 c.
2125 262 2191 290 tatto

441 306 583 343 bationcs
616 321 714 356 super
736 319 930 346 narratorum
956 311 1082 346 veritate
1106 313 1193 347 reci-
1587 314 1640 350 Ill.

441 362 542 409 piant,
564 372 595 398 et
613 364 715 400 solnm
731 364 833 400 Deum
855 378 927 412 prae
949 366 1050 400 oculis
1073 366 1195 402 liaben-

440 426 505 457 tes,
540 419 626 453 omni
666 419 778 454 timore
815 429 868 455 aut
896 420 1000 454 favore
1031 421 1194 467 deposito,

439 469 652 508 Ecclesiarum
704 473 962 508 indemnitatibus
1002 474 1169 509 consulant
1186 502 1193 513 ,

441 537 509 565 uec.
523 526 553 560 iu
567 526 736 562 laesionem
752 536 804 562 aut
824 527 1049 562 detrimentum
1073 540 1194 571 earum,
1287 550 1438 587 mamm.)
1489 559 1550 579 mm
1585 548 1746 592 recipiam·
1791 547 1907 592 ΘΗΜ-α
1940 558 1994 592 per

439 580 599 615 decretum
633 581 873 628 quomodolibet
905 582 1117 627 interponant.
1290 594 1410 639 papam
1437 596 1572 639 confers-2·
1599 596 1704 635 ,Θηρὼ
1735 609 1796 630 ηοη
1822 598 1992 640 conseram,

487 634 507 680 5
533 637 566 668 2.
595 633 627 669 Si
653 636 725 682 quis
756 644 861 670 antem
885 636 1124 670 commissarius
1149 637 1193 670 vel
1290 643 1463 689 Exulesque
1507 646 1553 678 vel
1583 657 1708 689 poenas,
1733 657 1825 691 supra
1862 646 1995 691 florenos

239 691 422 747 ιζ’·»ἶῐὲζζξςὶῖϊ
438 687 612 734 delegatus,
635 690 848 724 conscientiae
875 703 951 724 suae
975 691 1138 738 prodigus,
1163 692 1192 725 in
1287 705 1351 729 sex,
1377 706 1438 726 non
1466 696 1632 728 remittam.

239 752 358 778 amum..
389 753 421 771 iu·
437 753 604 787 gravamen
628 752 681 777 ant
696 743 921 778 detrimentum
935 743 1117 785 Ecclesiae,
1141 758 1196 792 per

1240 396 1462 430 cubet-naiores
1485 399 1643 432 civitatum
1658 405 1683 431 et
1697 399 1834 432 aliorum
1856 400 1994 433 locorum

1286 446 1392 480 Staius
1405 448 1607 486 ecclesiastici,
1622 459 1749 482 munera
1763 451 1895 493 (praeter
1909 460 1994 482 escu-

1288 496 1369 529 lenta
1404 504 1430 529 et
1462 498 1623 541 poculenta
1650 509 1728 543 qnae
1755 499 1858 531 triduo
1882 509 1994 531 consu-

247 1565 367 1592 Complices
375 1570 426 1590 quo·

239 1601 280 1645 que
291 1597 312 1616 ln
325 1602 362 1615 en
373 1596 425 1615 tncl·

258 2106 279 2125 tu
295 2106 427 2126 comminiu-

245 2136 307 2157 ntbu·
323 2135 363 2157 hoe
379 2139 427 2155 mi.

245 2171 351 2188 inseratur

239 785 325 802 “⁸³²¹
438 795 568 839 gratiam
599 806 651 830 aut
680 797 826 832 timorem
852 797 897 832 vel
920 797 1031 833 sordes
1048 826 1056 842 ⁷
1080 798 1196 834 aliena·
1509 781 1725 813 SUMMARIUM

438 849 512 883 noni
531 852 741 891 consenserit,
763 861 816 886 ani
839 851 1002 888 decretum
1026 853 1071 887 vel
1091 862 1195 888 aneio·
1238 852 1390 883 Munerum
1416 854 1545 893 receptio
1575 854 1651 893 apud
1683 854 1811 885 iustitiae
1833 854 1994 891 officiales,

439 902 561 962 ritatem
601 904 852 953 interposuerit,
901 906 1028 942 inferior
1066 907 1193 955 quidem
1278 897 1640 973 ἑηῶὲξίῃῐῧῧὲῧςεξοὲὲῖῗέ
1659 897 1994 974 Ξειέὲξὲίξῦἰέεῗάρῗὲἓ

437 970 589 1006 episcopo
632 961 820 996 sententiam
853 962 1195 997 excommunicationis
1280 986 1370 1023 hibet,
1398 1003 1437 1009 —
1462 986 1490 1017 2·
1517 986 1549 1017 Εί
1569 987 1659 1018 huius
1687 987 1785 1018 bullae
1807 953 1994 1018 observapmia

440 1011 588 1057 incurrat,
612 1015 784 1062 episcopus
814 1028 887 1050 vero
909 1025 962 1050 aut
982 1016 1129 1062 superior
1156 1016 1196 1050 ab

439 1067 627 1102 executione
654 1069 747 1103 oflicii
779 1083 832 1115 per
867 1082 985 1104 annum
1014 1071 1135 1104 noverit
1162 1083 1195 1104 se

441 1132 656 1168 suspensum,
683 1123 719 1157 ad
755 1124 991 1158 extimationem
1015 1124 1194 1158 detrimenti

441 1173 602 1211 Ecclesiae
628 1178 702 1212 illati
736 1177 946 1213 nihilominus
975 1178 1196 1213 condemnan-

442 1229 512 1273 dus,
535 1231 673 1266 sciturus
699 1231 782 1278 qnod
819 1232 865 1276 si,
894 1232 1105 1279 suspensione
1135 1232 1196 1268 du—

443 1293 541 1329 rante,
555 1284 774 1321 damnabiliter
788 1286 954 1331 ingesserit
974 1298 1006 1320 se
1023 1287 1051 1321 in
1069 1287 1195 1327 divinis,

443 1337 680 1385 irregularitatis
703 1339 816 1388 laqueo
839 1352 872 1374 se
904 1339 1052 1381 involvet,
1088 1353 1102 1374 a
1133 1354 1196 1389 quo

444 1394 569 1428 nonnisi
594 1407 649 1443 per
675 1394 846 1429 Summum
873 1394 1058 1431 Pontificem
1083 1397 1196 1444 poterit

443 1446 580 1483 liberari.

488 1500 510 1548 S
535 1503 565 1536 3.
591 1502 619 1537 ls
648 1515 732 1546 vero,
758 1504 812 1551 qni
836 1503 908 1538 dolo
941 1504 986 1539 vel
1015 1504 1124 1540 l'raude
1144 1514 1197 1541 ant

440 1556 588 1602 scienter,
598 1557 626 1591 in
637 1557 862 1592 detrimentum
879 1556 1109 1604 Ecclesiarum,
1121 1560 1197 1595 alie·

441 1610 600 1645 nationem
617 1610 682 1646 lieri
704 1612 930 1658 procuraverit,
950 1615 1197 1660 autpersordes‚

442 1663 488 1698 vel
518 1664 771 1713 impressionem.
805 1667 1010 1702 alienationis
1033 1669 1196 1704 decretum

441 1720 620 1760 extorserit,
637 1720 774 1755 similem
800 1721 988 1756 sententiam
1009 1734 1198 1758 excommu-

443 1774 609 1809 nicationis
624 1775 774 1813 incurret.
791 1788 805 1809 a
821 1788 880 1822 qua
899 1777 1024 1812 nonnisi
1050 1790 1106 1824 pei·
1124 1776 1198 1812 Ro-

443 1839 570 1862 manum
611 1827 796 1863 Pontificem
839 1831 937 1876 possit
980 1831 1116 1874 absolvi,
1159 1830 1196 1866 ad

444 1882 672 1918 restitutionem
696 1882 905 1918 nihilominus
926 1897 1029 1919 rernm
1048 1885 1198 1920 alienata-

444 1949 510 1970 rum
547 1948 618 1972 cum
648 1937 826 1982 fructibus,
863 1938 1132 1987 quandocumque
1160 1940 1199 1975 de

444 1991 625 2036 praemissis
647 1992 836 2032 constiterit,
860 1992 1134 2028 condemnandus.

493 2048 508 2088 ἓ
534 2046 568 2080 4.
597 2045 753 2081 Volumus
780 2056 885 2082 autem
921 2047 1007 2094 qnod
1037 2046 1128 2094 legati
1169 2056 1198 2082 et

444 2100 653 2136 commissarii
678 2100 827 2149 praedicti
848 2100 887 2136 de
911 2101 1022 2148 poenis
1044 2102 1200 2137 constitu-

446 2153 542 2189 tionis
570 2162 695 2191 nostrae
717 2154 868 2202 specifice
895 2163 1096 2196 moneantur,
1116 2164 1147 2192 et
1169 2157 1198 2191 in

445 2207 702 2257 quibuscumque
737 2210 835 2245 literis
862 2218 892 2245 et
919 2209 1201 2246 commissionibus

447 2262 628 2298 huiusmodi
663 2263 722 2299 lioc
752 2273 903 2300 statutum
935 2272 1077 2298 nostrum
1114 2264 1200 2299 inse-

447 2325 541 2352 ratur.

497 2371 580 2407 Nulli
603 2385 679 2420 ergo
705 2382 755 2407 etc.

497 2425 612 2461 Datum
627 2426 749 2462 Romae
773 2428 857 2475 apud
879 2429 1033 2463 Sanctum
1058 2427 1201 2472 Petrum,

449 2493 532 2516 anno
563 2479 792 2516 incarnationis
820 2481 997 2516 dominicae
1032 2480 1202 2515 millesimo

449 2535 764 2582 quadringentesimo
799 2535 996 2583 sexagesimo
1019 2535 1151 2582 quinto,
1182 2539 1201 2569 5

451 2589 520 2624 idus
543 2590 628 2635 maii,
656 2589 858 2638 pontificatus
878 2590 976 2625 nostri
999 2601 1082 2624 anno
1109 2601 1131 2623 1.

518 2656 579 2687 Dat.
595 2657 643 2689 die
659 2657 692 2687 11
716 2657 783 2687 maii
801 2656 888 2695 1465,
904 2655 1004 2696 pontif.
1021 2665 1098 2686 anno
1114 2663 1132 2685 1.

1279 1030 1314 1060 nl)
1334 1032 1377 1061 eis
1406 1032 1496 1062 iurari
1521 1032 1673 1071 praecipit.
1696 1049 1735 1055 —
1752 1033 1779 1063 3.
1801 1031 1994 1063 Collationem

1278 1076 1441 1106 officiorum
1460 1087 1474 1106 a
1499 1075 1575 1115 Papa
1595 1076 1723 1107 conferri
1752 1077 1906 1107 solitorum
1930 1077 1993 1108 eis-

1278 1121 1344 1151 dem
1373 1121 1531 1156 interdicit.
1554 1137 1592 1144 —
1619 1121 1647 1152 4.
1672 1120 1922 1162 Bannitorumque
1943 1131 1993 1153 re-

1280 1166 1465 1203 missionem,
1483 1182 1522 1189 —
1540 1167 1567 1197 5.
1587 1165 1751 1196 Poenarum
1776 1176 1894 1207 quoque
1919 1176 1994 1198 con-

1280 1209 1479 1240 donationem.
1497 1227 1536 1234 —
1557 1211 1584 1241 6.
1607 1210 1853 1251 Quibuscumque
1872 1210 1996 1242 faculta-

1279 1253 1359 1284 tibus
1391 1255 1544 1286 concessis
1576 1264 1632 1285 non
1665 1254 1862 1286 obstantibus.
1897 1271 1937 1278 —-
1968 1255 1993 1286 7.

1279 1297 1363 1330 lubet
1378 1299 1453 1330 lianc
1470 1299 1580 1330 bullam
1611 1298 1757 1338 publicari
1789 1305 1817 1330 et
1833 1299 1994 1330 observari.

1278 1359 1316 1367 -
1335 1343 1453 1375 Sanctio
1477 1345 1620 1384 poenalis.

1298 1418 1397 1449 Paulus
1416 1420 1559 1457 episcopus
1589 1426 1685 1450 servus
1713 1426 1854 1450 servorum
1872 1419 1934 1453 not,

1375 1474 1409 1503 sd
1441 1474 1569 1504 murm
1610 1474 1652 1504 rei
1688 1474 1859 1504 memoriam.

1289 1550 1418 1587 Munera
1454 1563 1624 1587 excaecare
1671 1550 1782 1587 oculos
1817 1551 1994 1599 sapientum
2023 1563 2133 1588 uun-rum
2157 1571 2196 1588 n-

1240 1608 1270 1636 et
1293 1609 1471 1649 pervertere
1482 1601 1576 1636 corda
1601 1602 1768 1641 iustorum.
1788 1613 1874 1636 sacra
1890 1599 1996 1649 Scrip-
2010 1596 2083 1650 ξῧξιζιζ
2096 1596 2196 1649 'welfi

1241 1660 1308 1685 tura
1332 1659 1473 1686 testatur.
1489 1649 1580 1686 Unde
1597 1650 1648 1686 illc
1661 1649 1817 1696 landatur,
1838 1649 1889 1686 ille
1905 1662 1996 1698 prae-
2010 1658 2050 1685 ¹⁸⁸.
2064 1659 2130 1680 mun·
2140 1658 2196 1680 ml·

1240 1700 1363 1735 dicatur
1386 1700 1509 1741 beatus,
1532 1701 1585 1748 qui
1611 1709 1681 1748 post
1703 1712 1816 1736 aurum
1838 1712 1899 1735 non
1920 1689 2117 1736 abiit⁹‘⁰‘¹“‘¹¹·

1242 1763 1299 1786 nec
1327 1759 1505 1798 argentum,
1527 1760 1557 1785 et
1579 1751 1632 1798 qui
1652 1751 1771 1786 excutit
1794 1762 1907 1785 manus
1921 1762 1996 1786 snas

1240 1800 1280 1836 ab
1295 1801 1379 1835 omni
1393 1813 1537 1841 munere,
1548 1800 1587 1836 de
1602 1812 1666 1848 quo
1682 1798 1833 1848 propheta
1847 1807 1996 1842 testatum

1240 1851 1390 1898 quoniam
1408 1850 1518 1897 ipsein
1542 1849 1675 1885 excelsis
1695 1848 1859 1893 habitabit,
1880 1859 1910 1884 et
1932 1860 1997 1884 mo·

1241 1908 1394 1935 numenta
1429 1912 1576 1935 saxorum
1597 1898 1776 1934 ¹sublimitas
1798 1901 1878 1934 eius.
1902 1897 1996 1942 Quod

1241 1962 1312 1984 cum
1329 1961 1441 1984 omnes
1459 1949 1560 1984 facere
1575 1949 1754 1992 conveniat,
1778 1957 1843 1983 tum
1862 1949 1997 1984 maxime

1241 2011 1365 2035 servare
1387 2007 1510 2046 oportet
1532 1998 1724 2046 apostolicos
1746 1997 1866 2045 legatos
1884 2007 1915 2033 et
1936 2010 1997 2045 gu-

1242 2048 1425 2084 bernatores
1449 2049 1695 2094 provinciarum,
1718 2048 1878 2083 civitatum
1901 2056 1997 2096 atque

1243 2107 1396 2133 terrarum
1419 2097 1583 2133 Romanae
1599 2097 1761 2134 Ecclesiae
1784 2096 1995 2139 subditarum,

1241 2160 1322 2195 quos
1343 2147 1433 2182 dect-t
1456 2149 1570 2183 ceteris
1592 2147 1808 2184 saecularibus
1831 2147 1998 2194 magistra·

1243 2198 1327 2233 tibus
1342 2198 1476 2231 institiae
1499 2206 1530 2232 et
1548 2198 1735 2244 integritatis
1747 2197 1889 2245 exempla
1906 2209 1997 2244 prae·

1244 2247 1328 2292 bere,
1347 2255 1379 2281 ut
1394 2247 1551 2282 avaritiam
1572 2248 1691 2290 odiant,
1707 2255 1738 2282 et
1754 2259 1886 2282 munera
1900 2258 1998 2294 super

1244 2298 1428 2332 innocentes
1451 2309 1512 2333 non
1535 2297 1675 2344 cupiant.
1689 2296 1771 2332 Sane
1785 2296 1823 2332 ad
1841 2303 1997 2337 nostrum,

1245 2360 1306 2382 non
1331 2347 1399 2381 sine
1425 2347 1566 2382 molestia
1588 2346 1699 2390 animi⁷
1729 2346 1870 2393 pervenit
1906 2345 1998 2380 audi-

1245 2405 1333 2440 tum,
1357 2396 1443 2444 qnod
1471 2396 1693 2445 superioribus
1725 2395 1924 2443 temporibus
1950 2395 1999 2430 di-

1246 2447 1324 2482 versi
1358 2455 1498 2482 rectores
1524 2455 1554 2481 et
1589 2445 1818 2492 gubernatores
1845 2453 1999 2480 terrarum

1244 2505 1273 2531 et
1311 2497 1542 2544 provinciarum
1574 2494 1608 2531 S.
1653 2494 1689 2530 R.
1732 2493 1768 2530 E.
1797 2494 1998 2530 subditarum

1244 2555 1274 2581 et
1298 2545 1443 2581 nonnulli
1469 2545 1574 2593 legati,
1610 2545 1703 2580 etiam
1740 2545 1779 2579 de
1819 2543 1929 2588 latere,
1960 2542 2000 2578 ad

1245 2595 1506 2642 gubernationem
1567 2595 1706 2641 ipsarum
1763 2602 1917 2629 terrarum
1970 2601 2001 2628 et

1246 2645 1479 2693 provinciarum
1515 2643 1637 2690 emissi,
1664 2642 1793 2679 solitum
1828 2642 1999 2691 quemdam
