<?xml version="1.0" encoding="UTF-8"?>
<!DOCTYPE html PUBLIC "-//W3C//DTD XHTML 1.0 Transitional//EN"
    "http://www.w3.org/TR/xhtml1/DTD/xhtml1-transitional.dtd">
<html xmlns="http://www.w3.org/1999/xhtml" xml:lang="en" lang="en">
 <head>
  <title>
</title>
<meta http-equiv="Content-Type" content="text/html;charset=utf-8" />
  <meta name='ocr-system' content='tesseract 3.04.00' />
  <meta name='ocr-capabilities' content='ocr_page ocr_carea ocr_par ocr_line ocrx_word'/>
</head>
<body>
  <div class='ocr_page' id='page_1' title='image "./bullarumdiplomat05cath_0707.png"; bbox 0 0 2281 3251; ppageno 0'>
   <div class='ocr_carea' id='block_1_1' title="bbox 72 266 253 295">
    <p class='ocr_par' dir='ltr' id='par_1_1' title="bbox 72 266 253 295">
     <span class='ocr_line' id='line_1_1' title="bbox 72 266 253 295; baseline 0 -1"><span class='ocrx_word' id='word_1_1' title='bbox 72 267 120 295; x_wconf 71' lang='lat' dir='ltr'>An.</span> <span class='ocrx_word' id='word_1_2' title='bbox 138 266 167 294; x_wconf 89' lang='lat' dir='ltr'>C.</span> <span class='ocrx_word' id='word_1_3' title='bbox 184 266 253 295; x_wconf 75' lang='lat'>¹5¹6</span> 
     </span>
    </p>
   </div>
   <div class='ocr_carea' id='block_1_2' title="bbox 67 376 250 461">
    <p class='ocr_par' dir='ltr' id='par_1_2' title="bbox 67 376 250 461">
     <span class='ocr_line' id='line_1_2' title="bbox 76 376 250 400; baseline -0.017 0"><span class='ocrx_word' id='word_1_4' title='bbox 76 378 148 400; x_wconf 84' lang='lat' dir='ltr'>Ordin.</span> <span class='ocrx_word' id='word_1_5' title='bbox 159 380 180 398; x_wconf 78' lang='lat' dir='ltr'>et</span> <span class='ocrx_word' id='word_1_6' title='bbox 192 376 250 397; x_wconf 79' lang='lat' dir='ltr'>Men-</span> 
     </span>
     <span class='ocr_line' id='line_1_3' title="bbox 67 407 249 434; baseline -0.016 -4"><span class='ocrx_word' id='word_1_7' title='bbox 67 409 145 430; x_wconf 73' lang='lat' dir='ltr'>diciint.</span> <span class='ocrx_word' id='word_1_8' title='bbox 160 407 249 434; x_wconf 76' lang='lat' dir='ltr'>benigno</span> 
     </span>
     <span class='ocr_line' id='line_1_4' title="bbox 67 441 204 461; baseline -0.022 0"><span class='ocrx_word' id='word_1_9' title='bbox 67 444 91 461; x_wconf 74' lang='grc' dir='ltr'>ιο</span> <span class='ocrx_word' id='word_1_10' title='bbox 105 441 204 460; x_wconf 73' lang='lat' dir='ltr'>tractent.</span> 
     </span>
    </p>
   </div>
   <div class='ocr_carea' id='block_1_3' title="bbox 4 214 20 1407">
    <p class='ocr_par' dir='ltr' id='par_1_3' title="bbox 4 214 20 1407">
     <span class='ocr_line' id='line_1_5' title="bbox 4 214 20 1407; baseline 0 0"><span class='ocrx_word' id='word_1_11' title='bbox 4 214 20 1407; x_wconf 95' lang='lat' dir='ltr'> </span> 
     </span>
    </p>
   </div>
   <div class='ocr_carea' id='block_1_4' title="bbox 58 1659 240 1712">
    <p class='ocr_par' dir='ltr' id='par_1_4' title="bbox 58 1659 240 1712">
     <span class='ocr_line' id='line_1_6' title="bbox 78 1659 240 1686; baseline 0.006 -7"><span class='ocrx_word' id='word_1_12' title='bbox 78 1659 165 1681; x_wconf 76' lang='lat' dir='ltr'>Sanctio</span> <span class='ocrx_word' id='word_1_13' title='bbox 188 1664 240 1686; x_wconf 72' lang='lat' dir='ltr'>po·-</span> 
     </span>
     <span class='ocr_line' id='line_1_7' title="bbox 58 1690 118 1712; baseline -0.017 0"><span class='ocrx_word' id='word_1_14' title='bbox 58 1690 118 1712; x_wconf 77' lang='lat' dir='ltr'>natis.</span> 
     </span>
    </p>
   </div>
   <div class='ocr_carea' id='block_1_5' title="bbox 59 2606 244 2660">
    <p class='ocr_par' dir='ltr' id='par_1_5' title="bbox 59 2606 244 2660">
     <span class='ocr_line' id='line_1_8' title="bbox 73 2606 244 2629; baseline 0.012 -2"><span class='ocrx_word' id='word_1_15' title='bbox 73 2606 154 2628; x_wconf 78' lang='lat' dir='ltr'>Relatio</span> <span class='ocrx_word' id='word_1_16' title='bbox 175 2608 244 2629; x_wconf 76' lang='lat' dir='ltr'>dictae</span> 
     </span>
     <span class='ocr_line' id='line_1_9' title="bbox 59 2637 136 2660; baseline 0 -2"><span class='ocrx_word' id='word_1_17' title='bbox 59 2637 136 2660; x_wconf 67' lang='lat' dir='ltr'>hulten.</span> 
     </span>
    </p>
   </div>
   <div class='ocr_carea' id='block_1_6' title="bbox 939 265 1124 289">
    <p class='ocr_par' dir='ltr' id='par_1_6' title="bbox 939 265 1124 289">
     <span class='ocr_line' id='line_1_10' title="bbox 939 265 1124 289; baseline 0.005 -1"><span class='ocrx_word' id='word_1_18' title='bbox 939 265 1001 289; x_wconf 85' lang='lat' dir='ltr'>LEO</span> <span class='ocrx_word' id='word_1_19' title='bbox 1029 267 1045 288; x_wconf 73' lang='grc' dir='ltr'><strong>Χ</strong></span> <span class='ocrx_word' id='word_1_20' title='bbox 1073 267 1124 289; x_wconf 86' lang='lat' dir='ltr'>PP-</span> 
     </span>
    </p>
   </div>
   <div class='ocr_carea' id='block_1_7' title="bbox 253 319 1013 1989">
    <p class='ocr_par' dir='ltr' id='par_1_7' title="bbox 253 319 1013 1654">
     <span class='ocr_line' id='line_1_11' title="bbox 313 319 1013 369; baseline -0.001 -13"><span class='ocrx_word' id='word_1_21' title='bbox 313 321 333 369; x_wconf 64' lang='grc' dir='ltr'><strong>ἓ</strong></span> <span class='ocrx_word' id='word_1_22' title='bbox 359 323 415 356; x_wconf 79' lang='lat'>22.</span> <span class='ocrx_word' id='word_1_23' title='bbox 438 320 574 356; x_wconf 82' lang='lat' dir='ltr'>Eosdem</span> <span class='ocrx_word' id='word_1_24' title='bbox 605 320 733 366; x_wconf 82' lang='lat' dir='ltr'>insuper</span> <span class='ocrx_word' id='word_1_25' title='bbox 751 319 871 363; x_wconf 71' lang='lat' dir='ltr'>fratres,</span> <span class='ocrx_word' id='word_1_26' title='bbox 900 321 929 355; x_wconf 92' lang='lat' dir='ltr'>in</span> <span class='ocrx_word' id='word_1_27' title='bbox 959 321 1013 355; x_wconf 90' lang='lat' dir='ltr'>vir-</span> 
     </span>
     <span class='ocr_line' id='line_1_12' title="bbox 265 369 1010 410; baseline -0.001 -5"><span class='ocrx_word' id='word_1_28' title='bbox 265 379 329 406; x_wconf 88' lang='lat' dir='ltr'>tute</span> <span class='ocrx_word' id='word_1_29' title='bbox 345 378 469 406; x_wconf 88' lang='lat' dir='ltr'>sanctae</span> <span class='ocrx_word' id='word_1_30' title='bbox 492 369 702 410; x_wconf 81' lang='lat' dir='ltr'>obedientiae,</span> <span class='ocrx_word' id='word_1_31' title='bbox 719 383 885 405; x_wconf 85' lang='lat' dir='ltr'>monemus</span> <span class='ocrx_word' id='word_1_32' title='bbox 902 379 933 404; x_wconf 93' lang='lat' dir='ltr'>ut</span> <span class='ocrx_word' id='word_1_33' title='bbox 947 383 1010 405; x_wconf 86' lang='lat' dir='ltr'>cos-</span> 
     </span>
     <span class='ocr_line' id='line_1_13' title="bbox 264 419 1010 466; baseline 0 -12"><span class='ocrx_word' id='word_1_34' title='bbox 264 421 334 456; x_wconf 92' lang='lat' dir='ltr'>dem</span> <span class='ocrx_word' id='word_1_35' title='bbox 362 420 528 466; x_wconf 83' lang='lat' dir='ltr'>episcopos</span> <span class='ocrx_word' id='word_1_36' title='bbox 558 419 626 454; x_wconf 90' lang='lat' dir='ltr'>loco</span> <span class='ocrx_word' id='word_1_37' title='bbox 649 427 829 454; x_wconf 89' lang='lat' dir='ltr'>sanctoruni</span> <span class='ocrx_word' id='word_1_38' title='bbox 852 420 1010 466; x_wconf 84' lang='lat' dir='ltr'>apostolo-</span> 
     </span>
     <span class='ocr_line' id='line_1_14' title="bbox 263 468 1011 516; baseline 0 -12"><span class='ocrx_word' id='word_1_39' title='bbox 263 483 331 504; x_wconf 88' lang='lat' dir='ltr'>rum</span> <span class='ocrx_word' id='word_1_40' title='bbox 360 469 558 516; x_wconf 81' lang='lat' dir='ltr'>subrogatos,</span> <span class='ocrx_word' id='word_1_41' title='bbox 579 481 634 516; x_wconf 91' lang='lat' dir='ltr'>pro</span> <span class='ocrx_word' id='word_1_42' title='bbox 657 468 758 503; x_wconf 81' lang='lat' dir='ltr'>debita</span> <span class='ocrx_word' id='word_1_43' title='bbox 788 477 818 503; x_wconf 90' lang='lat' dir='ltr'>ct</span> <span class='ocrx_word' id='word_1_44' title='bbox 846 478 948 504; x_wconf 87' lang='lat' dir='ltr'>nostra</span> <span class='ocrx_word' id='word_1_45' title='bbox 975 482 1011 504; x_wconf 90' lang='lat' dir='ltr'>ac</span> 
     </span>
     <span class='ocr_line' id='line_1_15' title="bbox 261 518 1009 566; baseline -0.001 -12"><span class='ocrx_word' id='word_1_46' title='bbox 261 519 462 566; x_wconf 82' lang='lat' dir='ltr'>Apostolicae</span> <span class='ocrx_word' id='word_1_47' title='bbox 484 518 578 554; x_wconf 84' lang='lat' dir='ltr'>Sedis</span> <span class='ocrx_word' id='word_1_48' title='bbox 598 519 781 562; x_wconf 74' lang='lat' dir='ltr'>reverentia,</span> <span class='ocrx_word' id='word_1_49' title='bbox 797 531 937 565; x_wconf 81' lang='lat' dir='ltr'>congruo</span> <span class='ocrx_word' id='word_1_50' title='bbox 955 519 1009 554; x_wconf 92' lang='lat' dir='ltr'>lio-</span> 
     </span>
     <span class='ocr_line' id='line_1_16' title="bbox 261 568 1010 603; baseline -0.001 0"><span class='ocrx_word' id='word_1_51' title='bbox 261 580 336 603; x_wconf 83' lang='lat' dir='ltr'>nore</span> <span class='ocrx_word' id='word_1_52' title='bbox 358 577 389 603; x_wconf 86' lang='lat' dir='ltr'>et</span> <span class='ocrx_word' id='word_1_53' title='bbox 416 569 613 603; x_wconf 79' lang='lat' dir='ltr'>convenienti</span> <span class='ocrx_word' id='word_1_54' title='bbox 638 568 833 602; x_wconf 81' lang='lat' dir='ltr'>observantia</span> <span class='ocrx_word' id='word_1_55' title='bbox 859 581 1010 603; x_wconf 82' lang='lat' dir='ltr'>reneren-</span> 
     </span>
     <span class='ocr_line' id='line_1_17' title="bbox 260 617 1010 665; baseline 0.001 -14"><span class='ocrx_word' id='word_1_56' title='bbox 260 625 321 652; x_wconf 87' lang='lat' dir='ltr'>tur.</span> <span class='ocrx_word' id='word_1_57' title='bbox 348 617 437 663; x_wconf 88' lang='lat' dir='ltr'>Ipsos</span> <span class='ocrx_word' id='word_1_58' title='bbox 464 630 589 665; x_wconf 85' lang='lat' dir='ltr'>quoqne</span> <span class='ocrx_word' id='word_1_59' title='bbox 613 617 779 663; x_wconf 71' lang='lat' dir='ltr'>episcopos</span> <span class='ocrx_word' id='word_1_60' title='bbox 800 617 1010 653; x_wconf 80' lang='lat' dir='ltr'>boi-tamurae</span> 
     </span>
     <span class='ocr_line' id='line_1_18' title="bbox 260 667 1010 714; baseline 0.001 -13"><span class='ocrx_word' id='word_1_61' title='bbox 260 679 315 714; x_wconf 88' lang='lat' dir='ltr'>per</span> <span class='ocrx_word' id='word_1_62' title='bbox 349 667 465 702; x_wconf 89' lang='lat' dir='ltr'>viscera</span> <span class='ocrx_word' id='word_1_63' title='bbox 494 667 728 701; x_wconf 79' lang='lat' dir='ltr'>misericordiae</span> <span class='ocrx_word' id='word_1_64' title='bbox 751 667 807 701; x_wconf 90' lang='lat' dir='ltr'>Dei</span> <span class='ocrx_word' id='word_1_65' title='bbox 832 669 928 702; x_wconf 81' lang='lat' dir='ltr'>nostri</span> <span class='ocrx_word' id='word_1_66' title='bbox 958 680 1010 702; x_wconf 89' lang='lat' dir='ltr'>re-</span> 
     </span>
     <span class='ocr_line' id='line_1_19' title="bbox 259 716 1008 764; baseline 0.001 -14"><span class='ocrx_word' id='word_1_67' title='bbox 259 716 417 764; x_wconf 89' lang='lat' dir='ltr'>quirimus</span> <span class='ocrx_word' id='word_1_68' title='bbox 433 725 465 751; x_wconf 91' lang='lat' dir='ltr'>ut</span> <span class='ocrx_word' id='word_1_69' title='bbox 481 717 590 751; x_wconf 84' lang='lat' dir='ltr'>fratres</span> <span class='ocrx_word' id='word_1_70' title='bbox 615 717 700 763; x_wconf 89' lang='lat' dir='ltr'>ipsos</span> <span class='ocrx_word' id='word_1_71' title='bbox 723 716 835 751; x_wconf 78' lang='lat' dir='ltr'>affectu</span> <span class='ocrx_word' id='word_1_72' title='bbox 857 716 1008 751; x_wconf 82' lang='lat' dir='ltr'>benevolo</span> 
     </span>
     <span class='ocr_line' id='line_1_20' title="bbox 259 766 1006 813; baseline 0 -13"><span class='ocrx_word' id='word_1_73' title='bbox 259 775 501 813; x_wconf 76' lang='lat' dir='ltr'>prosequentes,</span> <span class='ocrx_word' id='word_1_74' title='bbox 528 766 708 801; x_wconf 73' lang='lat' dir='ltr'>charitative</span> <span class='ocrx_word' id='word_1_75' title='bbox 739 774 872 800; x_wconf 86' lang='lat' dir='ltr'>tractent</span> <span class='ocrx_word' id='word_1_76' title='bbox 894 779 928 800; x_wconf 84' lang='lat' dir='ltr'>ac</span> <span class='ocrx_word' id='word_1_77' title='bbox 952 767 1006 801; x_wconf 81' lang='lat' dir='ltr'>be·</span> 
     </span>
     <span class='ocr_line' id='line_1_21' title="bbox 259 816 1009 862; baseline 0 -12"><span class='ocrx_word' id='word_1_78' title='bbox 259 817 354 862; x_wconf 83' lang='lat' dir='ltr'>nigne</span> <span class='ocrx_word' id='word_1_79' title='bbox 383 816 516 859; x_wconf 69' lang='lat' dir='ltr'>foveant,</span> <span class='ocrx_word' id='word_1_80' title='bbox 532 828 629 862; x_wconf 78' lang='lat' dir='ltr'>seque</span> <span class='ocrx_word' id='word_1_81' title='bbox 644 816 702 850; x_wconf 90' lang='lat' dir='ltr'>illis</span> <span class='ocrx_word' id='word_1_82' title='bbox 717 816 848 850; x_wconf 86' lang='lat' dir='ltr'>minime</span> <span class='ocrx_word' id='word_1_83' title='bbox 867 816 1009 850; x_wconf 82' lang='lat' dir='ltr'>difficiles</span> 
     </span>
     <span class='ocr_line' id='line_1_22' title="bbox 259 865 1007 912; baseline -0.001 -12"><span class='ocrx_word' id='word_1_84' title='bbox 259 874 311 900; x_wconf 85' lang='lat' dir='ltr'>aut</span> <span class='ocrx_word' id='word_1_85' title='bbox 333 865 429 900; x_wconf 90' lang='lat' dir='ltr'>duros</span> <span class='ocrx_word' id='word_1_86' title='bbox 451 866 496 900; x_wconf 83' lang='lat' dir='ltr'>vel</span> <span class='ocrx_word' id='word_1_87' title='bbox 520 878 675 908; x_wconf 81' lang='lat' dir='ltr'>morosos,</span> <span class='ocrx_word' id='word_1_88' title='bbox 694 866 748 899; x_wconf 89' lang='lat' dir='ltr'>sed</span> <span class='ocrx_word' id='word_1_89' title='bbox 773 866 877 912; x_wconf 88' lang='lat' dir='ltr'>potius</span> <span class='ocrx_word' id='word_1_90' title='bbox 892 865 1007 905; x_wconf 78' lang='lat' dir='ltr'>faciles,</span> 
     </span>
     <span class='ocr_line' id='line_1_23' title="bbox 259 915 1008 962; baseline -0.001 -13"><span class='ocrx_word' id='word_1_91' title='bbox 259 916 372 953; x_wconf 74' lang='lat' dir='ltr'>mites,</span> <span class='ocrx_word' id='word_1_92' title='bbox 396 916 547 962; x_wconf 83' lang='lat' dir='ltr'>propitios</span> <span class='ocrx_word' id='word_1_93' title='bbox 576 916 688 961; x_wconf 82' lang='lat' dir='ltr'>piaque</span> <span class='ocrx_word' id='word_1_94' title='bbox 717 916 933 950; x_wconf 69' lang='lat' dir='ltr'>munificentia</span> <span class='ocrx_word' id='word_1_95' title='bbox 970 915 1008 948; x_wconf 93' lang='lat' dir='ltr'>li-</span> 
     </span>
     <span class='ocr_line' id='line_1_24' title="bbox 259 964 1006 1011; baseline -0.003 -12"><span class='ocrx_word' id='word_1_96' title='bbox 259 964 379 999; x_wconf 90' lang='lat' dir='ltr'>berales</span> <span class='ocrx_word' id='word_1_97' title='bbox 402 965 580 1005; x_wconf 80' lang='lat' dir='ltr'>exliibeant;</span> <span class='ocrx_word' id='word_1_98' title='bbox 603 977 638 999; x_wconf 88' lang='lat' dir='ltr'>ac</span> <span class='ocrx_word' id='word_1_99' title='bbox 662 965 690 998; x_wconf 88' lang='lat' dir='ltr'>in</span> <span class='ocrx_word' id='word_1_100' title='bbox 714 964 861 999; x_wconf 88' lang='lat' dir='ltr'>omnibus</span> <span class='ocrx_word' id='word_1_101' title='bbox 884 964 1006 1011; x_wconf 88' lang='lat' dir='ltr'>praedi-</span> 
     </span>
     <span class='ocr_line' id='line_1_25' title="bbox 259 1014 1007 1062; baseline -0.001 -14"><span class='ocrx_word' id='word_1_102' title='bbox 259 1014 332 1058; x_wconf 77' lang='lat' dir='ltr'>ctis,</span> <span class='ocrx_word' id='word_1_103' title='bbox 358 1023 516 1062; x_wconf 79' lang='lat' dir='ltr'>tamquam</span> <span class='ocrx_word' id='word_1_104' title='bbox 545 1015 574 1048; x_wconf 91' lang='lat' dir='ltr'>in</span> <span class='ocrx_word' id='word_1_105' title='bbox 603 1026 677 1058; x_wconf 67' lang='lat' dir='ltr'>agro</span> <span class='ocrx_word' id='word_1_106' title='bbox 705 1014 863 1048; x_wconf 85' lang='lat' dir='ltr'>dominico</span> <span class='ocrx_word' id='word_1_107' title='bbox 890 1026 1007 1061; x_wconf 87' lang='lat' dir='ltr'>coope-</span> 
     </span>
     <span class='ocr_line' id='line_1_26' title="bbox 258 1063 1008 1111; baseline -0.001 -13"><span class='ocrx_word' id='word_1_108' title='bbox 258 1072 388 1108; x_wconf 75' lang='lat' dir='ltr'>ratores,</span> <span class='ocrx_word' id='word_1_109' title='bbox 407 1076 580 1111; x_wconf 87' lang='lat' dir='ltr'>eorumque</span> <span class='ocrx_word' id='word_1_110' title='bbox 604 1063 719 1098; x_wconf 86' lang='lat' dir='ltr'>laboris</span> <span class='ocrx_word' id='word_1_111' title='bbox 742 1064 921 1110; x_wconf 69' lang='lat' dir='ltr'>participes,</span> <span class='ocrx_word' id='word_1_112' title='bbox 939 1076 1008 1109; x_wconf 90' lang='lat' dir='ltr'>pro-</span> 
     </span>
     <span class='ocr_line' id='line_1_27' title="bbox 259 1113 1005 1160; baseline -0.001 -13"><span class='ocrx_word' id='word_1_113' title='bbox 259 1114 324 1160; x_wconf 85' lang='lat' dir='ltr'>pria</span> <span class='ocrx_word' id='word_1_114' title='bbox 340 1113 531 1160; x_wconf 84' lang='lat' dir='ltr'>benignitate</span> <span class='ocrx_word' id='word_1_115' title='bbox 559 1113 723 1160; x_wconf 75' lang='lat' dir='ltr'>recipiant,</span> <span class='ocrx_word' id='word_1_116' title='bbox 745 1125 917 1159; x_wconf 88' lang='lat' dir='ltr'>eorumque</span> <span class='ocrx_word' id='word_1_117' title='bbox 940 1113 1005 1147; x_wconf 87' lang='lat' dir='ltr'>iura</span> 
     </span>
     <span class='ocr_line' id='line_1_28' title="bbox 258 1161 1007 1208; baseline -0.001 -11"><span class='ocrx_word' id='word_1_118' title='bbox 258 1163 343 1198; x_wconf 92' lang='lat' dir='ltr'>omni</span> <span class='ocrx_word' id='word_1_119' title='bbox 372 1175 443 1197; x_wconf 89' lang='lat' dir='ltr'>cum</span> <span class='ocrx_word' id='word_1_120' title='bbox 467 1163 616 1198; x_wconf 84' lang='lat' dir='ltr'>charitate</span> <span class='ocrx_word' id='word_1_121' title='bbox 643 1161 822 1196; x_wconf 88' lang='lat' dir='ltr'>custodiant</span> <span class='ocrx_word' id='word_1_122' title='bbox 844 1170 936 1208; x_wconf 90' lang='lat' dir='ltr'>atque</span> <span class='ocrx_word' id='word_1_123' title='bbox 956 1161 1007 1196; x_wconf 92' lang='lat' dir='ltr'>de-</span> 
     </span>
     <span class='ocr_line' id='line_1_29' title="bbox 258 1211 1006 1258; baseline 0.001 -13"><span class='ocrx_word' id='word_1_124' title='bbox 258 1212 409 1257; x_wconf 80' lang='lat' dir='ltr'>fendant,</span> <span class='ocrx_word' id='word_1_125' title='bbox 447 1221 479 1247; x_wconf 87' lang='lat' dir='ltr'>iit</span> <span class='ocrx_word' id='word_1_126' title='bbox 511 1221 571 1247; x_wconf 87' lang='lat' dir='ltr'>tam</span> <span class='ocrx_word' id='word_1_127' title='bbox 608 1211 746 1258; x_wconf 88' lang='lat' dir='ltr'>episcopi</span> <span class='ocrx_word' id='word_1_128' title='bbox 775 1223 868 1258; x_wconf 89' lang='lat' dir='ltr'>qnam</span> <span class='ocrx_word' id='word_1_129' title='bbox 897 1211 1006 1246; x_wconf 88' lang='lat' dir='ltr'>fratres</span> 
     </span>
     <span class='ocr_line' id='line_1_30' title="bbox 258 1260 1006 1309; baseline 0.001 -15"><span class='ocrx_word' id='word_1_130' title='bbox 258 1262 382 1307; x_wconf 82' lang='lat' dir='ltr'>praefati</span> <span class='ocrx_word' id='word_1_131' title='bbox 396 1266 540 1309; x_wconf 84' lang='lat' dir='ltr'>(quorum</span> <span class='ocrx_word' id='word_1_132' title='bbox 553 1274 677 1308; x_wconf 78' lang='lat' dir='ltr'>operae,</span> <span class='ocrx_word' id='word_1_133' title='bbox 692 1260 783 1294; x_wconf 83' lang='lat' dir='ltr'>veluti</span> <span class='ocrx_word' id='word_1_134' title='bbox 800 1260 945 1295; x_wconf 87' lang='lat' dir='ltr'>lucernae</span> <span class='ocrx_word' id='word_1_135' title='bbox 960 1273 1006 1295; x_wconf 86' lang='lat' dir='ltr'>ar-</span> 
     </span>
     <span class='ocr_line' id='line_1_31' title="bbox 255 1309 1005 1357; baseline 0.001 -13"><span class='ocrx_word' id='word_1_136' title='bbox 255 1311 366 1346; x_wconf 89' lang='lat' dir='ltr'>dentes</span> <span class='ocrx_word' id='word_1_137' title='bbox 400 1323 495 1356; x_wconf 88' lang='lat' dir='ltr'>supra</span> <span class='ocrx_word' id='word_1_138' title='bbox 531 1323 672 1345; x_wconf 82' lang='lat' dir='ltr'>mensam</span> <span class='ocrx_word' id='word_1_139' title='bbox 696 1309 834 1357; x_wconf 84' lang='lat' dir='ltr'>positae,</span> <span class='ocrx_word' id='word_1_140' title='bbox 857 1310 1005 1345; x_wconf 88' lang='lat' dir='ltr'>omnibus</span> 
     </span>
     <span class='ocr_line' id='line_1_32' title="bbox 254 1359 1004 1406; baseline 0 -13"><span class='ocrx_word' id='word_1_141' title='bbox 254 1359 510 1395; x_wconf 84' lang='lat' dir='ltr'>christifidelibus</span> <span class='ocrx_word' id='word_1_142' title='bbox 532 1360 637 1394; x_wconf 90' lang='lat' dir='ltr'>lumen</span> <span class='ocrx_word' id='word_1_143' title='bbox 657 1359 806 1406; x_wconf 87' lang='lat' dir='ltr'>praebere</span> <span class='ocrx_word' id='word_1_144' title='bbox 826 1359 1004 1403; x_wconf 85' lang='lat' dir='ltr'>debent)ad</span> 
     </span>
     <span class='ocr_line' id='line_1_33' title="bbox 253 1408 1003 1449; baseline 0 -6"><span class='ocrx_word' id='word_1_145' title='bbox 253 1409 310 1443; x_wconf 86' lang='lat' dir='ltr'>Dei</span> <span class='ocrx_word' id='word_1_146' title='bbox 335 1409 472 1449; x_wconf 81' lang='lat' dir='ltr'>laudem,</span> <span class='ocrx_word' id='word_1_147' title='bbox 496 1409 567 1444; x_wconf 86' lang='lat' dir='ltr'>fidei</span> <span class='ocrx_word' id='word_1_148' title='bbox 591 1409 761 1444; x_wconf 78' lang='lat' dir='ltr'>catholicae</span> <span class='ocrx_word' id='word_1_149' title='bbox 783 1408 1003 1443; x_wconf 69' lang='lat' dir='ltr'>exaltationem</span> 
     </span>
     <span class='ocr_line' id='line_1_34' title="bbox 255 1458 1004 1505; baseline 0 -12"><span class='ocrx_word' id='word_1_150' title='bbox 255 1459 507 1505; x_wconf 81' lang='lat' dir='ltr'>populorumque</span> <span class='ocrx_word' id='word_1_151' title='bbox 530 1459 675 1499; x_wconf 82' lang='lat' dir='ltr'>salutem,</span> <span class='ocrx_word' id='word_1_152' title='bbox 698 1458 735 1493; x_wconf 87' lang='lat' dir='ltr'>de</span> <span class='ocrx_word' id='word_1_153' title='bbox 765 1458 875 1492; x_wconf 75' lang='lat' dir='ltr'>virtute</span> <span class='ocrx_word' id='word_1_154' title='bbox 899 1459 928 1493; x_wconf 94' lang='lat' dir='ltr'>in</span> <span class='ocrx_word' id='word_1_155' title='bbox 950 1460 1004 1493; x_wconf 70' lang='lat' dir='ltr'>vir-</span> 
     </span>
     <span class='ocr_line' id='line_1_35' title="bbox 254 1508 1005 1556; baseline 0.003 -15"><span class='ocrx_word' id='word_1_156' title='bbox 254 1516 352 1543; x_wconf 89' lang='lat' dir='ltr'>tutem</span> <span class='ocrx_word' id='word_1_157' title='bbox 381 1509 555 1556; x_wconf 67' lang='lat' dir='ltr'>proficiant,</span> <span class='ocrx_word' id='word_1_158' title='bbox 577 1521 613 1542; x_wconf 86' lang='lat' dir='ltr'>ae</span> <span class='ocrx_word' id='word_1_159' title='bbox 641 1508 756 1543; x_wconf 77' lang='lat' dir='ltr'>exinde</span> <span class='ocrx_word' id='word_1_160' title='bbox 783 1520 799 1542; x_wconf 91' lang='lat' dir='ltr'>a</span> <span class='ocrx_word' id='word_1_161' title='bbox 828 1508 1005 1554; x_wconf 81' lang='lat' dir='ltr'>largissimo</span> 
     </span>
     <span class='ocr_line' id='line_1_36' title="bbox 255 1557 1005 1604; baseline 0.001 -13"><span class='ocrx_word' id='word_1_162' title='bbox 255 1557 410 1592; x_wconf 90' lang='lat' dir='ltr'>bonorum</span> <span class='ocrx_word' id='word_1_163' title='bbox 463 1559 648 1592; x_wconf 82' lang='lat' dir='ltr'>retributore</span> <span class='ocrx_word' id='word_1_164' title='bbox 686 1557 824 1592; x_wconf 89' lang='lat' dir='ltr'>Domino</span> <span class='ocrx_word' id='word_1_165' title='bbox 858 1559 1005 1604; x_wconf 88' lang='lat' dir='ltr'>perennis</span> 
     </span>
     <span class='ocr_line' id='line_1_37' title="bbox 255 1607 919 1654; baseline 0 -13"><span class='ocrx_word' id='word_1_166' title='bbox 255 1607 334 1641; x_wconf 85' lang='lat' dir='ltr'>vitae</span> <span class='ocrx_word' id='word_1_167' title='bbox 357 1608 529 1652; x_wconf 86' lang='lat' dir='ltr'>praemium</span> <span class='ocrx_word' id='word_1_168' title='bbox 553 1608 704 1654; x_wconf 81' lang='lat' dir='ltr'>consequi</span> <span class='ocrx_word' id='word_1_169' title='bbox 728 1615 919 1642; x_wconf 88' lang='lat' dir='ltr'>mereantur.</span> 
     </span>
    </p>

    <p class='ocr_par' dir='ltr' id='par_1_8' title="bbox 304 1656 572 1701">
     <span class='ocr_line' id='line_1_38' title="bbox 304 1656 572 1701; baseline 0 -10"><span class='ocrx_word' id='word_1_170' title='bbox 304 1656 388 1691; x_wconf 84' lang='lat' dir='ltr'>Nulli</span> <span class='ocrx_word' id='word_1_171' title='bbox 418 1669 492 1701; x_wconf 76' lang='lat' dir='ltr'>ergo</span> <span class='ocrx_word' id='word_1_172' title='bbox 519 1665 572 1691; x_wconf 83' lang='lat' dir='ltr'>etc.</span> 
     </span>
    </p>

    <p class='ocr_par' dir='ltr' id='par_1_9' title="bbox 255 1705 1007 1989">
     <span class='ocr_line' id='line_1_39' title="bbox 303 1705 1004 1753; baseline 0 -13"><span class='ocrx_word' id='word_1_173' title='bbox 303 1705 420 1741; x_wconf 90' lang='lat' dir='ltr'>Datum</span> <span class='ocrx_word' id='word_1_174' title='bbox 444 1706 563 1741; x_wconf 84' lang='lat' dir='ltr'>Romae</span> <span class='ocrx_word' id='word_1_175' title='bbox 587 1707 616 1740; x_wconf 89' lang='lat' dir='ltr'>in</span> <span class='ocrx_word' id='word_1_176' title='bbox 643 1706 768 1753; x_wconf 85' lang='lat' dir='ltr'>publica</span> <span class='ocrx_word' id='word_1_177' title='bbox 796 1706 951 1751; x_wconf 73' lang='lat' dir='ltr'>sessione,</span> <span class='ocrx_word' id='word_1_178' title='bbox 974 1707 1004 1740; x_wconf 91' lang='lat' dir='ltr'>in</span> 
     </span>
     <span class='ocr_line' id='line_1_40' title="bbox 256 1756 1007 1791; baseline -0.001 -1"><span class='ocrx_word' id='word_1_179' title='bbox 256 1756 457 1790; x_wconf 87' lang='lat' dir='ltr'>Lateraueiisi</span> <span class='ocrx_word' id='word_1_180' title='bbox 486 1766 682 1791; x_wconf 82' lang='lat' dir='ltr'>sacrosancta</span> <span class='ocrx_word' id='word_1_181' title='bbox 711 1756 835 1790; x_wconf 87' lang='lat' dir='ltr'>basilica</span> <span class='ocrx_word' id='word_1_182' title='bbox 859 1756 1007 1790; x_wconf 88' lang='lat' dir='ltr'>solemni-</span> 
     </span>
     <span class='ocr_line' id='line_1_41' title="bbox 255 1805 1006 1849; baseline -0.001 -10"><span class='ocrx_word' id='word_1_183' title='bbox 255 1814 302 1840; x_wconf 89' lang='lat' dir='ltr'>ter</span> <span class='ocrx_word' id='word_1_184' title='bbox 335 1805 502 1849; x_wconf 78' lang='lat' dir='ltr'>celebrata,</span> <span class='ocrx_word' id='word_1_185' title='bbox 530 1818 612 1840; x_wconf 89' lang='lat' dir='ltr'>aiiiio</span> <span class='ocrx_word' id='word_1_186' title='bbox 645 1805 872 1840; x_wconf 85' lang='lat' dir='ltr'>lncarnaiioiiis</span> <span class='ocrx_word' id='word_1_187' title='bbox 900 1805 1006 1839; x_wconf 90' lang='lat' dir='ltr'>donii-</span> 
     </span>
     <span class='ocr_line' id='line_1_42' title="bbox 255 1854 1006 1902; baseline 0.001 -13"><span class='ocrx_word' id='word_1_188' title='bbox 255 1856 344 1890; x_wconf 88' lang='lat' dir='ltr'>nicae</span> <span class='ocrx_word' id='word_1_189' title='bbox 377 1855 545 1890; x_wconf 84' lang='lat' dir='ltr'>millesimo</span> <span class='ocrx_word' id='word_1_190' title='bbox 577 1855 831 1902; x_wconf 77' lang='lat' dir='ltr'>quingentesimo</span> <span class='ocrx_word' id='word_1_191' title='bbox 859 1854 1006 1890; x_wconf 82' lang='lat' dir='ltr'>sextode-</span> 
     </span>
     <span class='ocr_line' id='line_1_43' title="bbox 255 1905 1006 1952; baseline 0 -13"><span class='ocrx_word' id='word_1_192' title='bbox 255 1905 355 1945; x_wconf 73' lang='lat' dir='ltr'>cimo,</span> <span class='ocrx_word' id='word_1_193' title='bbox 379 1917 434 1939; x_wconf 72' lang='lat' dir='ltr'>nv</span> <span class='ocrx_word' id='word_1_194' title='bbox 456 1905 604 1940; x_wconf 78' lang='lat' dir='ltr'>kalendas</span> <span class='ocrx_word' id='word_1_195' title='bbox 627 1905 769 1946; x_wconf 80' lang='lat' dir='ltr'>ianuarii,</span> <span class='ocrx_word' id='word_1_196' title='bbox 806 1905 1006 1952; x_wconf 80' lang='lat' dir='ltr'>pontificatus</span> 
     </span>
     <span class='ocr_line' id='line_1_44' title="bbox 256 1964 529 1989; baseline -0.004 0"><span class='ocrx_word' id='word_1_197' title='bbox 256 1964 351 1989; x_wconf 80' lang='lat' dir='ltr'>nostri</span> <span class='ocrx_word' id='word_1_198' title='bbox 380 1967 463 1989; x_wconf 90' lang='lat' dir='ltr'>anno</span> <span class='ocrx_word' id='word_1_199' title='bbox 486 1967 529 1989; x_wconf 87' lang='lat' dir='ltr'>iv.</span> 
     </span>
    </p>
   </div>
   <div class='ocr_carea' id='block_1_8' title="bbox 284 2016 986 2057">
    <p class='ocr_par' dir='ltr' id='par_1_10' title="bbox 284 2016 986 2057">
     <span class='ocr_line' id='line_1_45' title="bbox 284 2016 986 2057; baseline 0 -11"><span class='ocrx_word' id='word_1_200' title='bbox 284 2016 344 2047; x_wconf 88' lang='lat' dir='ltr'>Dat.</span> <span class='ocrx_word' id='word_1_201' title='bbox 361 2017 408 2047; x_wconf 92' lang='lat' dir='ltr'>die</span> <span class='ocrx_word' id='word_1_202' title='bbox 426 2017 462 2047; x_wconf 84' lang='lat'>19</span> <span class='ocrx_word' id='word_1_203' title='bbox 478 2017 646 2048; x_wconf 85' lang='lat' dir='ltr'>decembris</span> <span class='ocrx_word' id='word_1_204' title='bbox 660 2018 746 2055; x_wconf 73' lang='lat'><strong>1516,</strong></span> <span class='ocrx_word' id='word_1_205' title='bbox 763 2022 841 2057; x_wconf 89' lang='lat' dir='ltr'>pont.</span> <span class='ocrx_word' id='word_1_206' title='bbox 857 2027 933 2047; x_wconf 88' lang='lat' dir='ltr'>anno</span> <span class='ocrx_word' id='word_1_207' title='bbox 950 2026 986 2047; x_wconf 91' lang='lat' dir='ltr'>1v.</span> 
     </span>
    </p>
   </div>
   <div class='ocr_carea' id='block_1_9' title="bbox 256 2120 1008 2204">
    <p class='ocr_par' dir='ltr' id='par_1_11' title="bbox 256 2120 1008 2204">
     <span class='ocr_line' id='line_1_46' title="bbox 256 2120 1008 2168; baseline 0.005 -14"><span class='ocrx_word' id='word_1_208' title='bbox 256 2120 404 2165; x_wconf 78' lang='lat' dir='ltr'>Sequitur</span> <span class='ocrx_word' id='word_1_209' title='bbox 436 2122 604 2156; x_wconf 76' lang='lat' dir='ltr'>declaratio</span> <span class='ocrx_word' id='word_1_210' title='bbox 636 2123 735 2156; x_wconf 79' lang='lat' dir='ltr'>dictae</span> <span class='ocrx_word' id='word_1_211' title='bbox 772 2124 872 2157; x_wconf 77' lang='lat' dir='ltr'>bullae</span> <span class='ocrx_word' id='word_1_212' title='bbox 904 2124 1008 2168; x_wconf 81' lang='lat' dir='ltr'>quoad</span> 
     </span>
     <span class='ocr_line' id='line_1_47' title="bbox 307 2171 487 2204; baseline 0.006 -1"><span class='ocrx_word' id='word_1_213' title='bbox 307 2171 336 2203; x_wconf 93' lang='lat' dir='ltr'><em>T</em></span> <span class='ocrx_word' id='word_1_214' title='bbox 335 2172 487 2204; x_wconf 81' lang='lat' dir='ltr'>ertiari&#39;os.</span> 
     </span>
    </p>
   </div>
   <div class='ocr_carea' id='block_1_10' title="bbox 257 2245 1008 2388">
    <p class='ocr_par' dir='ltr' id='par_1_12' title="bbox 257 2245 1008 2388">
     <span class='ocr_line' id='line_1_48' title="bbox 528 2245 742 2276; baseline -0.005 0"><span class='ocrx_word' id='word_1_215' title='bbox 528 2245 742 2276; x_wconf 69' lang='lat' dir='ltr'>stutttAntUM</span> 
     </span>
     <span class='ocr_line' id='line_1_49' title="bbox 257 2312 1008 2343; baseline -0.001 0"><span class='ocrx_word' id='word_1_216' title='bbox 257 2312 370 2343; x_wconf 85' lang='lat' dir='ltr'>Relatio</span> <span class='ocrx_word' id='word_1_217' title='bbox 390 2313 483 2343; x_wconf 82' lang='lat' dir='ltr'>dictae</span> <span class='ocrx_word' id='word_1_218' title='bbox 502 2313 610 2342; x_wconf 82' lang='lat' dir='ltr'>bullae.</span> <span class='ocrx_word' id='word_1_219' title='bbox 629 2329 667 2334; x_wconf 94' lang='lat'><strong>—</strong></span> <span class='ocrx_word' id='word_1_220' title='bbox 686 2313 711 2342; x_wconf 91' lang='grc'>1.</span> <span class='ocrx_word' id='word_1_221' title='bbox 734 2312 828 2342; x_wconf 84' lang='lat' dir='ltr'>Causa</span> <span class='ocrx_word' id='word_1_222' title='bbox 851 2312 940 2342; x_wconf 87' lang='lat' dir='ltr'>huius</span> <span class='ocrx_word' id='word_1_223' title='bbox 958 2312 1008 2342; x_wconf 88' lang='lat' dir='ltr'>de-</span> 
     </span>
     <span class='ocr_line' id='line_1_50' title="bbox 296 2357 1008 2388; baseline -0.001 -1"><span class='ocrx_word' id='word_1_224' title='bbox 296 2358 477 2388; x_wconf 84' lang='lat' dir='ltr'>clarationis.</span> <span class='ocrx_word' id='word_1_225' title='bbox 500 2375 539 2380; x_wconf 91' lang='lat'>—-</span> <span class='ocrx_word' id='word_1_226' title='bbox 566 2358 592 2387; x_wconf 71' lang='lat'>⁶2.</span> <span class='ocrx_word' id='word_1_227' title='bbox 616 2357 788 2387; x_wconf 86' lang='lat' dir='ltr'>Declaratio.</span> <span class='ocrx_word' id='word_1_228' title='bbox 809 2374 849 2379; x_wconf 98' lang='lat'><strong>—</strong></span> <span class='ocrx_word' id='word_1_229' title='bbox 866 2358 892 2387; x_wconf 86' lang='lat'>3.</span> <span class='ocrx_word' id='word_1_230' title='bbox 922 2357 1008 2386; x_wconf 89' lang='lat' dir='ltr'>Dero—</span> 
     </span>
    </p>
   </div>
   <div class='ocr_carea' id='block_1_11' title="bbox 296 2403 617 2441">
    <p class='ocr_par' dir='ltr' id='par_1_13' title="bbox 296 2403 617 2441">
     <span class='ocr_line' id='line_1_51' title="bbox 296 2403 617 2441; baseline 0 -9"><span class='ocrx_word' id='word_1_231' title='bbox 296 2403 373 2441; x_wconf 84' lang='lat' dir='ltr'>gatio</span> <span class='ocrx_word' id='word_1_232' title='bbox 392 2403 617 2432; x_wconf 85' lang='lat' dir='ltr'>contrariorum.</span> 
     </span>
    </p>
   </div>
   <div class='ocr_carea' id='block_1_12' title="bbox 306 2478 957 2515">
    <p class='ocr_par' dir='ltr' id='par_1_14' title="bbox 306 2478 957 2515">
     <span class='ocr_line' id='line_1_52' title="bbox 306 2478 957 2515; baseline -0.002 -8"><span class='ocrx_word' id='word_1_233' title='bbox 306 2478 356 2507; x_wconf 76' lang='lat' dir='ltr'>Leo</span> <span class='ocrx_word' id='word_1_234' title='bbox 375 2479 446 2515; x_wconf 78' lang='lat' dir='ltr'>Papa</span> <span class='ocrx_word' id='word_1_235' title='bbox 464 2478 487 2507; x_wconf 83' lang='lat' dir='ltr'>X</span> <span class='ocrx_word' id='word_1_236' title='bbox 508 2479 542 2507; x_wconf 80' lang='lat' dir='ltr'>ad</span> <span class='ocrx_word' id='word_1_237' title='bbox 566 2478 693 2507; x_wconf 80' lang='lat' dir='ltr'>futuram</span> <span class='ocrx_word' id='word_1_238' title='bbox 717 2478 758 2507; x_wconf 79' lang='lat' dir='ltr'>rei</span> <span class='ocrx_word' id='word_1_239' title='bbox 789 2478 957 2507; x_wconf 85' lang='lat' dir='ltr'>memoriam.</span> 
     </span>
    </p>
   </div>
   <div class='ocr_carea' id='block_1_13' title="bbox 259 2550 1009 2738">
    <p class='ocr_par' dir='ltr' id='par_1_15' title="bbox 259 2550 1009 2696">
     <span class='ocr_line' id='line_1_53' title="bbox 306 2550 1006 2598; baseline 0 -12"><span class='ocrx_word' id='word_1_240' title='bbox 306 2551 416 2598; x_wconf 89' lang='lat' dir='ltr'>Nuper</span> <span class='ocrx_word' id='word_1_241' title='bbox 439 2551 469 2585; x_wconf 92' lang='lat' dir='ltr'>in</span> <span class='ocrx_word' id='word_1_242' title='bbox 493 2563 581 2585; x_wconf 89' lang='lat' dir='ltr'>sacro</span> <span class='ocrx_word' id='word_1_243' title='bbox 596 2550 800 2585; x_wconf 87' lang='lat' dir='ltr'>Lateranensi</span> <span class='ocrx_word' id='word_1_244' title='bbox 815 2550 1006 2595; x_wconf 60' lang='lat' dir='ltr'>coucili07in</span> 
     </span>
     <span class='ocr_line' id='line_1_54' title="bbox 259 2600 1009 2647; baseline -0.001 -11"><span class='ocrx_word' id='word_1_245' title='bbox 259 2601 511 2637; x_wconf 80' lang='lat' dir='ltr'>reformationem</span> <span class='ocrx_word' id='word_1_246' title='bbox 527 2600 758 2647; x_wconf 77' lang='lat' dir='ltr'>privilegiorum</span> <span class='ocrx_word' id='word_1_247' title='bbox 773 2601 927 2646; x_wconf 82' lang='lat' dir='ltr'>religiosis</span> <span class='ocrx_word' id='word_1_248' title='bbox 936 2613 1009 2635; x_wconf 91' lang='lat' dir='ltr'>con-</span> 
     </span>
     <span class='ocr_line' id='line_1_55' title="bbox 259 2650 1008 2696; baseline 0 -10"><span class='ocrx_word' id='word_1_249' title='bbox 259 2663 430 2691; x_wconf 81' lang='lat' dir='ltr'>cessoriim,</span> <span class='ocrx_word' id='word_1_250' title='bbox 459 2651 539 2684; x_wconf 70' lang='lat' dir='ltr'>inter</span> <span class='ocrx_word' id='word_1_251' title='bbox 560 2650 617 2683; x_wconf 89' lang='lat' dir='ltr'>alia</span> <span class='ocrx_word' id='word_1_252' title='bbox 642 2650 810 2685; x_wconf 82' lang='lat' dir='ltr'>statuimus</span> <span class='ocrx_word' id='word_1_253' title='bbox 832 2650 916 2696; x_wconf 88' lang='lat' dir='ltr'>quod</span> <span class='ocrx_word' id='word_1_254' title='bbox 939 2650 1008 2686; x_wconf 86' lang='lat' dir='ltr'>fra—</span> 
     </span>
    </p>

    <p class='ocr_par' dir='ltr' id='par_1_16' title="bbox 337 2707 927 2738">
     <span class='ocr_line' id='line_1_56' title="bbox 337 2707 927 2738; baseline -0.002 0"><span class='ocrx_word' id='word_1_255' title='bbox 337 2708 411 2738; x_wconf 72' lang='lat' dir='ltr'>Ball.</span> <span class='ocrx_word' id='word_1_256' title='bbox 434 2707 511 2738; x_wconf 80' lang='lat' dir='ltr'>Rom.</span> <span class='ocrx_word' id='word_1_257' title='bbox 540 2708 593 2737; x_wconf 76' lang='lat' dir='ltr'>t&#39;ol.</span> <span class='ocrx_word' id='word_1_258' title='bbox 618 2707 645 2738; x_wconf 80' lang='lat' dir='ltr'>V.</span> <span class='ocrx_word' id='word_1_259' title='bbox 891 2707 927 2737; x_wconf 81' lang='lat'>87</span> 
     </span>
    </p>
   </div>
   <div class='ocr_carea' id='block_1_14' title="bbox 1025 380 1033 1798">
    <p class='ocr_par' dir='ltr' id='par_1_17' title="bbox 1025 380 1033 1798">
     <span class='ocr_line' id='line_1_57' title="bbox 1025 380 1033 1798; baseline 0 0"><span class='ocrx_word' id='word_1_260' title='bbox 1025 380 1033 1798; x_wconf 95' lang='lat' dir='ltr'> </span> 
     </span>
    </p>
   </div>
   <div class='ocr_carea' id='block_1_15' title="bbox 1685 256 1754 289">
    <p class='ocr_par' dir='ltr' id='par_1_18' title="bbox 1685 256 1754 289">
     <span class='ocr_line' id='line_1_58' title="bbox 1685 256 1754 289; baseline 0 0"><span class='ocrx_word' id='word_1_261' title='bbox 1685 256 1754 289; x_wconf 88' lang='grc'>689</span> 
     </span>
    </p>
   </div>
   <div class='ocr_carea' id='block_1_16' title="bbox 1047 320 1804 2101">
    <p class='ocr_par' dir='ltr' id='par_1_19' title="bbox 1047 320 1804 1694">
     <span class='ocr_line' id='line_1_59' title="bbox 1055 320 1803 362; baseline 0.001 -7"><span class='ocrx_word' id='word_1_262' title='bbox 1055 329 1116 355; x_wconf 87' lang='lat' dir='ltr'>tres</span> <span class='ocrx_word' id='word_1_263' title='bbox 1150 329 1180 356; x_wconf 88' lang='lat' dir='ltr'>et</span> <span class='ocrx_word' id='word_1_264' title='bbox 1214 334 1338 357; x_wconf 89' lang='lat' dir='ltr'>sorores</span> <span class='ocrx_word' id='word_1_265' title='bbox 1371 321 1468 356; x_wconf 78' lang='lat' dir='ltr'>Tei-iii</span> <span class='ocrx_word' id='word_1_266' title='bbox 1503 320 1644 362; x_wconf 87' lang='lat' dir='ltr'>Ordinis,</span> <span class='ocrx_word' id='word_1_267' title='bbox 1679 334 1803 356; x_wconf 90' lang='lat' dir='ltr'>necnon</span> 
     </span>
     <span class='ocr_line' id='line_1_60' title="bbox 1053 370 1804 418; baseline 0 -13"><span class='ocrx_word' id='word_1_268' title='bbox 1053 371 1236 415; x_wconf 77' lang='lat' dir='ltr'>Mantellati,</span> <span class='ocrx_word' id='word_1_269' title='bbox 1248 371 1424 418; x_wconf 73' lang='lat' dir='ltr'>Corrigi;iti‚</span> <span class='ocrx_word' id='word_1_270' title='bbox 1439 371 1664 414; x_wconf 69' lang='lat' dir='ltr'>Pinzoctiarae,</span> <span class='ocrx_word' id='word_1_271' title='bbox 1676 370 1804 406; x_wconf 85' lang='lat' dir='ltr'>Cordel-</span> 
     </span>
     <span class='ocr_line' id='line_1_61' title="bbox 1054 420 1804 468; baseline 0 -14"><span class='ocrx_word' id='word_1_272' title='bbox 1054 420 1103 455; x_wconf 87' lang='lat' dir='ltr'>lati</span> <span class='ocrx_word' id='word_1_273' title='bbox 1128 429 1157 454; x_wconf 84' lang='lat' dir='ltr'>et</span> <span class='ocrx_word' id='word_1_274' title='bbox 1180 422 1228 455; x_wconf 91' lang='lat' dir='ltr'>alii</span> <span class='ocrx_word' id='word_1_275' title='bbox 1253 434 1453 468; x_wconf 83' lang='lat' dir='ltr'>quocumque</span> <span class='ocrx_word' id='word_1_276' title='bbox 1473 421 1600 455; x_wconf 91' lang='lat' dir='ltr'>nomine</span> <span class='ocrx_word' id='word_1_277' title='bbox 1617 421 1804 467; x_wconf 82' lang='lat' dir='ltr'>nuncupati,</span> 
     </span>
     <span class='ocr_line' id='line_1_62' title="bbox 1054 470 1803 517; baseline 0.003 -15"><span class='ocrx_word' id='word_1_278' title='bbox 1054 470 1082 504; x_wconf 92' lang='lat' dir='ltr'>in</span> <span class='ocrx_word' id='word_1_279' title='bbox 1109 471 1241 517; x_wconf 86' lang='lat' dir='ltr'>propriis</span> <span class='ocrx_word' id='word_1_280' title='bbox 1269 471 1416 505; x_wconf 81' lang='lat' dir='ltr'>domibus</span> <span class='ocrx_word' id='word_1_281' title='bbox 1440 470 1633 511; x_wconf 80' lang='lat' dir='ltr'>habitantes,</span> <span class='ocrx_word' id='word_1_282' title='bbox 1656 471 1803 516; x_wconf 83' lang='lat' dir='ltr'>sepultu-</span> 
     </span>
     <span class='ocr_line' id='line_1_63' title="bbox 1053 519 1802 565; baseline 0.001 -12"><span class='ocrx_word' id='word_1_283' title='bbox 1053 532 1137 563; x_wconf 81' lang='lat' dir='ltr'>rain7</span> <span class='ocrx_word' id='word_1_284' title='bbox 1166 520 1216 553; x_wconf 89' lang='lat' dir='ltr'>ubi</span> <span class='ocrx_word' id='word_1_285' title='bbox 1248 520 1419 563; x_wconf 70' lang='lat' dir='ltr'>voluerint7</span> <span class='ocrx_word' id='word_1_286' title='bbox 1446 520 1560 565; x_wconf 77' lang='lat' dir='ltr'>eligere</span> <span class='ocrx_word' id='word_1_287' title='bbox 1589 520 1725 564; x_wconf 83' lang='lat' dir='ltr'>valeant,</span> <span class='ocrx_word' id='word_1_288' title='bbox 1747 519 1802 554; x_wconf 89' lang='lat' dir='ltr'>sed</span> 
     </span>
     <span class='ocr_line' id='line_1_64' title="bbox 1052 569 1803 604; baseline 0.001 -2"><span class='ocrx_word' id='word_1_289' title='bbox 1052 569 1103 602; x_wconf 87' lang='lat' dir='ltr'>die</span> <span class='ocrx_word' id='word_1_290' title='bbox 1126 569 1287 604; x_wconf 84' lang='lat' dir='ltr'>Pascliaiis</span> <span class='ocrx_word' id='word_1_291' title='bbox 1310 579 1429 603; x_wconf 84' lang='lat' dir='ltr'>tantuin</span> <span class='ocrx_word' id='word_1_292' title='bbox 1446 569 1676 603; x_wconf 81' lang='lat' dir='ltr'>Eu‹·hai·istiam</span> <span class='ocrx_word' id='word_1_293' title='bbox 1693 581 1728 603; x_wconf 86' lang='lat' dir='ltr'>ac</span> <span class='ocrx_word' id='word_1_294' title='bbox 1744 569 1803 604; x_wconf 82' lang='lat' dir='ltr'>Ex-</span> 
     </span>
     <span class='ocr_line' id='line_1_65' title="bbox 1053 618 1802 665; baseline 0 -13"><span class='ocrx_word' id='word_1_295' title='bbox 1053 627 1181 652; x_wconf 85' lang='lat' dir='ltr'>tremam</span> <span class='ocrx_word' id='word_1_296' title='bbox 1207 618 1394 653; x_wconf 83' lang='lat' dir='ltr'>Uiictioiiein</span> <span class='ocrx_word' id='word_1_297' title='bbox 1432 628 1614 665; x_wconf 85' lang='lat' dir='ltr'>caeteraque</span> <span class='ocrx_word' id='word_1_298' title='bbox 1654 618 1802 653; x_wconf 86' lang='lat' dir='ltr'>ecclcsia-</span> 
     </span>
     <span class='ocr_line' id='line_1_66' title="bbox 1051 668 1802 711; baseline 0.003 -10"><span class='ocrx_word' id='word_1_299' title='bbox 1051 669 1127 701; x_wconf 72' lang='lat' dir='ltr'>stiia</span> <span class='ocrx_word' id='word_1_300' title='bbox 1151 677 1343 702; x_wconf 68' lang='lat' dir='ltr'>sacramenta</span> <span class='ocrx_word' id='word_1_301' title='bbox 1364 668 1590 711; x_wconf 82' lang='lat' dir='ltr'>(l‘oeiiiteiitiac</span> <span class='ocrx_word' id='word_1_302' title='bbox 1605 677 1802 703; x_wconf 88' lang='lat' dir='ltr'>sacramento</span> 
     </span>
     <span class='ocr_line' id='line_1_67' title="bbox 1051 717 1802 765; baseline 0.003 -15"><span class='ocrx_word' id='word_1_303' title='bbox 1051 717 1212 752; x_wconf 82' lang='lat' dir='ltr'>dumtaxat</span> <span class='ocrx_word' id='word_1_304' title='bbox 1230 722 1372 765; x_wconf 69' lang='lat' dir='ltr'>excepto)</span> <span class='ocrx_word' id='word_1_305' title='bbox 1387 730 1403 752; x_wconf 93' lang='lat' dir='ltr'>a</span> <span class='ocrx_word' id='word_1_306' title='bbox 1426 718 1552 764; x_wconf 85' lang='lat' dir='ltr'>proprio</span> <span class='ocrx_word' id='word_1_307' title='bbox 1574 717 1737 752; x_wconf 86' lang='lat' dir='ltr'>sacerdote</span> <span class='ocrx_word' id='word_1_308' title='bbox 1752 730 1802 752; x_wconf 89' lang='lat' dir='ltr'>re-</span> 
     </span>
     <span class='ocr_line' id='line_1_68' title="bbox 1051 767 1800 814; baseline 0.001 -14"><span class='ocrx_word' id='word_1_309' title='bbox 1051 768 1206 813; x_wconf 71' lang='lat' dir='ltr'>cipei·e‚et</span> <span class='ocrx_word' id='word_1_310' title='bbox 1225 767 1262 801; x_wconf 91' lang='lat' dir='ltr'>ad</span> <span class='ocrx_word' id='word_1_311' title='bbox 1279 779 1386 808; x_wconf 79' lang='lat' dir='ltr'>onera,</span> <span class='ocrx_word' id='word_1_312' title='bbox 1401 780 1482 814; x_wconf 78' lang='lat' dir='ltr'>quae</span> <span class='ocrx_word' id='word_1_313' title='bbox 1499 767 1584 802; x_wconf 86' lang='lat' dir='ltr'>laicis</span> <span class='ocrx_word' id='word_1_314' title='bbox 1602 767 1800 811; x_wconf 82' lang='lat' dir='ltr'>incumbunt,</span> 
     </span>
     <span class='ocr_line' id='line_1_69' title="bbox 1053 816 1802 861; baseline 0.003 -12"><span class='ocrx_word' id='word_1_315' title='bbox 1053 816 1234 861; x_wconf 70' lang='lat' dir='ltr'>peil&#39;creiida</span> <span class='ocrx_word' id='word_1_316' title='bbox 1264 825 1437 851; x_wconf 86' lang='lat' dir='ltr'>teneantur.</span> <span class='ocrx_word' id='word_1_317' title='bbox 1465 817 1505 851; x_wconf 91' lang='lat' dir='ltr'>Et</span> <span class='ocrx_word' id='word_1_318' title='bbox 1534 829 1572 852; x_wconf 90' lang='lat' dir='ltr'>ne</span> <span class='ocrx_word' id='word_1_319' title='bbox 1599 829 1732 851; x_wconf 86' lang='lat' dir='ltr'>censura</span> <span class='ocrx_word' id='word_1_320' title='bbox 1760 817 1802 851; x_wconf 79' lang='lat' dir='ltr'>ri-</span> 
     </span>
     <span class='ocr_line' id='line_1_70' title="bbox 1051 866 1801 910; baseline 0.004 -12"><span class='ocrx_word' id='word_1_321' title='bbox 1051 866 1145 899; x_wconf 78' lang='lat' dir='ltr'>lesrat</span> <span class='ocrx_word' id='word_1_322' title='bbox 1169 866 1391 910; x_wconf 76' lang='lat' dir='ltr'>ecclesiastica7</span> <span class='ocrx_word' id='word_1_323' title='bbox 1405 874 1433 900; x_wconf 87' lang='lat' dir='ltr'>et</span> <span class='ocrx_word' id='word_1_324' title='bbox 1454 867 1583 901; x_wconf 86' lang='lat' dir='ltr'>minoris</span> <span class='ocrx_word' id='word_1_325' title='bbox 1606 866 1801 901; x_wconf 81' lang='lat' dir='ltr'>auctoritatis</span> 
     </span>
     <span class='ocr_line' id='line_1_71' title="bbox 1051 915 1799 962; baseline 0.004 -14"><span class='ocrx_word' id='word_1_326' title='bbox 1051 915 1205 949; x_wconf 67' lang='lat' dir='ltr'>interdicti</span> <span class='ocrx_word' id='word_1_327' title='bbox 1234 917 1388 949; x_wconf 75' lang='lat' dir='ltr'>sententia</span> <span class='ocrx_word' id='word_1_328' title='bbox 1412 925 1587 962; x_wconf 66' lang='lat' dir='ltr'>reputetur,</span> <span class='ocrx_word' id='word_1_329' title='bbox 1612 917 1705 951; x_wconf 88' lang='lat' dir='ltr'>iidem</span> <span class='ocrx_word' id='word_1_330' title='bbox 1726 917 1799 951; x_wconf 91' lang='lat' dir='ltr'>dicti</span> 
     </span>
     <span class='ocr_line' id='line_1_72' title="bbox 1049 964 1800 1000; baseline 0.003 -2"><span class='ocrx_word' id='word_1_331' title='bbox 1049 964 1144 998; x_wconf 84' lang='lat' dir='ltr'>Tertii</span> <span class='ocrx_word' id='word_1_332' title='bbox 1173 965 1302 999; x_wconf 83' lang='lat' dir='ltr'>Ordinis</span> <span class='ocrx_word' id='word_1_333' title='bbox 1337 966 1374 999; x_wconf 87' lang='lat' dir='ltr'>ad</span> <span class='ocrx_word' id='word_1_334' title='bbox 1412 966 1514 999; x_wconf 71' lang='lat' dir='ltr'>diiiiia</span> <span class='ocrx_word' id='word_1_335' title='bbox 1542 966 1697 1000; x_wconf 80' lang='lat' dir='ltr'>audienda</span> <span class='ocrx_word' id='word_1_336' title='bbox 1727 966 1800 1000; x_wconf 92' lang='lat' dir='ltr'>nul-</span> 
     </span>
     <span class='ocr_line' id='line_1_73' title="bbox 1050 1013 1799 1055; baseline 0.004 -8"><span class='ocrx_word' id='word_1_337' title='bbox 1050 1013 1172 1049; x_wconf 84' lang='lat' dir='ltr'>latenus</span> <span class='ocrx_word' id='word_1_338' title='bbox 1207 1014 1423 1055; x_wconf 86' lang='lat' dir='ltr'>admittantur,</span> <span class='ocrx_word' id='word_1_339' title='bbox 1445 1015 1470 1049; x_wconf 85' lang='lat' dir='ltr'>si</span> <span class='ocrx_word' id='word_1_340' title='bbox 1505 1027 1631 1050; x_wconf 88' lang='lat' dir='ltr'>causam</span> <span class='ocrx_word' id='word_1_341' title='bbox 1655 1015 1799 1050; x_wconf 85' lang='lat' dir='ltr'>dederint</span> 
     </span>
     <span class='ocr_line' id='line_1_74' title="bbox 1051 1064 1799 1110; baseline 0.004 -13"><span class='ocrx_word' id='word_1_342' title='bbox 1051 1064 1229 1101; x_wconf 75' lang='lat' dir='ltr'>interdicto,</span> <span class='ocrx_word' id='word_1_343' title='bbox 1254 1065 1299 1098; x_wconf 78' lang='lat' dir='ltr'>rel</span> <span class='ocrx_word' id='word_1_344' title='bbox 1322 1065 1419 1110; x_wconf 87' lang='lat' dir='ltr'>ipsam</span> <span class='ocrx_word' id='word_1_345' title='bbox 1443 1077 1569 1099; x_wconf 86' lang='lat' dir='ltr'>causam</span> <span class='ocrx_word' id='word_1_346' title='bbox 1588 1065 1727 1099; x_wconf 88' lang='lat' dir='ltr'>nutriant</span> <span class='ocrx_word' id='word_1_347' title='bbox 1745 1074 1799 1100; x_wconf 92' lang='lat' dir='ltr'>aut</span> 
     </span>
     <span class='ocr_line' id='line_1_75' title="bbox 1050 1112 1797 1157; baseline 0.003 -11"><span class='ocrx_word' id='word_1_348' title='bbox 1050 1112 1185 1157; x_wconf 70' lang='lat' dir='ltr'>foveant,</span> <span class='ocrx_word' id='word_1_349' title='bbox 1211 1121 1263 1148; x_wconf 90' lang='lat' dir='ltr'>aut</span> <span class='ocrx_word' id='word_1_350' title='bbox 1286 1113 1434 1148; x_wconf 80' lang='lat' dir='ltr'>dantibus</span> <span class='ocrx_word' id='word_1_351' title='bbox 1449 1114 1615 1155; x_wconf 75' lang='lat' dir='ltr'>auxilium,</span> <span class='ocrx_word' id='word_1_352' title='bbox 1631 1114 1797 1148; x_wconf 91' lang='lat' dir='ltr'>consilium</span> 
     </span>
     <span class='ocr_line' id='line_1_76' title="bbox 1049 1162 1797 1210; baseline 0.005 -16"><span class='ocrx_word' id='word_1_353' title='bbox 1049 1162 1094 1195; x_wconf 78' lang='lat' dir='ltr'>vel</span> <span class='ocrx_word' id='word_1_354' title='bbox 1131 1162 1267 1197; x_wconf 85' lang='lat' dir='ltr'>favorem</span> <span class='ocrx_word' id='word_1_355' title='bbox 1296 1175 1423 1210; x_wconf 87' lang='lat' dir='ltr'>quoquo</span> <span class='ocrx_word' id='word_1_356' title='bbox 1446 1163 1540 1198; x_wconf 90' lang='lat' dir='ltr'>modo</span> <span class='ocrx_word' id='word_1_357' title='bbox 1576 1164 1797 1209; x_wconf 86' lang='lat' dir='ltr'>praestiterint.</span> 
     </span>
     <span class='ocr_line' id='line_1_77' title="bbox 1048 1210 1799 1257; baseline 0.001 -11"><span class='ocrx_word' id='word_1_358' title='bbox 1048 1210 1263 1257; x_wconf 78' lang='lat' dir='ltr'>Collegialitei·</span> <span class='ocrx_word' id='word_1_359' title='bbox 1297 1225 1368 1246; x_wconf 81' lang='lat' dir='ltr'>vero</span> <span class='ocrx_word' id='word_1_360' title='bbox 1393 1213 1532 1247; x_wconf 83' lang='lat' dir='ltr'>viventes</span> <span class='ocrx_word' id='word_1_361' title='bbox 1561 1225 1616 1247; x_wconf 88' lang='lat' dir='ltr'>seu</span> <span class='ocrx_word' id='word_1_362' title='bbox 1652 1213 1680 1246; x_wconf 92' lang='lat' dir='ltr'>in</span> <span class='ocrx_word' id='word_1_363' title='bbox 1709 1213 1799 1247; x_wconf 88' lang='lat' dir='ltr'>clau-</span> 
     </span>
     <span class='ocr_line' id='line_1_78' title="bbox 1048 1262 1799 1308; baseline 0.004 -14"><span class='ocrx_word' id='word_1_364' title='bbox 1048 1262 1196 1296; x_wconf 83' lang='lat' dir='ltr'>stralibus</span> <span class='ocrx_word' id='word_1_365' title='bbox 1221 1262 1408 1302; x_wconf 79' lang='lat' dir='ltr'>habitantes,</span> <span class='ocrx_word' id='word_1_366' title='bbox 1435 1275 1470 1296; x_wconf 93' lang='lat' dir='ltr'>ac</span> <span class='ocrx_word' id='word_1_367' title='bbox 1493 1262 1640 1296; x_wconf 87' lang='lat' dir='ltr'>mulieres</span> <span class='ocrx_word' id='word_1_368' title='bbox 1664 1263 1799 1308; x_wconf 79' lang='lat' dir='ltr'>virgina-</span> 
     </span>
     <span class='ocr_line' id='line_1_79' title="bbox 1048 1310 1799 1356; baseline 0.003 -12"><span class='ocrx_word' id='word_1_369' title='bbox 1048 1310 1107 1344; x_wconf 88' lang='lat' dir='ltr'>lem</span> <span class='ocrx_word' id='word_1_370' title='bbox 1131 1324 1184 1345; x_wconf 81' lang='lat' dir='ltr'>seu</span> <span class='ocrx_word' id='word_1_371' title='bbox 1211 1311 1362 1346; x_wconf 87' lang='lat' dir='ltr'>coelibem</span> <span class='ocrx_word' id='word_1_372' title='bbox 1391 1320 1445 1345; x_wconf 83' lang='lat' dir='ltr'>aut</span> <span class='ocrx_word' id='word_1_373' title='bbox 1479 1319 1594 1346; x_wconf 88' lang='lat' dir='ltr'>castam</span> <span class='ocrx_word' id='word_1_374' title='bbox 1618 1311 1773 1346; x_wconf 79' lang='lat' dir='ltr'>vidualem</span> <span class='ocrx_word' id='word_1_375' title='bbox 1790 1340 1799 1356; x_wconf 79' lang='lat'>,</span> 
     </span>
     <span class='ocr_line' id='line_1_80' title="bbox 1048 1360 1798 1406; baseline 0.003 -12"><span class='ocrx_word' id='word_1_376' title='bbox 1048 1372 1197 1406; x_wconf 81' lang='lat' dir='ltr'>expresso</span> <span class='ocrx_word' id='word_1_377' title='bbox 1226 1371 1294 1396; x_wconf 75' lang='lat' dir='ltr'>roto</span> <span class='ocrx_word' id='word_1_378' title='bbox 1320 1370 1350 1395; x_wconf 89' lang='lat' dir='ltr'>et</span> <span class='ocrx_word' id='word_1_379' title='bbox 1373 1361 1432 1395; x_wconf 85' lang='lat' dir='ltr'>sub</span> <span class='ocrx_word' id='word_1_380' title='bbox 1452 1360 1535 1395; x_wconf 91' lang='lat' dir='ltr'>dicto</span> <span class='ocrx_word' id='word_1_381' title='bbox 1557 1360 1680 1403; x_wconf 73' lang='lat' dir='ltr'>habitu,</span> <span class='ocrx_word' id='word_1_382' title='bbox 1704 1362 1798 1396; x_wconf 83' lang='lat' dir='ltr'>vitam</span> 
     </span>
     <span class='ocr_line' id='line_1_81' title="bbox 1047 1410 1799 1457; baseline 0 -13"><span class='ocrx_word' id='word_1_383' title='bbox 1047 1410 1199 1445; x_wconf 76' lang='lat' dir='ltr'>ducentes</span> <span class='ocrx_word' id='word_1_384' title='bbox 1215 1439 1224 1450; x_wconf 91' lang='lat'><em>‚</em></span> <span class='ocrx_word' id='word_1_385' title='bbox 1251 1410 1431 1457; x_wconf 70' lang='lat' dir='ltr'>privilegiis,</span> <span class='ocrx_word' id='word_1_386' title='bbox 1455 1410 1571 1456; x_wconf 83' lang='lat' dir='ltr'>quibus</span> <span class='ocrx_word' id='word_1_387' title='bbox 1598 1410 1707 1445; x_wconf 80' lang='lat' dir='ltr'>fratres</span> <span class='ocrx_word' id='word_1_388' title='bbox 1730 1411 1799 1446; x_wconf 86' lang='lat' dir='ltr'>Or·—</span> 
     </span>
     <span class='ocr_line' id='line_1_82' title="bbox 1047 1460 1799 1507; baseline 0 -13"><span class='ocrx_word' id='word_1_389' title='bbox 1047 1461 1141 1503; x_wconf 77' lang='lat' dir='ltr'>diuis,</span> <span class='ocrx_word' id='word_1_390' title='bbox 1165 1461 1255 1495; x_wconf 91' lang='lat' dir='ltr'>cuius</span> <span class='ocrx_word' id='word_1_391' title='bbox 1276 1460 1399 1495; x_wconf 80' lang='lat' dir='ltr'>Tertiae</span> <span class='ocrx_word' id='word_1_392' title='bbox 1423 1460 1565 1506; x_wconf 79' lang='lat' dir='ltr'>Regulae</span> <span class='ocrx_word' id='word_1_393' title='bbox 1589 1460 1730 1495; x_wconf 88' lang='lat' dir='ltr'>liabitiim</span> <span class='ocrx_word' id='word_1_394' title='bbox 1747 1473 1799 1507; x_wconf 83' lang='lat' dir='ltr'>ge-</span> 
     </span>
     <span class='ocr_line' id='line_1_83' title="bbox 1047 1510 1799 1557; baseline 0 -13"><span class='ocrx_word' id='word_1_395' title='bbox 1047 1519 1146 1551; x_wconf 75' lang='lat' dir='ltr'>siant,</span> <span class='ocrx_word' id='word_1_396' title='bbox 1168 1511 1307 1557; x_wconf 81' lang='lat' dir='ltr'>gaudere</span> <span class='ocrx_word' id='word_1_397' title='bbox 1334 1510 1484 1553; x_wconf 75' lang='lat' dir='ltr'>debeant,</span> <span class='ocrx_word' id='word_1_398' title='bbox 1508 1518 1600 1556; x_wconf 88' lang='lat' dir='ltr'>prout</span> <span class='ocrx_word' id='word_1_399' title='bbox 1623 1510 1653 1544; x_wconf 90' lang='lat' dir='ltr'>in</span> <span class='ocrx_word' id='word_1_400' title='bbox 1676 1511 1799 1545; x_wconf 91' lang='lat' dir='ltr'>consti-</span> 
     </span>
     <span class='ocr_line' id='line_1_84' title="bbox 1048 1559 1797 1603; baseline 0 -9"><span class='ocrx_word' id='word_1_401' title='bbox 1048 1560 1167 1595; x_wconf 90' lang='lat' dir='ltr'>tutione</span> <span class='ocrx_word' id='word_1_402' title='bbox 1194 1560 1267 1594; x_wconf 89' lang='lat' dir='ltr'>dicti</span> <span class='ocrx_word' id='word_1_403' title='bbox 1291 1560 1512 1594; x_wconf 83' lang='lat' dir='ltr'>Lateranensis</span> <span class='ocrx_word' id='word_1_404' title='bbox 1528 1559 1665 1603; x_wconf 74' lang='lat' dir='ltr'>concilii⁷</span> <span class='ocrx_word' id='word_1_405' title='bbox 1685 1560 1797 1594; x_wconf 86' lang='lat' dir='ltr'>eodem</span> 
     </span>
     <span class='ocr_line' id='line_1_85' title="bbox 1047 1609 1798 1656; baseline -0.001 -12"><span class='ocrx_word' id='word_1_406' title='bbox 1047 1610 1240 1656; x_wconf 84' lang='lat' dir='ltr'>approbante</span> <span class='ocrx_word' id='word_1_407' title='bbox 1255 1610 1401 1653; x_wconf 81' lang='lat' dir='ltr'>concilio,</span> <span class='ocrx_word' id='word_1_408' title='bbox 1421 1609 1556 1656; x_wconf 81' lang='lat' dir='ltr'>desuper</span> <span class='ocrx_word' id='word_1_409' title='bbox 1573 1609 1655 1644; x_wconf 87' lang='lat' dir='ltr'>edita</span> <span class='ocrx_word' id='word_1_410' title='bbox 1671 1609 1798 1656; x_wconf 82' lang='lat' dir='ltr'>plenius</span> 
     </span>
     <span class='ocr_line' id='line_1_86' title="bbox 1047 1667 1234 1694; baseline -0.005 0"><span class='ocrx_word' id='word_1_411' title='bbox 1047 1667 1234 1694; x_wconf 84' lang='lat' dir='ltr'>continetur.</span> 
     </span>
    </p>

    <p class='ocr_par' dir='ltr' id='par_1_20' title="bbox 1047 1708 1800 2101">
     <span class='ocr_line' id='line_1_87' title="bbox 1097 1708 1796 1755; baseline 0.001 -13"><span class='ocrx_word' id='word_1_412' title='bbox 1097 1713 1112 1752; x_wconf 64' lang='grc' dir='ltr'><strong>ξ</strong></span> <span class='ocrx_word' id='word_1_413' title='bbox 1136 1711 1166 1743; x_wconf 87' lang='grc'>1.</span> <span class='ocrx_word' id='word_1_414' title='bbox 1189 1709 1270 1744; x_wconf 91' lang='lat' dir='ltr'>Cum</span> <span class='ocrx_word' id='word_1_415' title='bbox 1294 1717 1423 1752; x_wconf 80' lang='lat' dir='ltr'>autem,</span> <span class='ocrx_word' id='word_1_416' title='bbox 1445 1708 1530 1743; x_wconf 86' lang='lat' dir='ltr'>sieut</span> <span class='ocrx_word' id='word_1_417' title='bbox 1550 1709 1754 1755; x_wconf 73' lang='lat' dir='ltr'>accepimus,</span> <span class='ocrx_word' id='word_1_418' title='bbox 1781 1722 1796 1743; x_wconf 87' lang='lat' dir='ltr'>a</span> 
     </span>
     <span class='ocr_line' id='line_1_88' title="bbox 1047 1758 1795 1805; baseline 0.001 -14"><span class='ocrx_word' id='word_1_419' title='bbox 1047 1758 1237 1805; x_wconf 84' lang='lat' dir='ltr'>quibusdam</span> <span class='ocrx_word' id='word_1_420' title='bbox 1274 1759 1404 1792; x_wconf 90' lang='lat' dir='ltr'>iiiiniuin</span> <span class='ocrx_word' id='word_1_421' title='bbox 1436 1759 1570 1792; x_wconf 88' lang='lat' dir='ltr'>curiosis</span> <span class='ocrx_word' id='word_1_422' title='bbox 1599 1768 1737 1794; x_wconf 88' lang='lat' dir='ltr'>vertatur</span> <span class='ocrx_word' id='word_1_423' title='bbox 1765 1759 1795 1793; x_wconf 91' lang='lat' dir='ltr'>in</span> 
     </span>
     <span class='ocr_line' id='line_1_89' title="bbox 1048 1808 1799 1854; baseline 0.001 -12"><span class='ocrx_word' id='word_1_424' title='bbox 1048 1809 1203 1852; x_wconf 73' lang='lat' dir='ltr'>dubium,</span> <span class='ocrx_word' id='word_1_425' title='bbox 1230 1821 1268 1843; x_wconf 92' lang='lat' dir='ltr'>an</span> <span class='ocrx_word' id='word_1_426' title='bbox 1297 1817 1403 1842; x_wconf 84' lang='lat' dir='ltr'>votum</span> <span class='ocrx_word' id='word_1_427' title='bbox 1428 1808 1622 1854; x_wconf 89' lang='lat' dir='ltr'>praedictum</span> <span class='ocrx_word' id='word_1_428' title='bbox 1657 1809 1694 1843; x_wconf 90' lang='lat' dir='ltr'>de</span> <span class='ocrx_word' id='word_1_429' title='bbox 1729 1817 1799 1843; x_wconf 86' lang='lat' dir='ltr'>voto</span> 
     </span>
     <span class='ocr_line' id='line_1_90' title="bbox 1048 1857 1799 1904; baseline 0.003 -13"><span class='ocrx_word' id='word_1_430' title='bbox 1048 1858 1182 1893; x_wconf 81' lang='lat' dir='ltr'>solemni</span> <span class='ocrx_word' id='word_1_431' title='bbox 1202 1858 1374 1904; x_wconf 77' lang='lat' dir='ltr'>Religionis</span> <span class='ocrx_word' id='word_1_432' title='bbox 1399 1858 1600 1904; x_wconf 77' lang='lat' dir='ltr'>intelligatur,</span> <span class='ocrx_word' id='word_1_433' title='bbox 1625 1870 1695 1892; x_wconf 89' lang='lat' dir='ltr'>cuin</span> <span class='ocrx_word' id='word_1_434' title='bbox 1720 1857 1799 1893; x_wconf 92' lang='lat' dir='ltr'>illud</span> 
     </span>
     <span class='ocr_line' id='line_1_91' title="bbox 1048 1907 1800 1953; baseline 0 -11"><span class='ocrx_word' id='word_1_435' title='bbox 1048 1908 1104 1942; x_wconf 89' lang='lat' dir='ltr'>tria</span> <span class='ocrx_word' id='word_1_436' title='bbox 1127 1908 1344 1943; x_wconf 86' lang='lat' dir='ltr'>substantialia</span> <span class='ocrx_word' id='word_1_437' title='bbox 1367 1907 1626 1953; x_wconf 83' lang='lat' dir='ltr'>comprehendat,</span> <span class='ocrx_word' id='word_1_438' title='bbox 1649 1907 1800 1943; x_wconf 80' lang='lat' dir='ltr'>obedien-</span> 
     </span>
     <span class='ocr_line' id='line_1_92' title="bbox 1048 1958 1798 2004; baseline 0 -12"><span class='ocrx_word' id='word_1_439' title='bbox 1048 1958 1120 1992; x_wconf 92' lang='lat' dir='ltr'>tiam</span> <span class='ocrx_word' id='word_1_440' title='bbox 1145 1958 1282 2002; x_wconf 75' lang='lat' dir='ltr'>scilicet‚</span> <span class='ocrx_word' id='word_1_441' title='bbox 1307 1965 1522 2004; x_wconf 87' lang='lat' dir='ltr'>paupertatem</span> <span class='ocrx_word' id='word_1_442' title='bbox 1551 1966 1582 1991; x_wconf 91' lang='lat' dir='ltr'>et</span> <span class='ocrx_word' id='word_1_443' title='bbox 1604 1958 1798 2002; x_wconf 83' lang='lat' dir='ltr'>castitatem,</span> 
     </span>
     <span class='ocr_line' id='line_1_93' title="bbox 1048 2007 1798 2052; baseline 0 -10"><span class='ocrx_word' id='word_1_444' title='bbox 1048 2016 1078 2042; x_wconf 90' lang='lat' dir='ltr'>et</span> <span class='ocrx_word' id='word_1_445' title='bbox 1112 2008 1192 2042; x_wconf 90' lang='lat' dir='ltr'>circa</span> <span class='ocrx_word' id='word_1_446' title='bbox 1221 2007 1321 2042; x_wconf 86' lang='lat' dir='ltr'>dictas</span> <span class='ocrx_word' id='word_1_447' title='bbox 1350 2007 1509 2051; x_wconf 73' lang='lat' dir='ltr'>mulieres,</span> <span class='ocrx_word' id='word_1_448' title='bbox 1532 2007 1713 2052; x_wconf 79' lang='lat' dir='ltr'>virginalem</span> <span class='ocrx_word' id='word_1_449' title='bbox 1742 2019 1798 2042; x_wconf 88' lang='lat' dir='ltr'>seu</span> 
     </span>
     <span class='ocr_line' id='line_1_94' title="bbox 1049 2057 1798 2101; baseline 0 -9"><span class='ocrx_word' id='word_1_450' title='bbox 1049 2065 1165 2092; x_wconf 77' lang='lat' dir='ltr'>castam</span> <span class='ocrx_word' id='word_1_451' title='bbox 1191 2057 1347 2092; x_wconf 75' lang='lat' dir='ltr'>vidualem</span> <span class='ocrx_word' id='word_1_452' title='bbox 1368 2057 1461 2091; x_wconf 76' lang='lat' dir='ltr'>vitam</span> <span class='ocrx_word' id='word_1_453' title='bbox 1482 2057 1644 2101; x_wconf 78' lang='lat' dir='ltr'>ducentes,</span> <span class='ocrx_word' id='word_1_454' title='bbox 1667 2057 1705 2091; x_wconf 90' lang='lat' dir='ltr'>de</span> <span class='ocrx_word' id='word_1_455' title='bbox 1729 2058 1798 2092; x_wconf 81' lang='lat' dir='ltr'>vir-</span> 
     </span>
    </p>
   </div>
   <div class='ocr_carea' id='block_1_17' title="bbox 1048 2111 1798 2418">
    <p class='ocr_par' dir='ltr' id='par_1_21' title="bbox 1048 2111 1798 2200">
     <span class='ocr_line' id='line_1_95' title="bbox 1048 2111 1798 2158; baseline 0.003 -14"><span class='ocrx_word' id='word_1_456' title='bbox 1048 2112 1176 2158; x_wconf 80' lang='lat' dir='ltr'>ginitate</span> <span class='ocrx_word' id='word_1_457' title='bbox 1203 2120 1233 2146; x_wconf 89' lang='lat' dir='ltr'>et</span> <span class='ocrx_word' id='word_1_458' title='bbox 1262 2112 1403 2146; x_wconf 88' lang='lat' dir='ltr'>castitate</span> <span class='ocrx_word' id='word_1_459' title='bbox 1440 2111 1658 2146; x_wconf 83' lang='lat' dir='ltr'>tantummodo</span> <span class='ocrx_word' id='word_1_460' title='bbox 1680 2111 1798 2146; x_wconf 89' lang='lat' dir='ltr'>mentio</span> 
     </span>
     <span class='ocr_line' id='line_1_96' title="bbox 1050 2165 1111 2200; baseline 0 -1"><span class='ocrx_word' id='word_1_461' title='bbox 1050 2165 1111 2200; x_wconf 87' lang='lat' dir='ltr'>fiat.</span> 
     </span>
    </p>

    <p class='ocr_par' dir='ltr' id='par_1_22' title="bbox 1049 2218 1798 2418">
     <span class='ocr_line' id='line_1_97' title="bbox 1097 2218 1798 2267; baseline 0 -13"><span class='ocrx_word' id='word_1_462' title='bbox 1097 2219 1117 2267; x_wconf 65' lang='lat' dir='ltr'>g</span> <span class='ocrx_word' id='word_1_463' title='bbox 1139 2222 1172 2254; x_wconf 75' lang='lat'>2.</span> <span class='ocrx_word' id='word_1_464' title='bbox 1196 2220 1273 2264; x_wconf 76' lang='lat' dir='ltr'>Nos,</span> <span class='ocrx_word' id='word_1_465' title='bbox 1291 2219 1329 2254; x_wconf 90' lang='lat' dir='ltr'>ad</span> <span class='ocrx_word' id='word_1_466' title='bbox 1342 2218 1517 2255; x_wconf 90' lang='lat' dir='ltr'>tollendum</span> <span class='ocrx_word' id='word_1_467' title='bbox 1540 2231 1634 2254; x_wconf 91' lang='lat' dir='ltr'>omne</span> <span class='ocrx_word' id='word_1_468' title='bbox 1650 2219 1798 2265; x_wconf 85' lang='lat' dir='ltr'>dubium,</span> 
     </span>
     <span class='ocr_line' id='line_1_98' title="bbox 1049 2274 1798 2321; baseline 0.001 -13"><span class='ocrx_word' id='word_1_469' title='bbox 1049 2283 1137 2308; x_wconf 88' lang='lat' dir='ltr'>motu</span> <span class='ocrx_word' id='word_1_470' title='bbox 1157 2275 1296 2321; x_wconf 80' lang='lat' dir='ltr'>proprio,</span> <span class='ocrx_word' id='word_1_471' title='bbox 1319 2282 1349 2308; x_wconf 93' lang='lat' dir='ltr'>et</span> <span class='ocrx_word' id='word_1_472' title='bbox 1371 2286 1409 2308; x_wconf 78' lang='lat' dir='ltr'>ex</span> <span class='ocrx_word' id='word_1_473' title='bbox 1430 2281 1512 2308; x_wconf 90' lang='lat' dir='ltr'>certa</span> <span class='ocrx_word' id='word_1_474' title='bbox 1529 2282 1634 2308; x_wconf 85' lang='lat' dir='ltr'>nostra</span> <span class='ocrx_word' id='word_1_475' title='bbox 1654 2274 1798 2318; x_wconf 88' lang='lat' dir='ltr'>scientia,</span> 
     </span>
     <span class='ocr_line' id='line_1_99' title="bbox 1049 2328 1797 2376; baseline -0.001 -12"><span class='ocrx_word' id='word_1_476' title='bbox 1049 2341 1084 2364; x_wconf 83' lang='lat' dir='ltr'>ae</span> <span class='ocrx_word' id='word_1_477' title='bbox 1111 2328 1150 2364; x_wconf 86' lang='lat' dir='ltr'>de</span> <span class='ocrx_word' id='word_1_478' title='bbox 1171 2328 1361 2376; x_wconf 85' lang='lat' dir='ltr'>apostolicae</span> <span class='ocrx_word' id='word_1_479' title='bbox 1386 2328 1551 2375; x_wconf 87' lang='lat' dir='ltr'>potestatis</span> <span class='ocrx_word' id='word_1_480' title='bbox 1583 2328 1797 2374; x_wconf 82' lang='lat' dir='ltr'>plenitudine,</span> 
     </span>
     <span class='ocr_line' id='line_1_100' title="bbox 1050 2382 1798 2418; baseline -0.001 0"><span class='ocrx_word' id='word_1_481' title='bbox 1050 2383 1160 2418; x_wconf 79' lang='lat' dir='ltr'>bai-um</span> <span class='ocrx_word' id='word_1_482' title='bbox 1195 2383 1276 2418; x_wconf 80' lang='lat' dir='ltr'>serie</span> <span class='ocrx_word' id='word_1_483' title='bbox 1312 2382 1511 2417; x_wconf 88' lang='lat' dir='ltr'>decernimus</span> <span class='ocrx_word' id='word_1_484' title='bbox 1544 2390 1575 2416; x_wconf 90' lang='lat' dir='ltr'>et</span> <span class='ocrx_word' id='word_1_485' title='bbox 1601 2382 1798 2417; x_wconf 85' lang='lat' dir='ltr'>declaramus</span> 
     </span>
    </p>
   </div>
   <div class='ocr_carea' id='block_1_18' title="bbox 1049 2436 1800 2485">
    <p class='ocr_par' dir='ltr' id='par_1_23' title="bbox 1049 2436 1800 2485">
     <span class='ocr_line' id='line_1_101' title="bbox 1049 2436 1800 2485; baseline 0 -13"><span class='ocrx_word' id='word_1_486' title='bbox 1049 2438 1134 2485; x_wconf 88' lang='lat' dir='ltr'>quod</span> <span class='ocrx_word' id='word_1_487' title='bbox 1158 2438 1187 2472; x_wconf 89' lang='lat' dir='ltr'>iii</span> <span class='ocrx_word' id='word_1_488' title='bbox 1217 2437 1409 2484; x_wconf 78' lang='lat' dir='ltr'>praemissis,</span> <span class='ocrx_word' id='word_1_489' title='bbox 1433 2436 1471 2471; x_wconf 90' lang='lat' dir='ltr'>de</span> <span class='ocrx_word' id='word_1_490' title='bbox 1496 2445 1566 2471; x_wconf 85' lang='lat' dir='ltr'>voto</span> <span class='ocrx_word' id='word_1_491' title='bbox 1588 2437 1719 2472; x_wconf 88' lang='lat' dir='ltr'>solemni</span> <span class='ocrx_word' id='word_1_492' title='bbox 1739 2436 1800 2472; x_wconf 83' lang='lat' dir='ltr'>Re-</span> 
     </span>
    </p>
   </div>
   <div class='ocr_carea' id='block_1_19' title="bbox 1049 2490 1798 2701">
    <p class='ocr_par' dir='ltr' id='par_1_24' title="bbox 1049 2490 1798 2701">
     <span class='ocr_line' id='line_1_102' title="bbox 1050 2490 1798 2539; baseline 0 -13"><span class='ocrx_word' id='word_1_493' title='bbox 1050 2492 1175 2539; x_wconf 81' lang='lat' dir='ltr'>ligionis</span> <span class='ocrx_word' id='word_1_494' title='bbox 1209 2491 1339 2526; x_wconf 86' lang='lat' dir='ltr'>minime</span> <span class='ocrx_word' id='word_1_495' title='bbox 1375 2491 1509 2538; x_wconf 82' lang='lat' dir='ltr'>intelligi</span> <span class='ocrx_word' id='word_1_496' title='bbox 1538 2490 1667 2533; x_wconf 80' lang='lat' dir='ltr'>debeat,</span> <span class='ocrx_word' id='word_1_497' title='bbox 1696 2492 1737 2526; x_wconf 84' lang='lat' dir='ltr'>ita</span> <span class='ocrx_word' id='word_1_498' title='bbox 1766 2500 1798 2526; x_wconf 91' lang='lat' dir='ltr'>ut</span> 
     </span>
     <span class='ocr_line' id='line_1_103' title="bbox 1050 2544 1796 2591; baseline -0.003 -10"><span class='ocrx_word' id='word_1_499' title='bbox 1050 2547 1198 2581; x_wconf 85' lang='lat' dir='ltr'>mulieres</span> <span class='ocrx_word' id='word_1_500' title='bbox 1227 2545 1407 2591; x_wconf 77' lang='lat' dir='ltr'>virginalem</span> <span class='ocrx_word' id='word_1_501' title='bbox 1435 2553 1488 2579; x_wconf 88' lang='lat' dir='ltr'>aut</span> <span class='ocrx_word' id='word_1_502' title='bbox 1521 2544 1675 2580; x_wconf 88' lang='lat' dir='ltr'>coelibem</span> <span class='ocrx_word' id='word_1_503' title='bbox 1703 2545 1796 2579; x_wconf 88' lang='lat' dir='ltr'>vitam</span> 
     </span>
     <span class='ocr_line' id='line_1_104' title="bbox 1049 2599 1797 2647; baseline -0.003 -13"><span class='ocrx_word' id='word_1_504' title='bbox 1049 2601 1233 2647; x_wconf 86' lang='lat' dir='ltr'>simpliciter</span> <span class='ocrx_word' id='word_1_505' title='bbox 1260 2599 1412 2640; x_wconf 69' lang='lat' dir='ltr'>virentes,</span> <span class='ocrx_word' id='word_1_506' title='bbox 1433 2599 1526 2633; x_wconf 87' lang='lat' dir='ltr'>etiam</span> <span class='ocrx_word' id='word_1_507' title='bbox 1550 2599 1580 2633; x_wconf 93' lang='lat' dir='ltr'>in</span> <span class='ocrx_word' id='word_1_508' title='bbox 1603 2599 1797 2645; x_wconf 81' lang='lat' dir='ltr'>consangui-</span> 
     </span>
     <span class='ocr_line' id='line_1_105' title="bbox 1050 2652 1797 2701; baseline -0.001 -12"><span class='ocrx_word' id='word_1_509' title='bbox 1050 2667 1180 2689; x_wconf 89' lang='lat' dir='ltr'>neorum</span> <span class='ocrx_word' id='word_1_510' title='bbox 1205 2662 1234 2688; x_wconf 84' lang='lat' dir='ltr'>ct</span> <span class='ocrx_word' id='word_1_511' title='bbox 1261 2652 1401 2689; x_wconf 84' lang='lat' dir='ltr'>affinium</span> <span class='ocrx_word' id='word_1_512' title='bbox 1428 2665 1560 2688; x_wconf 92' lang='lat' dir='ltr'>suoruin</span> <span class='ocrx_word' id='word_1_513' title='bbox 1581 2661 1635 2688; x_wconf 89' lang='lat' dir='ltr'>aut</span> <span class='ocrx_word' id='word_1_514' title='bbox 1659 2653 1797 2701; x_wconf 89' lang='lat' dir='ltr'>propriis</span> 
     </span>
    </p>
   </div>
   <div class='ocr_carea' id='block_1_20' title="bbox 1818 268 2003 296">
    <p class='ocr_par' dir='ltr' id='par_1_25' title="bbox 1818 268 2003 296">
     <span class='ocr_line' id='line_1_106' title="bbox 1818 268 2003 296; baseline 0.016 -3"><span class='ocrx_word' id='word_1_515' title='bbox 1818 268 1871 294; x_wconf 78' lang='lat' dir='ltr'>An.</span> <span class='ocrx_word' id='word_1_516' title='bbox 1888 268 1917 294; x_wconf 87' lang='lat' dir='ltr'>C.</span> <span class='ocrx_word' id='word_1_517' title='bbox 1937 269 2003 296; x_wconf 67' lang='lat' dir='ltr'>tuto</span> 
     </span>
    </p>
   </div>
   <div class='ocr_carea' id='block_1_21' title="bbox 1825 1719 1981 1772">
    <p class='ocr_par' dir='ltr' id='par_1_26' title="bbox 1825 1719 1981 1772">
     <span class='ocr_line' id='line_1_107' title="bbox 1834 1719 1976 1740; baseline -0.007 0"><span class='ocrx_word' id='word_1_518' title='bbox 1834 1719 1901 1740; x_wconf 77' lang='lat' dir='ltr'>eauu</span> <span class='ocrx_word' id='word_1_519' title='bbox 1915 1719 1976 1739; x_wconf 70' lang='lat' dir='ltr'>huius</span> 
     </span>
     <span class='ocr_line' id='line_1_108' title="bbox 1825 1751 1981 1772; baseline -0.013 0"><span class='ocrx_word' id='word_1_520' title='bbox 1825 1751 1981 1772; x_wconf 74' lang='lat' dir='ltr'>declarationis.</span> 
     </span>
    </p>
   </div>
   <div class='ocr_carea' id='block_1_22' title="bbox 1843 2229 1969 2250">
    <p class='ocr_par' dir='ltr' id='par_1_27' title="bbox 1843 2229 1969 2250">
     <span class='ocr_line' id='line_1_109' title="bbox 1843 2229 1969 2250; baseline -0.008 0"><span class='ocrx_word' id='word_1_521' title='bbox 1843 2229 1969 2250; x_wconf 68' lang='lat' dir='ltr'>nectat-atio.</span> 
     </span>
    </p>
   </div>
  </div>
 </body>
</html>
