2281 3251
101 292 150 320 An.
168 290 194 319 c.
215 275 283 320 nus

297 351 443 380 contenta
461 343 590 378 omnino
612 350 641 376 et
665 341 868 377 effectualiter
883 341 1044 376 observari

300 395 420 429 faciant.

347 444 413 491 55.
441 441 732 476 Constitutionibus
747 450 777 475 et
792 440 1046 476 ordinationibus

299 492 495 540 apostolicis,
523 491 602 536 stylo
631 491 762 531 Palatii,
791 492 988 537 caeterisque
1017 490 1046 522 in

299 541 489 577 contrarium
526 540 712 575 facientibus
747 554 808 575 non
850 539 1048 575 obstantibus

299 591 566 639 quibuscumque.

348 641 422 687 56.
450 639 607 674 Volumus
643 649 745 674 autem
774 639 858 687 quod
888 639 1047 673 literarum

299 690 544 737 apostolicarum
581 689 810 736 praedictarum
838 701 873 723 ac
902 700 1050 734 praeseu-

300 741 377 774 tium
403 739 608 785 transumptis
636 751 728 773 manu
760 739 855 773 unius
876 738 994 780 clerici7
1021 744 1050 770 et

301 790 413 824 notarii
441 788 593 823 Gamerae
615 788 812 834 subscriptis,
836 786 1051 834 quemadmo-

300 838 376 873 dum
406 838 588 885 praedictis,
604 838 721 884 ubique
750 837 826 871 tides
853 835 1050 870 adhibeatur.

349 888 466 922 Datum
485 886 605 921 Romae
628 887 712 933 apud
735 886 886 921 Sanctum
911 885 1051 928 Petrum,

301 937 351 971 die
379 937 500 971 decima
529 936 673 980 ianuarii,
702 935 871 970 millesimo
893 935 1050 981 quingen-

301 987 413 1021 tesimo
449 986 686 1030 decimonono,
714 984 914 1032 pontificatus
952 983 1051 1018 nostri

301 1048 385 1070 anno
405 1047 449 1069 vr.

136 494 246 515 clau-ntae

117 526 270 552 derogatoriae.

113 696 172 717 Fides
184 699 285 716 transum-

104 731 191 754 plssl'llssl.

346 1095 407 1126 Dat.
423 1096 470 1127 die
488 1096 524 1127 10
541 1096 666 1126 ianuarii
683 1095 769 1132 1519,
784 1099 864 1135 pont.
880 1103 956 1124 anno
972 1102 1008 1123 vi.

636 1250 721 1285 XXI.

305 1333 476 1367 Damnatt'o
495 1333 708 1376 praqmaticae
730 1330 897 1364 sanctionis
912 1331 944 1363 in
962 1340 1055 1373 reque

353 1382 505 1415 Franciae
531 1382 629 1414 editae
655 1382 688 1414 τή
721 1381 934 1414 detrimentum
967 1380 1056 1413 Sedis

353 1432 566 1476 Apostolicae,
588 1438 613 1464 et
636 1431 800 1464 concordia
816 1441 883 1463 cum
901 1429 1056 1462 Ludovt'co

350 1493 418 1525 φερε
443 1482 526 1513 circa
550 1481 738 1524 provisiones
774 1479 987 1524 beneficiorum
1009 1490 1058 1511 ec-

351 1531 598 1563 ctesiasti'corum.

575 1606 789 1638 SUMMARIUM

306 1674 495 1704 Prooemium.
512 1691 551 1696 —
569 1674 595 1703 1.
616 1673 711 1703 lulius
727 1672 751 1702 lt
771 1672 874 1702 indixit
897 1671 1056 1701 concilium

344 1720 556 1756 Lateranense,
579 1724 609 1748 ut
628 1729 713 1757 sup.;
730 1735 768 1740 —
785 1718 813 1747 2.
838 1717 1007 1756 Monuitque
1031 1720 1059 1745 et

345 1763 548 1794 citavitGallos
562 1772 652 1802 super
663 1763 848 1791 revocatione
862 1761 1057 1800 pragmaticae.

345 1825 382 1830 —
405 1809 431 1839 3.
451 1808 503 1838 Hic
521 1808 656 1838 Pontifex
671 1806 757 1845 (Iulio
771 1807 887 1836 interim
905 1804 1060 1846 defuncto)

346 1853 515 1883 monitionis
533 1853 690 1882 terminum
708 1853 884 1890 prorogavit3
900 1867 938 1872 —
952 1851 980 1881 4.
996 1850 1058 1885 Quo

345 1897 454 1935 elapso,
467 1898 501 1927 ad
518 1896 618 1934 abrog.
635 1896 690 1925 dic.
708 1896 905 1934 pragmaticae
923 1895 1059 1924 devenire

347 1942 471 1971 censuit.
489 1957 528 1963 —
549 1942 576 1970 5.
597 1941 651 1970 Leo
670 1940 681 1969 l
703 1941 847 1970 revocarit
874 1944 934 1969 acta
959 1944 1058 1968 contra

347 1986 432 2015 fidem
457 1986 486 2015 in
515 1994 535 2014 11
564 1985 706 2024 ephesina
736 1984 856 2023 synodo.
878 2001 917 2005 —
941 1984 969 2013 6.
992 1983 1059 2012 ldeo

346 2030 393 2059 hic
416 2029 548 2059 Pontifex
571 2030 634 2058 iure
656 2033 774 2058 revocat
791 2029 818 2058 d.
843 2028 1060 2066 pragmaticam,

346 2074 479 2113 quamvis
506 2073 710 2102 confirmatam
730 2073 758 2101 in
782 2071 979 2101 conciliabulo
1002 2070 1059 2100 Ba—

349 2119 481 2156 sileensi3
494 2118 706 2156 —7.Eamque
723 2117 835 2146 nullam
853 2126 917 2147 esse
930 2117 1061 2147 decernit

353 2169 381 2194 ot
398 2164 525 2201 damnat;
543 2180 582 2186 -—
597 2163 623 2191 8.
645 2161 788 2192 Bonifacii
800 2161 858 2191 vllt
876 2167 1020 2199 extravag.
1043 2170 1061 2197 t,

348 2209 388 2239 De
411 2209 505 2238 maior.
523 2213 548 2237 et
570 2208 700 2241 ohedien.,-
724 2216 757 2236 ac
783 2205 943 2236 Clementis
962 2205 984 2235 V
1008 2215 1059 2234 ex-

348 2257 455 2291 travag.
474 2261 504 2288 ιι,
522 2252 560 2282 De
574 2252 734 2291 privilegiis,
754 2251 909 2280 confirmat
927 2255 953 2279 et
973 2250 1060 2279 inno-

349 2302 403 2333 vat3
420 2314 459 2319 —
476 2297 503 2326 9.
526 2296 617 2326 Usum
644 2298 671 2326 d.
693 2295 889 2334 pragmaticae
913 2295 959 2323 hic
983 2294 1060 2323 idem

349 2341 481 2371 Pontifex
498 2341 637 2371 omnibus
656 2340 800 2380 proliibet3
818 2356 857 2362 —
877 2339 922 2368 10.
941 2337 1063 2368 Contra-

350 2386 400 2416 riis
423 2386 552 2424 derogat.

308 2453 358 2482 Leo
378 2453 521 2489 episcopus
544 2460 640 2482 servus
658 2459 799 2482 servorum
823 2452 884 2484 Dei,
909 2451 943 2479 ad
967 2457 1061 2486 perpe·

355 2506 432 2533 tuam
451 2504 492 2533 rei
518 2505 691 2537 memoriam,
712 2510 790 2532 sacro
810 2501 975 2538 approbante
995 2501 1062 2529 Con-

354 2553 427 2582 cilio.

362 2615 470 2651 Pastor
495 2624 643 2652 aeternus
665 2629 791 2663 gregem
819 2627 913 2651 suum
929 2641 938 2659 ‚
962 2625 1062 2661 usque

140 2667 271 2689 ''mmmm-
312 2664 349 2700 ad
381 2667 686 2701 consummationem
723 2665 864 2711 saeculi,
887 2675 1060 2710 numquam

966 285 1027 309 LEO
1049 286 1070 308 X
1094 284 1140 306 ΡΡ.

1720 271 1789 303 659

1089 340 1288 381 deserturus,
1312 337 1369 374 ita,
1394 336 1545 382 Apostolo
1577 345 1666 374 teste,
1686 336 1841 369 obedien-

1090 390 1160 423 tiam
1190 388 1309 424 dilexit,
1334 396 1379 428 ut,
1405 400 1459 432 pio
1483 388 1638 433 expiando
1663 387 1754 431 primi
1787 398 1841 429 pa-

1091 439 1186 472 rentis
1210 437 1439 471 inobedientiae
1465 445 1603 483 peccato,
1619 448 1651 469 se
1669 437 1771 481 ipsunt
1788 435 1844 468 liu-

1091 487 1265 528 tniliawrit,
1290 486 1389 520 sactus
1417 486 1569 519 obediens
1593 498 1694 530 usque
1710 485 1747 519 ad
1765 497 1842 517 tnur-

1092 546 1165 577 teni;
1189 538 1381 581 migraturus
1405 548 1476 570 vero
1506 548 1543 570 ex
1572 535 1691 568 mundo
1719 535 1755 567 ad
1784 533 1844 567 Pa-

1092 596 1183 629 ινθιῐι7
1199 587 1227 619 in
1251 585 1408 619 soliditate
1430 593 1547 632 petrae,
1563 584 1692 618 Petrum
1711 584 1842 629 eiusque

1092 647 1292 670 successores
1310 634 1440 669 vicarios
1463 647 1537 668 suos
1551 634 1697 670 instituit,
1713 633 1843 679 quibus,

1092 697 1129 720 ex
1166 683 1235 717 libri
1272 683 1394 729 Regum
1425 683 1617 726 testimonio,
1641 684 1679 716 ita
1714 681 1844 716 obedire

1094 745 1222 768 necesse
1251 741 1298 767 est
1322 740 1364 771 ut,
1387 734 1439 779 qni
1464 746 1524 766 non
1549 731 1719 772 obedierit,
1743 739 1844 765 morte

1094 783 1256 823 moriatur3
1279 790 1320 821 et,
1346 788 1379 815 ut
1406 782 1477 816 alibi
1502 782 1629 827 legitur,
1652 781 1680 814 in
1702 780 1844 814 Ecclesia

1093 843 1161 867 esse
1199 844 1260 865 non
1298 838 1403 877 potest
1433 831 1486 878 qui
1520 830 1655 865 Romani
1680 829 1844 864 pontilicis

1095 880 1275 916 cathedram
1310 880 1442 914 deserit:
1472 881 1640 927 quoniam,
1663 879 1844 924 Augustino

1093 930 1312 976 Gregorioque
1339 929 1543 973 auctoribus7
1570 929 1635 963 sola
1665 928 1845 962 obedientia

1094 989 1141 1014 est
1177 987 1275 1013 mater
1310 987 1479 1025 custosque
1510 979 1652 1013 omnium
1681 978 1845 1020 virtutum,

1095 1030 1159 1064 sola
1188 1028 1260 1062 fidei
1298 1028 1444 1061 meritum
1475 1027 1664 1074 possidens,
1687 1027 1756 1060 sine
1783 1039 1845 1072 qua

1095 1079 1230 1125 quisque
1254 1076 1390 1111 infidelis
1418 1078 1627 1121 convincitur,
1649 1076 1742 1110 etiam
1765 1076 1790 1109 si
1808 1075 1847 1109 li-

1095 1128 1175 1161 delis
1209 1138 1280 1161 esse
1315 1126 1465 1160 videatur.
1494 1126 1600 1173 Itaque
1636 1138 1712 1169 nos,
1734 1124 1845 1158 eodeni

1097 1177 1190 1211 Petro
1225 1177 1371 1215 docente,
1399 1174 1513 1209 soliciti
1535 1187 1605 1209 esse
1632 1174 1787 1209 debemus
1815 1181 1849 1207 ut

1096 1238 1176 1273 quae
1199 1238 1214 1260 a
1249 1224 1402 1259 Romanis
1425 1224 1633 1259 Pontificibus
1660 1223 1850 1271 praedeces-

1096 1275 1224 1310 soribus
1246 1274 1375 1317 nostris,
1399 1274 1582 1320 praesertim
1606 1273 1636 1307 in
1660 1273 1758 1307 sacris
1773 1284 1849 1306 con-

1097 1325 1192 1365 ciliis,
1205 1336 1260 1371 pro
1283 1323 1481 1358 obedientiae
1508 1322 1704 1362 huiusmodi,
1732 1329 1849 1356 aucto-

1099 1375 1199 1409 ritatis
1221 1373 1436 1419 libertatisque
1458 1373 1692 1407 ecclesiasticae
1715 1379 1744 1406 et
1757 1371 1850 1406 Sedis

1098 1424 1301 1470 Apostolicae
1332 1422 1517 1456 defensione
1545 1430 1667 1456 mature
1689 1429 1720 1455 et
1742 1433 1780 1455 ex
1804 1420 1850 1454 le-

1098 1474 1216 1520 gitimis
1238 1472 1343 1507 causis
1366 1471 1511 1506 inchoata
1538 1479 1624 1515 sunt⁷
1647 1470 1762 1505 nostris
1784 1478 1851 1503 stu-

1098 1523 1165 1567 dio,
1184 1534 1258 1557 cura
1274 1529 1303 1555 et
1319 1520 1485 1567 diligentia
1505 1520 1613 1555 debite
1635 1519 1851 1563 absolvantur,

1099 1580 1129 1607 et
1151 1572 1188 1606 ad
1212 1579 1352 1618 optatum
1389 1570 1483 1604 finem
1519 1569 1744 1617 perducantur3
1773 1569 1851 1602 sim-

1100 1621 1229 1668 plicium
1264 1632 1393 1667 quoque
1427 1620 1550 1654 animae
1577 1622 1719 1666 (quarum
1756 1618 1850 1652 etiam

1101 1672 1252 1705 rationem
1282 1670 1349 1704 Deo
1373 1668 1524 1703 reddituri
1549 1672 1669 1710 sumus)
1688 1681 1703 1702 a
1726 1667 1806 1702 dolis
1822 1675 1852 1701 et

1101 1721 1220 1768 laqueis
1243 1719 1444 1754 tenebrarum
1469 1719 1621 1766 principis
1644 1717 1829 1752 liberentur.

1150 1770 1224 1817 ἕω
1253 1768 1347 1808 Sane,
1373 1768 1423 1802 fel.
1452 1780 1515 1802 rec.
1550 1768 1651 1803 lulius
1678 1767 1762 1814 Papa
1800 1778 1851 1800 se-

1101 1819 1237 1863 cundus,
1262 1818 1484 1865 praedecessor
1513 1826 1631 1860 noster7
1660 1825 1729 1863 post
1765 1816 1853 1849 indi-

1101 1877 1199 1911 ctum,
1215 1881 1253 1902 ex
1282 1867 1431 1913 legitimis
1459 1876 1534 1901 tunc
1557 1867 1715 1913 expressis
1739 1866 1852 1906 causis,

1103 1918 1141 1952 de
1169 1917 1395 1951 venerabilium
1417 1916 1545 1950 fratrum
1571 1928 1701 1951 suorum
1727 1924 1853 1949 sauctae

1103 1968 1264 2002 Romanae
1287 1966 1450 2000 Ecclesiae
1474 1965 1695 2007 cardinalium,
1717 1965 1755 1998 de
1777 1976 1854 2011 quo-

1103 2029 1172 2052 rum
1196 2028 1329 2050 numero
1352 2024 1428 2049 tunc
1450 2027 1586 2058 eramus,
1610 2013 1741 2049 consilio
1757 2022 1786 2047 et
1803 2026 1854 2047 as-

1102 2078 1345 2109 sensu,sacrum
1362 2065 1573 2099 Lateranense
1589 2064 1771 2106 concilium,
1788 2075 1852 2108 pro-

1103 2116 1173 2150 vide
1196 2115 1412 2158 considerans,
1441 2126 1511 2148 cum
1536 2113 1646 2148 eodem
1675 2124 1764 2147 sacro
1793 2111 1853 2146 La-

1104 2165 1261 2200 teranensi
1288 2165 1432 2207 concilio,
1455 2163 1628 2197 Biturieen.
1653 2162 1738 2208 regni
1754 2160 1853 2195 Fran-

1104 2215 1170 2249 ciae
1193 2215 1416 2261 corruptelam,
1435 2225 1529 2260 quam
1555 2212 1596 2246 illi
1617 2212 1852 2256 Proqinatt‘cam

1103 2267 1288 2299 sanctionem
1319 2271 1453 2306 vocant,
1475 2275 1545 2296 cum
1571 2262 1706 2296 maximo
1729 2260 1853 2294 anima-

1105 2328 1174 2349 rum
1204 2314 1343 2361 periculo
1378 2321 1407 2347 et
1445 2311 1594 2346 scandalo
1632 2324 1667 2345 ac
1694 2309 1853 2355 dignitatis

1103 2364 1196 2399 Sedis
1208 2363 1408 2410 Apostolicae
1424 2361 1614 2395 detrimento
1628 2369 1658 2395 et
1672 2359 1852 2406 vilipendio,

1105 2415 1266 2448 retroactis
1294 2411 1488 2458 temporibus
1528 2411 1668 2456 viguisse
1690 2417 1719 2443 et
1750 2408 1853 2442 adbuc

1106 2464 1221 2510 vigere,
1254 2462 1396 2497 eiusdem
1435 2461 1644 2507 pragmaticae
1679 2457 1852 2493 sanctionis

1105 2513 1290 2559 negotium,
1326 2510 1436 2545 eodem
1472 2510 1664 2556 approbante
1701 2507 1851 2549 concilio,

1104 2561 1336 2597 discutiendum
1365 2559 1458 2594 certis
1487 2567 1561 2593 tunc
1584 2557 1773 2592 nominatim
1795 2555 1852 2589 de-

1106 2613 1223 2659 putatis
1257 2608 1468 2645 cardinalibus
1504 2617 1533 2642 et
1568 2606 1714 2654 praelatis
1749 2612 1852 2640 certae

1104 2659 1357 2709 congregationis
1378 2657 1547 2694 commisit.

1858 279 1908 306 Αη.
1927 280 1954 306 C.
1973 281 2040 308 15¹6

1880 1776 1944 1797 Iulius
1960 1776 1976 1796 ll
1995 1778 2050 1797 inae

1867 1809 1895 1828 xit
1917 1809 1994 1828 conrii.
2012 1806 2051 1828 La-

1868 1841 1943 1864 terane,
1961 1843 1981 1858 nt
1995 1845 2032 1866 svip
2046 1855 2049 1860 .
