2281 3251
131 246 180 270 An.
199 244 226 269 C.
246 243 310 270 taos]

145 1942 249 1967 Ordinisq.
267 1946 314 1965 gra-

133 1973 171 1992 tias
183 1972 312 1992 confirmavit

132 2004 171 2024 alid
185 2003 248 2024 hulla,

978 240 1082 262 tumus

327 298 437 345 quavis
458 297 651 339 auctoritate,
676 296 812 330 scienter
833 296 878 329 vel
900 296 1078 341 ignoranter

327 348 535 393 contingeret,
554 346 764 380 communiter
785 345 829 380 rel
856 345 996 389 divisim,
1028 353 1076 379 at-

328 405 447 432 tentari.

375 452 390 489 §
418 449 450 480 5.
474 445 680 480 Postmodum
699 458 782 485 vero,
799 458 854 492 pro
878 454 963 492 parte.
984 444 1077 478 Fran-

129 500 310 555 R222‘132ss11‘13wf2
327 496 400 530 cisci
414 496 452 530 de
463 495 560 530 Paula
576 504 605 529 et
620 495 818 529 eremitarum
835 495 1075 542 praedictorum,

130 562 200 582 erano
222 570 240 582 ιιι

129 594 310 620 capitulis-uppre-

129 626 192 647 huin,

272 569 308 581 w.
327 545 428 579 eidem
451 545 630 579 Alexandro
658 545 887 590 praedecessori
911 544 1001 579 etiam
1021 556 1077 577 ex-

328 596 429 640 posito
446 594 529 641 quod
550 595 616 641 ipse
635 594 822 629 Franciscus
837 595 875 628 de
892 594 1001 637 Paula,
1018 594 1075 628 lia-

330 646 405 679 bens
423 645 461 679 ad
484 644 514 679 id
529 644 567 678 ab
583 644 692 678 eodem
707 644 828 691 Pyrrho
841 644 1077 690 archiepiscopo

326 695 492 740 specialem
517 707 570 740 per
585 694 667 728 illius
692 694 796 728 literas
819 694 1009 733 lacultatcm,
1024 706 1078 740 per

326 744 453 778 eosdem
470 744 592 779 Sixtum
609 752 638 777 et
653 744 872 777 Innocentium
889 743 1077 790 praedeces-

327 806 415 829 sores
437 794 614 828 successive
637 794 849 828 conlirmatam
873 801 903 827 et
924 793 959 826 ad
981 804 1078 839 quae-

327 856 464 890 cumque
494 844 559 877 loca
577 855 687 889 ,quae
714 843 815 876 eidem
844 842 1077 887 congregationi

328 893 437 928 donari
455 893 662 937 contingeret,
680 892 870 939 ampliatam,
893 892 1014 925 illarum
1033 892 1079 924 vi-

327 955 413 988 gore,
428 955 483 989 pro
498 942 615 977 salubri
631 943 802 976 directione
818 942 1017 976 eremitarum
1026 953 1078 975 so-

327 993 448 1026 cietatis
475 992 668 1036 huiusmodi,
688 991 836 1025 nonnulla
859 991 953 1024 divini
974 991 1079 1025 cultus

327 1042 615 1089 augmentationem
638 1052 667 1076 et
694 1041 868 1075 animarum
883 1040 1016 1075 salutem
1032 1040 1079 1073 vi-

328 1100 439 1138 taeque
465 1092 642 1126 eremiticae
666 1090 845 1125 huiusmodi
875 1102 1079 1136 perseveran-

329 1142 401 1175 tiam
419 1150 450 1175 et
462 1153 569 1176 eorum
583 1141 702 1175 votivae
720 1140 936 1187 prosperitatis
951 1151 1079 1174 succes-

329 1203 384 1225 sus
394 1191 626 1231 concernentia,
641 1190 738 1225 sacris
747 1189 921 1224 canonibus
934 1201 995 1223 non
1009 1201 1081 1224 con-

329 1241 436 1284 traria⁷
458 1240 516 1275 sub
535 1240 654 1286 Regula
681 1238 812 1274 Ordinis
828 1239 954 1273 fratrum
978 1239 1079 1273 Mini—

329 1302 452 1325 morum
472 1302 647 1336 pauperum
671 1289 870 1324 eremitarum
889 1288 964 1323 dicti
985 1288 1080 1323 Fran-

329 1340 402 1374 cisci
426 1340 464 1374 de
480 1339 589 1383 Paula,
612 1340 641 1373 in
665 1339 814 1373 tredecim
844 1338 988 1385 capitulis
1003 1351 1079 1372 con-

328 1398 414 1424 tenta
436 1397 585 1424 statuerat
599 1398 628 1424 et
649 1389 858 1427 ordinaverat,
873 1400 952 1435 quae
972 1388 1080 1422 volue-

330 1448 375 1473 rat
397 1447 428 1474 et
447 1438 650 1473 mandaverat
678 1451 734 1484 per
755 1438 896 1472 eiusdem
924 1438 1080 1472 societatis

329 1489 476 1523 eremitas
498 1497 528 1522 et
550 1488 660 1523 fratres
682 1488 844 1535 perpetuis
866 1487 979 1521 futuris
1001 1496 1080 1522 tem-

331 1538 463 1584 poribus
492 1538 663 1573 observari.
682 1538 766 1572 ldeni
791 1537 968 1571 Alexander
991 1550 1080 1583 prae-

331 1587 488 1627 decessor,
510 1600 566 1634 per
583 1587 702 1634 aliquas
717 1600 799 1630 suas,
816 1595 929 1621 statuta
945 1595 975 1620 ct
994 1587 1080 1621 ordi-

330 1638 473 1672 nationes
496 1637 674 1672 huiusmodi
702 1649 737 1671 ac
763 1637 868 1671 omnia
897 1645 926 1671 et
958 1637 1080 1682 singula

331 1687 361 1720 in
375 1687 466 1722 dictis
487 1687 632 1733 capitulis
646 1695 802 1729 contenta,
818 1699 897 1733 quae
912 1694 986 1721 tunc
1003 1687 1081 1720 dili-

329 1745 440 1782 genter
463 1737 586 1783 inspici,
603 1749 639 1771 ac
661 1737 700 1770 de
727 1736 823 1771 verbo
845 1736 883 1770 ad
904 1735 1033 1770 verbum
1050 1736 1079 1770 in

330 1786 421 1821 dictis
443 1787 509 1820 suis
524 1785 621 1821 literis
644 1786 735 1820 inseri
756 1786 838 1825 fecit,
861 1798 932 1820 cum
950 1786 1082 1832 supple-

331 1835 414 1870 tione
433 1835 815 1882 defectuum,approbavit
829 1844 858 1869 et
874 1835 1080 1870 confirmavit.

377 1889 393 1928 ξ
414 1889 446 1920 4.
463 1885 641 1929 Praeterea,
659 1886 739 1920 idem
757 1885 936 1919 Alexander
956 1885 1083 1932 praede-

330 1933 447 1979 cessor,
464 1947 520 1982 per
531 1935 606 1970 alias
628 1947 700 1970 suas
716 1935 746 1969 in
769 1935 866 1969 forma
891 1934 992 1969 brevis
1010 1935 1082 1969 lite-

330 1997 391 2025 ras,
414 1986 519 2020 omnia
534 1995 563 2020 et
579 1985 703 2031 singula
720 1985 891 2032 privilegia,
915 1985 1082 2031 indulgen-

331 2035 400 2079 tias,
422 2036 649 2079 immunitates,
671 2036 900 2082 exemptiones,
916 2036 1031 2081 gratias
1054 2044 1081 2069 et

331 2085 450 2121 indulta
477 2098 697 2132 quaecumque
724 2085 893 2120 Francisco
920 2085 958 2119 de
986 2085 1081 2119 Paula

330 2145 360 2170 et
382 2136 520 2170 eremitis
542 2135 724 2170 huiusmodi
752 2147 787 2169 ac
809 2147 918 2169 eorum
947 2134 1058 2169 Ordini
1074 2164 1081 2175 ,

330 2185 477 2220 domibus
492 2186 583 2221 etiam
598 2193 670 2220 ante
692 2186 884 2220 erectionem
903 2185 1081 2219 huiusmodi

330 2234 476 2277 Ordinis,
509 2235 583 2270 dum
611 2235 715 2270 adbuc
743 2235 889 2269 eremitae
912 2247 1081 2281 nuncupa—

329 2285 453 2327 bantur,
482 2298 537 2333 per
563 2285 689 2320 eosdem
718 2284 841 2319 Sixtum
870 2293 898 2318 et
925 2284 1083 2319 Innocen-

331 2335 409 2370 tium
432 2348 518 2381 suos,
541 2344 570 2370 et
593 2336 696 2383 ipsum
720 2335 935 2370 Alexandrum
959 2344 1082 2370 nostros

331 2385 592 2432 praedecessores,
607 2386 907 2433 quomodocumque
921 2397 1081 2425 concessa,

331 2449 410 2483 qnae
426 2436 530 2471 onmia
545 2445 574 2470 et
587 2436 710 2482 singula
727 2448 782 2483 pro
798 2435 955 2482 expressis
975 2435 1081 2470 baberi

330 2486 446 2530 voluit,
467 2487 649 2521 auctoritate
672 2486 841 2533 apostolica
866 2484 1002 2531 praefata
1025 2498 1082 2532 ap-

334 2536 473 2582 probavit
485 2545 513 2571 et
525 2545 692 2583 perpetuae
705 2536 799 2571 robur
810 2535 965 2569 firmitatis
975 2535 1080 2570 eadem

333 2585 475 2621 obtinere
498 2587 645 2621 decrevit.

383 2635 444 2682 §5-
460 2636 500 2671 Et
513 2637 586 2684 quia
601 2636 710 2672 Sixtus
723 2645 751 2671 ct
764 2635 979 2672 Innocentius,
994 2648 1082 2682 prac-

1105 241 1127 262 ΙΙ
1152 240 1199 261 ΡΙ).

1740 224 1810 254 425

1120 295 1301 329 decessores
1341 292 1466 340 praefati
1484 319 1492 334 ,
1526 290 1647 336 singula
1683 287 1861 335 privilegia,
1911 297 1982 317 onim.
2003 295 2059 315 ‚uen-

1119 345 1347 390 cxomptiones,
1371 341 1597 383 immunitates,
1611 338 1820 384 indulgentias
1834 345 1862 371 et
1879 329 2060 383 ffffssglffug'sssstl'i'x'e

1120 394 1236 428 indulta
1255 404 1472 440 quaecumque
1486 390 1754 432 praedicatorum,
1767 387 1864 422 Mino—
1878 394 1901 441 'c
1919 386 2061 440 msxtjhdv'xl}

1121 457 1200 487 rum,
1214 443 1422 478 Ereniitaruni
1439 441 1543 476 Sancti
1557 438 1726 486 Augustini
1738 450 1773 472 ac
1786 436 1864 471 Car·
1879 431 1903 473 [ia
1923 454 1984 472 mum
1999 435 2063 471 ordi-

1119 494 1308 531 melitarum,
1325 504 1446 526 necnon
1466 490 1531 524 aliis
1548 488 1792 524 Mendicantium
1809 486 1867 521 Or-
1880 492 1935 538 ¹2:¹³3}
1960 485 2063 505 0¹¹⁰¹¹‘¹‘²‘

1119 543 1249 577 dinibus
1270 552 1425 576 eteorum
1448 540 1589 579 cuilibet,
1604 551 1638 573 ac
1654 538 1777 572 illorum
1793 549 1866 583 pro-

1120 593 1290 627 fessoribus
1303 601 1332 625 et
1352 591 1510 629 domibus,
1530 601 1565 624 ac
1584 601 1692 623 corum
1708 586 1867 622 Ecclesias

1119 642 1316 676 visitantibus
1338 640 1634 687 quomodocumque
1652 649 1814 677 concessa,
1828 636 1864 671 ad

1119 691 1270 726 Ordinem
1295 691 1496 724 Minimorum
1521 688 1700 723 huiusmodi
1723 687 1869 722 extende-

1121 750 1203 781 rant,
1226 741 1307 775 idem
1324 740 1498 774 Alexander
1513 738 1735 785 praedecessor
1755 737 1868 784 pariter

1120 803 1226 825 eorum
1251 790 1465 825 extensionem
1484 788 1689 823 confirmavit.
1711 787 1750 821 Et
1769 787 1793 821 si
1809 799 1868 834 qua

1123 840 1259 879 indulta,
1285 839 1444 886 privilegia
1468 847 1497 872 et
1519 838 1648 884 gratiae,
1677 845 1746 884 post
1767 836 1867 871 datam

1120 890 1315 924 extensionis
1338 888 1557 931 liuiusmodi,a
1573 888 1666 921 dictis
1683 887 1869 934 praedeces-

1120 939 1242 973 soribus
1259 938 1305 973 vel
1320 938 1357 972 ab
1374 940 1440 984 ipso
1451 937 1630 971 Alexandro
1644 936 1764 971 eisdem
1780 935 1870 971 Ordi-

1121 989 1214 1023 nibus
1229 988 1474 1023 Mendicantium
1493 996 1543 1021 aut
1563 987 1655 1020 alicui
1676 999 1784 1020 eorum
1799 998 1871 1020 con-

1121 1051 1206 1073 cessa
1226 1047 1348 1076 essent,
1363 1037 1413 1071 illa
1427 1036 1569 1071 etiamad
1585 1035 1711 1070 eosdem
1727 1035 1871 1070 eremitas

1121 1097 1149 1123 et
1172 1088 1281 1123 fratres
1295 1097 1324 1123 et
1343 1087 1381 1122 ad
1399 1087 1522 1120 illorum
1538 1086 1689 1120 Ordinem
1709 1097 1745 1120 ac
1761 1085 1871 1119 domos

1121 1138 1261 1173 extendit
1290 1146 1319 1172 et
1345 1136 1515 1183 ampliavit,
1543 1147 1577 1170 ac
1608 1135 1683 1181 ipsis
1708 1134 1870 1181 suffragari

1122 1188 1218 1223 voluit
1241 1188 1270 1221 in
1293 1186 1440 1221 omnibus
1468 1194 1499 1220 et
1521 1197 1576 1232 per
1598 1185 1715 1225 omnia,
1729 1184 1802 1219 acsi
1819 1197 1874 1231 pro

1121 1238 1239 1272 eisdem
1262 1237 1400 1272 eremitis
1422 1245 1451 1271 et
1475 1235 1597 1269 illorum
1618 1234 1739 1269 Ordine
1761 1233 1873 1269 huius-

1121 1287 1206 1322 modi
1235 1294 1445 1321 emanassent.

1170 1338 1190 1384 ᾗ
1217 1340 1248 1371 6.
1269 1336 1307 1371 Ει
1329 1336 1453 1375 deinde,
1475 1347 1531 1382 pro
1546 1342 1630 1381 parte
1652 1333 1811 1369 Francisci
1835 1333 1872 1368 de
1901 1342 2071 1364 Meandarae-

1122 1386 1218 1421 Paula
1241 1395 1269 1420 et
1294 1387 1494 1421 eremitarum
1517 1397 1572 1419 seu
1597 1384 1726 1418 fratrum
1749 1383 1873 1430 praedi·
1889 1377 1955 1427 fflffl
1976 1374 2071 1426 ξ’ζζζῗζ

1122 1445 1244 1471 ciorum
1261 1463 1270 1479 ,
1292 1436 1393 1470 eidem
1427 1433 1606 1469 Alexandro
1640 1433 1872 1481 praedecessori
1889 1440 1981 1460 Francis
2002 1438 2071 1480 resor-

1122 1486 1266 1521 similiter
1293 1485 1435 1532 exposito
1469 1483 1552 1531 quod
1587 1485 1654 1531 ipse
1684 1483 1874 1518 Franciscus
1889 1473 2072 1530 ἷῗξζῗζζξμξὶῃξῖ

1123 1536 1161 1570 de
1183 1536 1279 1570 Paula
1307 1535 1455 1570 tredecim
1479 1534 1615 1581 capitula
1638 1542 1824 1568 statutorum
1844 1542 1874 1568 et
1890 1536 1930 1586 [ful
1941 1534 1966 1585 ‘²³¹¹’
1982 1534 2071 1586 ⁹31]szss

1123 1585 1359 1620 ordinationum
1384 1584 1613 1632 praedictorum
1633 1583 1662 1617 in
1687 1583 1795 1618 decem
1820 1595 1873 1617 ca·
1954 1572 1991 1593 ΡΨ
2049 1572 2072 1588 ι’

1125 1636 1219 1682 pitula
1236 1635 1413 1679 reduxerat,
1428 1643 1456 1670 et
1472 1647 1580 1669 eorum
1596 1633 1775 1680 aliqua,pr0
1788 1632 1875 1667 salu-

1126 1686 1169 1719 bri
1193 1685 1366 1719 directione
1382 1684 1509 1718 fratrum
1527 1683 1731 1718 Minimorum
1743 1681 1875 1717 Ordinis

1123 1735 1317 1775 huiusmodi,
1332 1735 1406 1769 olim
1420 1733 1579 1768 societatis
1590 1733 1745 1768 dictorum
1761 1733 1875 1767 eremi-

1125 1794 1238 1825 tarum,
1255 1792 1444 1824 mutaverat;
1463 1784 1564 1830 aliqua
1587 1784 1679 1818 etiam
1701 1782 1874 1822 addiderat,

1124 1847 1205 1880 quae
1234 1834 1371 1868 voluerat
1393 1842 1423 1868 et
1447 1833 1647 1868 mandaverat
1670 1844 1724 1880 per
1746 1832 1872 1867 eosdem

1124 1884 1233 1918 fratres
1260 1884 1410 1930 deinceps
1433 1884 1593 1931 perpetuis
1615 1882 1729 1917 futuris
1752 1892 1873 1930 tempo-

1126 1934 1224 1971 ribus,
1249 1934 1406 1980 prioribus
1434 1933 1573 1977 omissis,
1596 1945 1652 1980 pro
1674 1931 1790 1967 salubri
1819 1944 1874 1967 eo-

1126 1997 1194 2018 rum
1211 1983 1331 2030 Regula
1356 1984 1453 2018 teneri
1477 1993 1505 2018 et
1529 1983 1699 2023 ol)servari;
1725 1981 1874 2029 quodque

1126 2034 1193 2080 ipse
1219 2033 1411 2069 Franciscus
1433 2034 1471 2068 de
1494 2033 1591 2068 Paula
1609 2060 1618 2077 ,
1640 2032 1793 2078 Regulam
1816 2044 1872 2067 seu

1125 2089 1254 2124 modum
1291 2089 1411 2123 vivendi
1440 2089 1488 2123 sui
1519 2087 1599 2122 tertii
1632 2086 1788 2127 Ordinis,
1817 2099 1873 2133 pro

1126 2144 1289 2190 utriusque
1316 2156 1410 2179 sexus
1434 2143 1586 2189 personis,
1609 2141 1668 2176 sub
1683 2141 1793 2176 eadem
1806 2140 1874 2176 Re-

1124 2199 1196 2245 gula
1218 2211 1273 2234 seu
1288 2198 1383 2233 modo
1397 2197 1531 2240 vivendi,
1553 2208 1633 2242 quae
1651 2205 1770 2243 septem
1786 2195 1875 2230 dum-

1125 2261 1207 2288 taxat
1235 2253 1433 2288 clauderetur
1460 2251 1619 2298 capitulis,
1649 2250 1872 2297 poenitentiam

1124 2320 1215 2353 agere
1240 2307 1439 2350 volentibus,
1470 2318 1523 2352 per
1556 2305 1702 2340 eumdem
1730 2305 1871 2339 Alexan-

1125 2362 1216 2397 drum
1242 2362 1514 2410 praedecessorem
1530 2360 1686 2401 benedici,
1704 2359 1872 2407 approbari

1125 2427 1155 2452 et
1189 2417 1365 2452 confirmari
1395 2414 1550 2461 cupiebat.
1579 2414 1666 2449 Idem
1697 2413 1874 2448 Alexander

1125 2472 1347 2518 praedecessor
1365 2470 1472 2517 Pyrrhi
1492 2469 1732 2515 archiepiscopi,
1747 2480 1782 2502 ac
1794 2467 1871 2502 Sixti

1125 2534 1153 2559 et
1175 2525 1363 2568 Innocentii,
1387 2524 1665 2571 praedecessorum
1695 2522 1872 2568 praedicto-

1126 2594 1192 2616 rum
1209 2609 1217 2621 ,
1245 2594 1280 2615 ac
1302 2593 1374 2615 suas
1398 2580 1502 2614 literas
1524 2578 1720 2626 praedictas,
1749 2590 1870 2612 necnon

1125 2637 1229 2671 omnia
1257 2643 1287 2670 et
1320 2634 1442 2681 singula
1470 2634 1500 2668 in
1528 2634 1572 2669 eis
1607 2640 1778 2674 contenta;
1813 2632 1872 2667 alia

1876 232 1926 258 An.
1944 231 1972 257 C.
1993 229 2059 255 ¹:³00
