2281 3251
104 243 152 270 Αιι,
174 243 202 270 C.
219 242 284 270 ¹506
949 235 1053 258 irritus

350 301 370 347 g
391 301 449 333 27.
465 296 643 340 Praeterea,
659 307 731 330 cum
756 293 804 328 fel.
832 292 952 327 record.
969 291 1051 326 Gre-

117 358 197 399 ¹>¹4¹=·‹*¹-·¹
227 358 276 377 Μ·
302 351 408 396 gorius
434 347 477 382 XI
506 345 739 393 praedecessor,
760 345 790 377 in
814 342 904 376 dictis
925 341 991 375 suis
1015 341 1053 374 li-

103 389 286 440 '}(¹,I„[.'{„‘}}¹,'¹f‡,]jfssg
305 399 390 442 teris,
408 396 558 444 generali,
575 394 720 441 vigilibus
743 401 771 427 et
797 390 1053 438 provincialibus,

104 456 122 471 ‘¹'
140 458 231 502 [uffifst
247 451 286 470 ⁴³³⁵·
304 458 425 482 necnon
448 443 682 480 correctoribus
716 442 869 477 localibus
892 449 920 473 et
944 452 1052 474 eorum

105 489 213 511 ⁹⁰¹¹''m'''
303 496 435 535 vicariis,
463 493 645 529 absolvendi
670 492 778 526 fratres
801 489 943 524 eiusdem
964 489 1055 523 Ordi-

304 547 362 585 nis;
385 557 421 580 ac
443 544 535 578 etiam
557 541 705 577 fratribus
721 541 793 574 dieti
817 539 960 582 Ordinis,
976 549 1056 585 quos

304 595 362 642 ipsi
386 592 569 628 huiusmodi
593 591 774 638 superiores
806 589 971 623 habuerint
1001 599 1055 634 pro

305 654 446 691 tempore
473 643 503 676 in
528 641 738 679 confessores,
766 638 948 673 absolvendi
973 637 1057 683 ipsos

305 693 483 739 superiores
506 691 544 725 ab
567 689 748 724 excessibus
771 696 801 722 et
823 687 979 725 censuris,
996 686 1054 719 nisi

306 743 376 777 talia
404 742 527 779 forent,
551 747 680 787 propter
702 750 782 785 quae
804 744 910 771 essent
937 735 973 770 ad
996 734 1057 769 Se-

305 793 376 827 dem
400 789 615 838 Apostolicam
651 789 763 822 merito
791 785 995 827 destinandi,
1023 796 1057 817 ac

305 854 378 877 cum
408 841 453 875 eis
475 839 612 885 desuper
634 836 861 884 dispensandi,
889 833 1032 868 coneedit
1050 845 1055 865 :

306 901 335 926 et
359 897 531 938 praeterea,
549 888 602 933 qui
625 889 689 921 sint
707 884 899 927 destinandi,
919 895 1058 930 persaepe

309 948 474 975 revocetur
497 939 526 972 in
550 937 693 973 dubium:
719 943 749 969 ut
778 934 1006 968 absolventium
1030 939 1059 965 et

307 988 586 1031 absolvendorum,
610 984 862 1032 dispensantium
882 990 911 1016 et
934 981 1058 1028 dispen-

309 1047 460 1078 satorum,
485 1050 540 1085 pro
566 1043 663 1082 parte,
693 1033 817 1081 puritati
848 1030 1059 1066 conscientiae

309 1088 532 1130 consulamus,
559 1084 755 1119 declaramus
777 1081 953 1116 haereticos
970 1108 977 1120 ,
1004 1091 1060 1114 re-

311 1138 431 1184 lapsos,
459 1134 694 1173 schismaticos,
721 1142 750 1167 et
773 1131 826 1178 qui
850 1130 955 1164 literas
977 1141 1060 1175 apo-

310 1187 437 1222 stolicas
461 1184 678 1219 falsificassent
699 1190 751 1216 aut
769 1181 806 1215 ad
830 1179 974 1213 infideles
989 1189 1061 1224 pro-

311 1236 406 1270 hibita
435 1234 636 1276 detulissent,
659 1231 822 1266 dumtaxat
845 1240 913 1263 esse
941 1228 978 1261 ad
1002 1226 1062 1261 Se-

309 1286 380 1320 dem
411 1283 601 1332 praedictam
630 1281 743 1315 merito
765 1276 983 1317 destinandos,
1013 1288 1062 1310 re-

310 1334 403 1382 liquis
427 1345 500 1368 vero
516 1330 677 1371 omnibns,
703 1330 797 1365 etiam
820 1327 955 1363 simonia
982 1337 1063 1372 qua-

311 1385 519 1430 litercumque
532 1381 668 1420 irretitis,
684 1391 787 1427 posse,
799 1376 932 1425 perillos
947 1375 1063 1423 quibus

312 1433 387 1469 inibi
416 1431 613 1474 conceditur,
636 1428 845 1465 absolutionis
873 1425 1062 1460 beneficium

312 1493 341 1519 et
364 1480 609 1530 dispensationis
626 1507 634 1523 ,
657 1481 742 1514 iuxta
765 1488 896 1512 casuum
921 1475 1064 1521 indigen-

313 1535 386 1568 tiam
411 1531 574 1578 impartiri.
591 1529 629 1563 Et
651 1537 686 1563 ut
708 1529 738 1562 in
755 1527 828 1561 dicti
846 1525 975 1560 Ordinis
993 1536 1065 1570 pro-

314 1581 487 1618 fessoribus
516 1579 620 1615 omnis
633 1577 765 1625 vagandi
786 1575 912 1611 tollatur
929 1573 1064 1614 occasio,

314 1641 343 1667 et
365 1631 402 1666 ad
419 1629 633 1678 Apostolicam
654 1627 769 1663 Sedem
794 1624 977 1660 recurrendi
995 1622 1066 1657 suh-

316 1681 455 1716 trahatur
480 1691 535 1727 pro
549 1689 640 1725 posse
655 1676 838 1719 necessitas,
854 1673 1003 1708 omuibus
1017 1685 1067 1706 su-

317 1729 492 1778 perioribus
508 1736 538 1763 et
554 1739 662 1762 eorum
679 1725 812 1766 vicariis,
836 1723 993 1758 defectum
1010 1734 1067 1755 na-

316 1781 425 1815 talium
454 1791 489 1813 ex
510 1777 677 1819 adulterio,
696 1774 873 1820 sacrilegio,
896 1773 1019 1806 incestu
1039 1779 1067 1805 et

317 1829 430 1878 quovis
452 1828 513 1863 alio
537 1826 688 1873 uephario
710 1833 739 1859 et
762 1824 871 1858 illicito
895 1822 978 1856 coitu
995 1832 1069 1868 pro—

318 1879 475 1919 veniente,
494 1888 617 1912 necnon
641 1887 713 1911 cum
733 1874 794 1915 his,
817 1873 869 1920 qui
898 1883 935 1906 ex
958 1870 1069 1918 quavis

318 1941 424 1973 causa,
452 1935 670 1975 praeterquam
699 1922 864 1958 homicidii
890 1919 1070 1964 voluntarii,

320 1978 473 2026 bigamiae
498 1984 529 2011 et
555 1974 764 2010 mutilationis
786 1971 1001 2006 membrorum
1028 1969 1070 2003 ir-

321 2027 481 2075 regulares
510 2025 636 2069 forent,
662 2016 866 2070 dispensandi
900 2032 972 2054 eum
996 2018 1069 2053 dicti

319 2077 451 2112 Ordinis
472 2075 677 2109 Minimorum
703 2069 934 2120 professoribus
950 2097 958 2107 ,
982 2075 1070 2116 post-

321 2138 414 2174 quam
431 2126 535 2172 ipsum
553 2123 706 2158 Ordinem
727 2120 857 2167 professi
882 2119 1007 2157 fuerint,
1028 2125 1072 2155 ut,

321 2176 446 2211 defectu
478 2182 508 2209 et
536 2172 764 2218 irregularitate
796 2168 978 2203 huiusmodi
1011 2179 1072 2201 non

322 2226 479 2268 obstante,
502 2222 691 2269 irregulares
710 2220 769 2267 ipsi
792 2218 830 2252 ad
853 2227 1073 2265 quoscumque

323 2276 415 2310 etiam
437 2285 545 2308 sacros
567 2271 694 2306 ordines
709 2267 898 2317 promoveri,
921 2275 952 2302 et
967 2267 998 2300 in
1013 2266 1076 2300 illis

323 2325 416 2360 ctiam
439 2322 543 2358 altaris
565 2320 713 2368 mysterio
742 2318 932 2357 ministrare,
960 2324 989 2351 et
1013 2326 1074 2350 tam

325 2375 384 2422 ipsi
406 2371 595 2418 irregulares
622 2381 716 2417 quan]
745 2368 903 2402 defectum
928 2365 1075 2400 natalium

326 2423 490 2470 patienteS,
505 2421 542 2456 ad
559 2430 776 2467 quascumque
788 2414 1078 2451 administrationes

326 2481 356 2507 ct
376 2471 476 2507 officia
504 2470 573 2516 eligi
592 2497 600 2509 ‚
623 2468 720 2513 recipi
745 2474 775 2501 et
797 2465 936 2508 assumi,
965 2463 1078 2510 illaque

326 2533 435 2568 gerere
456 2527 488 2555 et
509 2530 654 2554 exercere
676 2516 774 2551 libere
797 2522 826 2549 et
845 2514 929 2549 licite
944 2512 1079 2557 valeant,

329 2579 440 2615 motu,
467 2568 600 2604 scientia
627 2574 658 2601 et
680 2565 863 2600 auctoritate
891 2561 1079 2610 praedictis,

329 2619 532 2655 concedimus
555 2629 609 2665 per
633 2622 825 2663 praesentes.

408 2675 482 2706 Ball.
503 2674 578 2704 Rom.
607 2673 661 2702 t’ul.
685 2672 714 2701 V.

123 1151 160 1176 Qui
172 1151 211 1169 sint
223 1148 246 1168 ad
259 1147 294 1166 St*-

111 1183 157 1201 rlem
175 1182 246 1206 Apost.
263 1185 292 1199 ie

111 1212 214 1233 nubendi.

886 2669 922 2697 Iit}

1725 219 1786 249 441
1860 230 1910 254 An.
1929 227 1955 253 c.
1979 226 2043 253 ianr»

1144 292 1233 333 3⁴28.
1258 287 1417 322 Indultum
1443 299 1514 321 iero
1532 284 1792 333 p1·ac‹l‹·cessoi·is,
1807 282 1845 317 de
1875 288 2033 313 mmmmm-2

1095 339 1226 374 decimis
1254 349 1314 372 nou
1350 335 1511 370 solvendis
1530 363 1537 374 ,
1565 334 1601 369 ad
1625 345 1846 382 quaecumque
1862 326 1908 339 Μ’
1933 336 1935 340 “

1096 390 1175 423 hona
1195 387 1352 422 dictorum
1369 386 1498 420 fratrum
1517 393 1547 419 et
1561 394 1780 432 quascumque
1797 382 1848 416 de-

1095 439 1192 472 cimas
1218 437 1321 479 (etiam
1349 447 1428 482 quas
1454 434 1568 480 vulgus
1593 432 1721 480 papales
1736 431 1847 479 appel-

1097 488 1149 530 lat,
1188 495 1217 521 et
1240 486 1422 532 Apostolica
1437 483 1549 521 Sedes,
1579 495 1634 530 pro
1657 482 1847 516 christianae

1098 537 1167 571 tide}
1192 535 1401 577 defensione,
1432 541 1486 567 aut
1513 532 1582 567 aliis
1609 530 1848 565 imminentibus

1099 596 1248 633 persaepe
1265 582 1518 626 necessitatibus,
1535 581 1675 624 indulsit)
1699 588 1730 615 et
1751 591 1848 627 quae·

1098 645 1234 681 cumque
1257 633 1314 667 alia
1334 644 1440 673 onera,
1465 639 1550 665 motu
1565 639 1595 665 et
1610 629 1740 665 scientia
1757 639 1848 675 prae-

1098 685 1203 727 dictis,
1215 681 1438 721 extendimus2
1458 681 1664 715 decernentes
1677 679 1786 713 fratres
1803 678 1850 724 ip-

1099 746 1150 768 sos
1177 732 1352 769 Minimos,
1387 730 1508 764 etiamsi
1544 741 1598 776 per
1629 739 1850 776 quoscumque

1099 789 1275 829 exemptos,
1303 781 1396 815 etiam
1417 778 1645 819 Mendicantes‚
1664 777 1740 812 solvi
1758 788 1849 810 man-

1099 832 1269 875 darentur,
1298 842 1369 864 cum
1397 828 1564 876 quibusvis
1592 826 1798 873 derogatoriis
1819 834 1849 860 et

1101 880 1281 916 fortioribus
1301 878 1463 919 clausulis,
1486 877 1524 912 ab
1548 877 1671 911 illarum
1695 875 1851 910 solutione

1101 930 1266 970 cessando,
1289 940 1437 964 censuras
1459 935 1488 962 et
1511 938 1629 973 poenas
1651 927 1772 972 aliquas
1789 937 1850 959 non

1102 981 1285 1022 incurrere,
1314 978 1370 1012 uisi
1401 975 1619 1024 praesentibus
1647 975 1773 1014 nostris,
1798 985 1852 1020 per

1103 1028 1306 1077 particulares
1332 1034 1386 1061 aut
1403 1026 1480 1061 alias
1502 1025 1660 1059 clausulas
1681 1023 1851 1071 specialem

1102 1078 1294 1113 mentionem
1319 1076 1535 1122 importanteS,
1559 1086 1620 1109 non
1645 1074 1730 1113 alias,
1745 1073 1785 1107 sit
1799 1072 1854 1106 de-

1103 1135 1245 1174 rogatum
1263 1154 1271 1167 ,
1299 1125 1448 1172 specifice
1477 1136 1584 1159 earum
1620 1122 1659 1157 de
1688 1122 1782 1157 verbo
1815 1120 1851 1155 ad

1103 1176 1234 1212 verbum
1259 1176 1376 1210 inserto
1400 1183 1520 1208 tenore.

1152 1226 1243 1272 5⁶29.
1259 1224 1503 1268 Ceterum,cum
1515 1221 1615 1256 felicis
1629 1219 1858 1256 recordationis
1887 1230 1956 1254 Eun„
1967 1233 1994 1248 im
2007 1236 2015 1246 s,
2029 1234 2056 1247 m.

1105 1275 1307 1310 innocentius
1336 1273 1419 1320 Papa
1451 1272 1516 1316 IV,
1544 1270 1768 1318 praedecessor
1799 1262 2057 1311 no-[fflfff'‘}'1¹‚⁸„⁰[f

1104 1333 1179 1369 ster,
1201 1325 1275 1359 olIm
1292 1323 1416 1358 duxerit
1432 1321 1647 1361 statuendum,
1665 1328 1695 1354 ut
1711 1318 1860 1365 exempti,
1875 1323 1936 1343 ¹1u¹¹·‘
1954 1330 1956 1337 ⁴
1971 1331 1975 1339 ·
1991 1323 2035 1340 ¹²¹⁰*

1104 1383 1359 1422 quantacumque
1387 1371 1543 1418 gaudeant
1567 1369 1720 1413 libertate,
1743 1368 1862 1402 nihilo-

1107 1426 1213 1459 miuus
1235 1433 1352 1467 tamen,
1380 1422 1498 1456 ratione
1525 1419 1630 1455 delicti
1653 1431 1708 1453 seu
1737 1425 1863 1452 contra-

1106 1483 1186 1516 ctus,
1209 1481 1262 1508 aut
1285 1472 1341 1512 rei,
1364 1471 1402 1505 de
1425 1483 1485 1517 qua
1508 1476 1617 1503 contra
1641 1468 1727 1515 ipsos
1748 1468 1861 1514 agitur,

1108 1525 1163 1559 rite
1183 1523 1302 1570 possint
1316 1533 1420 1556 coram
1437 1520 1580 1554 locorum
1601 1517 1766 1552 ordinariis
1785 1528 1864 1551 con-

1109 1574 1254 1617 i·eniri,et
1265 1569 1514 1618 illi,quoadhoc,
1527 1580 1616 1603 suam
1631 1568 1755 1614 inipsos
1770 1566 1864 1600 iuris-

1108 1623 1280 1657 dictionem
1308 1624 1412 1668 (prout
1438 1620 1487 1653 ius
1504 1618 1609 1664 exigit)
1632 1628 1792 1655 exercere,
1806 1627 1864 1649 nos

1109 1673 1195 1707 vobis
1210 1675 1256 1715 (ut
1271 1669 1436 1705 occasione
1452 1667 1687 1703 constitutionis
1702 1666 1866 1699 huiusmo-

1110 1723 1138 1756 di
1172 1722 1294 1756 nullum
1323 1718 1520 1754 libertatibus
1552 1724 1582 1751 et
1613 1714 1867 1750 immunitatibus

1111 1771 1198 1806 vobis
1212 1778 1242 1806 et
1257 1768 1370 1805 Ordini
1393 1776 1510 1811 vestro,
1527 1778 1581 1813 per
1598 1765 1757 1812 privilegia
1776 1771 1806 1798 et
1823 1764 1868 1797 iu-

1112 1821 1302 1868 dulgentias,
1329 1818 1368 1852 ab
1396 1816 1579 1864 Apostolica
1597 1814 1682 1850 Sede
1709 1813 1867 1849 concessis

1110 1879 1163 1905 aut
1177 1872 1206 1904 in
1225 1877 1384 1918 posterum
1407 1865 1620 1901 concedendis
1642 1863 1867 1911 praeiudicium

1111 1922 1290 1968 generetur)
1313 1916 1498 1952 auctoritate
1527 1914 1739 1962 praesentium
1763 1912 1869 1947 indul-

1112 1982 1238 2016 gemus,
1249 1968 1457 2003 decernentes
1472 1978 1525 1999 ros
1541 1977 1594 1999 seu
1615 1975 1764 2011 personas
1776 1961 1867 1996 vestri

1112 2019 1255 2058 Ordinis,
1283 2018 1313 2052 in
1342 2015 1511 2064 praedietis
1542 2013 1667 2048 casibus
1689 2011 1869 2050 ordinariis,

1114 2074 1189 2121 ipsis
1208 2072 1340 2107 minime
1357 2069 1532 2105 subiacere.
1560 2066 1768 2101 Decernimus
1795 2076 1870 2110 ergo

1115 2127 1236 2161 irritum
1265 2123 1415 2173 quicquid
1440 2130 1549 2157 contra
1577 2128 1717 2154 tenorem
1742 2130 1872 2153 conces·

1115 2181 1241 2216 sionum
1265 2188 1293 2214 et
1321 2176 1546 2212 inhibitionum
1575 2172 1785 2212 huiusmodi,
1819 2184 1872 2218 per

1116 2245 1335 2283 quoscumque
1345 2231 1434 2266 fuerit
1449 2236 1648 2268 attentatnin3
1662 2235 1691 2262 et
1701 2225 1871 2266 interdicti,

1116 2288 1336 2336 suspensionis
1351 2294 1378 2320 et
1395 2281 1734 2319 excommunicationis
1749 2287 1874 2314 seuten-

1118 2344 1186 2383 tias,
1215 2343 1238 2378 si
1268 2342 1339 2388 quis
1362 2346 1469 2374 contra
1492 2335 1728 2379 concessiones,
1752 2334 1874 2369 consti-

1119 2397 1256 2431 tutiones
1275 2404 1304 2430 et
1324 2392 1532 2428 inhibitiones
1546 2389 1673 2425 easdem
1701 2389 1731 2422 in
1758 2399 1812 2422 vos
1827 2387 1872 2421 vel

1120 2459 1257 2485 vestrum
1285 2448 1419 2494 aliquos,
1444 2452 1496 2480 aut
1513 2444 1580 2479 loca
1608 2450 1720 2483 vestra,
1739 2453 1794 2476 seu
1819 2440 1874 2474 be-

1121 2504 1295 2538 nefactores
1310 2509 1427 2535 vestros
1450 2497 1496 2532 vel
1512 2505 1697 2532 executores
1715 2502 1767 2529 aut
1797 2494 1874 2528 hae-

1122 2558 1211 2593 redes
1235 2555 1411 2604 praedictos
1438 2553 1468 2587 in
1491 2560 1651 2600 posterum
1680 2547 1871 2596 promulgari

1122 2611 1297 2658 contigerit,
1328 2609 1455 2656 penitus
1484 2619 1544 2641 non
1575 2614 1690 2639 tenere.

1077 236 1096 257 ll
1124 237 1170 256 ΙΨ.
