2281 3251
103 257 150 282 An.
169 256 196 282 C.
220 257 281 283 tlisst

116 956 151 976 {tic
168 957 214 976 iden
231 955 286 976 Pon-

103 987 131 1006 tii.
150 987 237 1013 plurima
253 988 286 1013 ip-

103 1023 172 1038 sorum
186 1017 285 1039 Ordinum

103 1049 197 1074 privileg.
209 1055 286 1075 appro-

103 1080 157 1099 bavit
192 1083 210 1099 ct
246 1080 285 1099 alia

104 1111 217 1130 rancessit.

112 1445 151 1465 Sed
162 1446 287 1472 eorumqui-

103 1477 131 1495 cti
160 1475 221 1502 plene
244 1482 286 1496 non

104 1507 214 1526 consuluit

115 1986 225 2006 Confirmat
245 1987 284 2005 ita-

103 2023 141 2044 que
166 2017 227 2037 latins
247 2022 285 2037 eo-

103 2054 146 2068 rum
159 2048 234 2071 gratias
244 2050 285 2068 tam

103 2078 204 2105 spiritual.
225 2084 285 2105 quani

102 2109 236 2135 temporales⁴

940 253 1051 274 3'»1Xsl'³
1074 252 1103 274 ΙΥ
1128 252 1175 274 ΡΡ.

1719 240 1789 272 279

300 309 396 344 exiret
417 320 514 343 sonus
536 320 659 350 eorum,
677 316 706 341 et
730 306 897 341 redderent
919 306 979 341 sibi
998 318 1048 351 po-
1092 319 1158 339 rum
1184 305 1400 347 remissiones,
1425 304 1452 337 in
1477 315 1591 348 genere
1612 303 1656 338 vel
1681 304 1711 338 in
1734 304 1838 350 specie

301 359 407 404 pulum
433 356 655 403 acceptabilem
684 364 714 389 et
737 355 892 390 bonorum
916 367 1045 401 operum
1091 354 1237 389 fratribus
1273 363 1303 388 et
1340 352 1502 388 sororibus
1529 352 1787 387 Praedicatorum
1810 361 1839 386 et

299 415 494 442 sectatorem.
519 405 566 439 Ad
593 405 821 451 praedictorum
843 405 936 450 igitur
952 404 1047 438 Prae—

300 456 471 490 dicatorum
500 463 528 489 et
558 455 716 489 Miuorum
740 454 867 487 fratrum
896 453 1048 496 Ordines,

299 517 390 550 quos,
420 516 474 550 pro
515 515 624 538 corum
652 502 856 548 amplissimis
878 502 997 536 meritis
1019 511 1047 536 et

301 553 465 587 uberrimis
481 552 648 596 fructibus,
668 563 748 598 quos
771 552 800 585 in
825 551 882 585 Dei
906 550 1047 585 Ecclesia

300 602 448 636 continue
482 602 627 644 afferunt,
665 612 737 647 prae
764 601 894 634 caeteris
922 608 1047 646 paterna

300 651 449 686 charitate
462 650 636 696 diligimus,
647 659 771 683 nostrae
786 649 1049 684 considerationis

301 700 447 734 intuitum
470 700 654 745 dirigentes,
678 699 726 732 illa
750 699 796 733 eis
818 698 950 733 libenter
973 711 1049 732 con-

300 753 443 787 cedimus
460 781 468 791 ,
490 753 616 800 quaein
639 752 685 786 eis
706 760 829 798 optatae
852 752 966 798 quietis
984 751 1050 785 fru-

300 811 384 836 ctum
400 802 549 837 inducant
564 809 594 836 et
608 810 721 836 statum
739 813 847 835 eorum
865 801 978 835 faciant
996 812 1049 846 pa-

300 851 423 886 cificum
444 860 473 885 et
496 850 711 897 tranquillum.

349 901 369 947 5
393 903 423 935 l.
447 899 575 934 Dudum
599 900 756 946 siquidem
776 898 978 933 utOrdinum
995 910 1049 932 eo-

302 950 444 984 rumdem
474 949 684 995 professorum
698 949 790 982 statui
807 957 836 982 et
859 948 957 994 quieti
974 959 1051 981 con-

301 999 490 1037 suleremus,
508 1007 596 1032 motu
614 998 740 1044 proprio
755 997 922 1031 nonnullas
946 997 1050 1030 literas

301 1047 495 1082 diversorum
513 1047 728 1081 Romanorum
755 1045 939 1079 Pontificum
961 1057 1051 1091 prae-

301 1097 501 1131 decessorum
538 1105 716 1131 nostrorum
752 1095 846 1128 dictis
873 1094 1051 1128 Ordinibus

301 1158 466 1180 concessas
488 1154 517 1180 et
546 1146 574 1179 in
605 1145 664 1179 illis
691 1152 835 1178 contenta
863 1142 1051 1189 approbavi-

302 1208 372 1229 mus
395 1204 423 1228 et
446 1195 656 1233 extendimus,
679 1206 714 1227 ac
737 1192 886 1227 nonnulla
909 1192 948 1226 de
971 1204 1052 1226 novo

301 1245 346 1278 eis
373 1244 600 1282 concessimus,
625 1250 716 1288 prout
741 1242 770 1275 in
787 1242 918 1275 diversis
937 1241 1052 1275 nostris

302 1293 399 1327 literis
432 1293 569 1339 desuper
603 1291 757 1326 confectis
794 1290 916 1337 plenius
949 1291 1052 1324 conti-

301 1350 402 1376 netur.

349 1395 364 1434 ἓ
385 1394 419 1424 2.
442 1390 522 1425 Cum
538 1399 656 1429 autem,
672 1389 753 1423 sicut
778 1388 980 1434 postmodum
997 1399 1051 1421 ac-

301 1441 453 1486 cepimus,
477 1452 530 1486 per
546 1438 728 1474 huiusmodi
744 1438 976 1484 ampliationes,
993 1437 1051 1471 de-

301 1488 499 1531 clarationes,
526 1489 727 1523 extensiones
754 1495 783 1521 et
805 1487 1027 1521 concessiones
1043 1513 1052 1529 ,

301 1537 405 1572 adhue
428 1538 510 1572 totali
534 1537 719 1572 eorumdem
741 1535 898 1570 Ordinum
922 1544 952 1568 et
975 1534 1052 1569 illo—

302 1599 370 1621 rum
393 1587 604 1633 professorum
625 1585 720 1632 quieti
746 1586 848 1630 plene,
868 1592 898 1617 ut
912 1583 1051 1630 expedit,

301 1648 362 1669 non
391 1637 584 1674 consulatur,
607 1643 826 1680 asseraturque
849 1646 865 1667 a
890 1632 1052 1667 nonnullis

301 1697 357 1731 per
378 1685 504 1719 easdem
533 1685 654 1725 literas,
677 1696 788 1717 omnes
810 1683 924 1728 gratias
955 1682 1053 1728 spiri—

301 1734 401 1768 tuales
430 1742 461 1767 et
495 1734 683 1780 temporales
710 1732 803 1766 dictis
825 1731 1000 1765 Ordinibus
1022 1739 1052 1764 et

299 1795 408 1817 eorum
432 1782 581 1817 domibus
603 1791 633 1816 et
655 1780 804 1816 fratribus
830 1793 846 1814 a
871 1780 1054 1826 praedeces-

300 1832 424 1866 soribus
447 1832 561 1866 nostris
582 1842 750 1866 concessas
776 1830 965 1876 approbatas
988 1841 1050 1862 non

300 1880 376 1915 fore:

350 1935 365 1973 ξ
385 1934 416 1964 5.
436 1929 511 1969 Nos,
527 1937 642 1964 attenta
667 1928 868 1963 meditatione
885 1935 1052 1973 pensantes

299 1987 451 2026 quantum
482 1979 624 2013 utilitatis
651 1979 688 2013 ad
716 1976 937 2011 exaltationem
967 1976 1053 2010 cbri-

300 2031 417 2064 stianae
441 2028 512 2063 fidei
534 2036 565 2062 et
587 2028 784 2073 evangelicae
809 2026 947 2060 veritatis
961 2025 1053 2060 Ordi-

300 2096 375 2118 num
412 2082 643 2129 praedictorum
680 2081 872 2127 professores
901 2080 1052 2114 hactenus

300 2137 472 2172 attulerunt,
511 2144 541 2170 et
579 2135 688 2169 afferre
716 2134 861 2177 valeant,
883 2134 1053 2168 adiuvante

301 2190 450 2230 Domino,
463 2190 654 2229 infuturum,
670 2200 704 2222 ac
722 2195 884 2234 propterea
901 2187 1052 2230 volentes,

300 2252 335 2278 ut
357 2252 512 2284 tenemur,
535 2255 643 2277 eorum
669 2241 884 2287 tranquillitati
922 2240 1052 2275 uberius

302 2298 483 2344 providere,
520 2305 607 2331 motu
630 2295 742 2336 simili,
766 2308 827 2329 non
851 2295 887 2329 ad
912 2296 1050 2342 ipsorum

301 2352 430 2387 fratrum
453 2360 483 2386 et
505 2362 646 2386 sororum
665 2377 672 2390 ,
700 2357 749 2384 aut
774 2349 901 2383 alterius
931 2361 986 2395 pro
1008 2349 1053 2382 eis

301 2406 392 2441 nobis
418 2418 514 2452 super
537 2405 596 2440 boc
618 2403 739 2438 oblatae
757 2403 917 2449 petitionis
933 2403 1052 2436 instan—

302 2460 374 2494 tiam
391 2487 399 2500 ,
426 2456 481 2494 sed
509 2458 548 2493 de
575 2466 680 2493 nostra
708 2469 792 2492 mera
816 2456 1000 2491 liberalitate
1023 2463 1053 2490 et

301 2526 340 2548 ex
361 2522 443 2548 certa
466 2521 571 2548 nostra
607 2512 748 2550 scientia,
772 2522 991 2558 quascumque
1014 2509 1052 2544 li-

301 2575 383 2602 teras
405 2576 435 2602 et
455 2566 568 2613 gratias
595 2565 776 2613 spirituales
798 2573 829 2599 et
852 2563 1052 2610 temporales,

302 2622 523 2658 concessiones
556 2629 586 2657 et
616 2620 828 2667 indulgentias
849 2631 884 2654 ac
908 2626 1050 2665 peccato·

1091 404 1249 438 Minorum
1277 402 1434 436 Ordinum
1462 413 1497 436 ac
1523 401 1689 436 domorum
1713 413 1841 436 eorum-

1091 453 1181 496 dem,
1208 464 1331 486 necnon
1360 450 1559 485 visitantibus
1583 450 1707 484 illorum
1738 450 1840 485 eccle-

1091 503 1163 544 sias,
1185 500 1343 547 cappellas
1362 509 1391 535 et
1408 500 1539 535 oratoria
1562 511 1741 542 concessaS,
1756 511 1841 545 qua-

1093 563 1160 584 rum
1184 560 1336 592 tenorem,
1359 562 1394 583 ac
1415 549 1441 583 si
1469 548 1508 583 de
1532 548 1625 583 verbo
1647 549 1684 582 ad
1710 548 1839 583 verbum

1093 599 1309 646 praesentibus
1332 601 1557 640 insererentur,
1570 597 1677 632 baberi
1697 597 1842 632 volumus

1094 661 1147 693 pro
1167 660 1328 694 expresso,
1352 646 1565 693 praesentium
1589 655 1698 681 tenore
1719 658 1842 693 appro-

1093 697 1215 740 bamus,
1235 704 1265 731 et
1283 696 1378 731 robur
1402 695 1556 730 firmitatis
1585 703 1757 742 perpetuae
1784 695 1843 729 ob-

1093 747 1192 780 tinere
1211 746 1422 785 decernimus3
1440 756 1559 791 proque
1577 745 1689 792 potiori
1709 744 1843 787 cautela,

1092 795 1263 841 apostolica
1285 794 1480 834 auctoritate,
1494 794 1533 828 de
1556 805 1649 833 novo,
1664 793 1749 828 iuxta
1772 793 1844 827 lite-

1094 856 1197 878 rarum
1220 843 1357 889 desuper
1379 854 1599 877 concessarum
1617 842 1842 877 continentiam

1094 901 1123 927 et
1151 901 1306 936 tenorem,
1321 891 1527 926 concedimus
1549 900 1579 926 et
1606 891 1769 938 largimur.

1141 947 1156 984 ς’
1178 944 1211 975 4.
1235 941 1274 975 Ει
1298 949 1330 975 ut
1352 940 1639 979 ecclesiae,domns
1656 949 1687 975 et
1710 940 1844 975 oratoria

1094 990 1348 1025 Praedicatorum
1364 997 1395 1024 et
1410 989 1567 1023 Minorum
1583 988 1739 1024 Ordinum
1755 1001 1845 1036 prae-

1093 1040 1249 1074 dictorum
1264 1051 1319 1086 per
1330 1039 1512 1073 universum
1524 1037 1633 1073 orbem
1647 1045 1846 1073 constructae

1094 1097 1123 1123 et
1138 1088 1330 1129 aedificatae,
1347 1097 1377 1122 et
1392 1099 1471 1133 quae
1488 1087 1629 1122 construi
1644 1096 1675 1122 et
1688 1087 1844 1122 aedificari

1095 1137 1259 1183 contigerit
1283 1137 1312 1171 in
1337 1136 1494 1175 futurum,
1518 1148 1656 1182 congrua
1679 1136 1845 1171 devotione

1095 1196 1123 1221 et
1140 1187 1338 1221 veneratione
1360 1198 1377 1220 a
1399 1185 1657 1220 christifidelibus
1673 1186 1846 1224 visitentur,

1094 1248 1128 1270 ac
1151 1248 1232 1282 quae
1252 1235 1452 1280 imperfectae
1474 1243 1559 1278 sunt,
1584 1234 1796 1281 perficiantur,
1809 1233 1846 1268 ad

1095 1285 1361 1331 complementum
1382 1283 1590 1323 deducantur,
1615 1292 1644 1318 et
1671 1283 1847 1330 completae

1095 1342 1321 1369 conserventur
1348 1342 1378 1368 et
1401 1341 1686 1373 manuteneantur;
1721 1344 1844 1367 necnon

1097 1384 1287 1429 paramentis
1314 1391 1343 1417 et
1378 1382 1447 1416 aliis
1481 1381 1519 1416 ad
1554 1382 1696 1416 divinum
1725 1381 1846 1416 cultum

1096 1432 1170 1466 inibi
1196 1431 1393 1476 necessariis,
1409 1430 1514 1466 debite
1533 1439 1700 1472 omentum
1724 1430 1847 1477 ipsique

1095 1481 1316 1515 christifideles
1339 1480 1377 1515 ad
1401 1481 1499 1515 dictas
1528 1480 1678 1515 ecclesias
1692 1492 1728 1515 eo
1743 1479 1848 1514 liben-

1095 1530 1156 1564 tius
1189 1530 1351 1565 confluant
1390 1538 1420 1564 et
1450 1529 1489 1563 ad
1527 1530 1699 1575 praemissa
1737 1541 1849 1563 manus

1097 1580 1272 1625 promptius
1285 1578 1446 1626 porrigant
1462 1579 1643 1622 adiutrices,
1654 1590 1718 1625 quo
1733 1590 1771 1612 ex
1788 1578 1848 1615 hoc

1095 1628 1210 1662 ibidem
1234 1628 1318 1663 douo
1348 1628 1494 1664 coelestis
1525 1627 1643 1674 gratiae
1665 1639 1847 1674 conspexe—

1096 1678 1156 1711 rint
1178 1690 1212 1712 se
1235 1678 1385 1713 refectos:
1414 1678 1453 1713 de
1475 1677 1702 1723 omnipotentis
1713 1676 1771 1711 Dei
1788 1677 1848 1711 mi-

1094 1726 1265 1761 sericordia
1303 1738 1338 1761 ac
1378 1726 1541 1761 beatorum
1579 1725 1664 1760 Petri
1701 1734 1730 1760 et
1757 1725 1846 1760 Pauli

1095 1775 1308 1822 apostolorum
1333 1775 1401 1810 eius
1424 1775 1608 1811 auctoritate
1636 1774 1758 1815 confisi,
1776 1775 1847 1809 uni-

1096 1825 1192 1859 versis
1207 1832 1236 1859 et
1259 1824 1392 1871 singulis
1406 1823 1664 1860 christifidelibus
1683 1824 1847 1871 utriusque

1095 1885 1188 1908 sexus
1206 1886 1276 1908 vere
1295 1874 1530 1921 poenitentibus
1557 1881 1587 1908 et
1609 1873 1774 1917 confessis,
1793 1873 1846 1920 qui

1094 1923 1242 1958 ecclesias
1280 1931 1310 1957 et
1345 1925 1480 1958 oratoria
1509 1923 1675 1958 domorum
1716 1922 1845 1956 fratrum

1096 1973 1342 2018 praedictorum,
1366 1973 1395 2006 in
1420 1972 1553 2019 singulis
1579 1985 1604 2006 s.
1635 1971 1791 2006 Dominici
1819 1980 1846 2005 et

1095 2034 1119 2055 s.
1147 2021 1307 2057 Francisci
1326 2050 1334 2062 ,
1356 2031 1484 2057 centum
1519 2033 1619 2056 annos
1653 2029 1684 2055 et
1717 2020 1845 2055 totidem

1095 2076 1322 2122 quadragenas,
1345 2084 1375 2111 et
1399 2077 1427 2110 in
1452 2084 1631 2110 sanctorum
1656 2075 1739 2109 Petri
1763 2086 1847 2108 mar-

1097 2131 1187 2177 tyris,
1210 2131 1351 2165 Tbomae
1385 2130 1423 2164 de
1448 2130 1586 2176 Aquino,
1619 2128 1777 2163 Vincentii
1817 2136 1848 2162 et

1095 2193 1220 2219 sanctae
1247 2185 1437 2219 Catherinae
1459 2184 1497 2218 de
1525 2183 1640 2227 Senis,
1663 2195 1697 2216 ac
1719 2189 1846 2215 sancto-

1098 2251 1164 2272 rum
1194 2239 1322 2273 Antonii
1346 2238 1384 2272 de
1412 2237 1519 2272 Padua
1542 2245 1571 2271 et
1595 2235 1748 2270 Ludovici
1780 2235 1846 2282 epi-

1095 2293 1194 2340 scopi,
1222 2292 1409 2327 Bernardini
1436 2300 1465 2326 et
1493 2298 1618 2325 sanctae
1644 2289 1782 2333 Clarae,
1817 2298 1845 2324 et

1097 2347 1203 2382 beatae
1219 2346 1380 2381 Elisabeth
1395 2345 1596 2380 festivitatum
1612 2343 1737 2387 diebus,
1751 2356 1766 2377 a
1781 2343 1846 2389 pri-

1096 2402 1154 2436 mis
1176 2401 1317 2448 vesperis
1344 2408 1373 2433 et
1396 2412 1450 2446 per
1478 2407 1572 2433 totam
1595 2397 1676 2431 diem
1706 2397 1844 2443 ipsarum

1096 2457 1311 2498 festivitatum,
1322 2452 1551 2501 quinquaginta
1565 2464 1665 2486 annos
1677 2459 1707 2485 et
1717 2450 1843 2485 totidem

1072 2522 1073 2525 ¹
1095 2508 1445 2558 quadragenas,devote
1463 2506 1655 2541 visitaverint
1670 2503 1844 2540 annuatim.

1095 2572 1124 2599 et
1146 2576 1258 2598 manus
1281 2562 1316 2596 ad
1348 2560 1516 2608 praemissa
1540 2568 1590 2595 aut
1618 2571 1726 2594 eorum
1743 2557 1843 2604 aliqua

1098 2617 1295 2665 porrexerint
1328 2614 1520 2655 adiutrices,
1556 2613 1593 2648 de
1629 2611 1778 2647 iniunctis
1799 2611 1845 2646 eis

1853 249 1899 274 An.
1922 246 1950 272 C.
1967 245 2027 272 Ηι81

1872 950 1979 971 indumen.
2005 955 2042 969 eo<

1859 988 1903 1002 rum
1939 981 2042 1001 ειη-Ιυιιυ

1859 1012 1972 1032 visit-antii*v
1991 1018 2042 1030 rou-

1860 1044 1922 1063 ceditv
