2281 3251
44 302 94 331 An.
111 301 142 329 C.
150 301 220 331 -11521

62 913 130 934 Cauno
156 913 191 934 hut
196 918 219 935 ιιι

38 944 203 967 constitutionis.

47 1507 154 1530 Institutio
165 1508 222 1529 iesti-

39 1539 109 1561 vimi·
125 1545 171 1561 cnm
185 1544 224 1560 oc-

40 1574 94 1597 tova,
110 1575 132 1593 et
154 1570 222 1593 ometo

40 1602 133 1631 proprio.

916 302 978 326 nno
1002 302 1025 326 x
1051 303 1101 326 pp,
1666 293 1734 329 769

561 375 672 412 xLix.
1388 358 1425 394 ¹¹·

240 458 332 492 Circa
358 457 588 492 celebrationem
609 459 680 503 festi
704 461 804 494 saneti
834 461 993 496 Francisei
1036 434 1388 517 ΟαῗίΖ-αζγῗῑῖἒίέπώιω
1410 435 1535 491 ee-alme
1549 446 1696 491 pamm-²⁶
1720 448 1782 470 'm'

1287 491 1412 523 antara,
1427 496 1546 529 eiusque
1567 486 1707 519 ecclesiae
1716 497 1783 530 per-

288 517 324 550 d‘
351 516 470 550 Ρααια·
1082 534 1228 577 fruantur
1249 534 1387 567 omnibus
1413 534 1553 572 indultis,
1567 535 1740 579 privileqit’s
1754 542 1780 568 ot

508 594 721 626 SUMMAmUM
1081 583 1278 626 inclulyentit's
1303 583 1446 616 concessis
1459 590 1485 616 et
1506 585 1700 617 concedendis
1717 584 1780 619 Or-

238 660 332 691 Causa
352 660 441 691 huius
465 662 695 693 constitutionis.
712 680 751 686 -—
774 663 921 695 Institutio
944 665 990 696 se·
1081 632 1149 665 dmi
1170 632 1358 665 Cimniemz.
1375 632 1484 666 saneti
1510 634 1667 667 Benefica.
1688 634 1743 677 (η’

278 705 414 736 stivitatis
434 715 500 737 cum
525 711 633 744 octava,
657 712 686 737 et
708 708 802 739 officio
822 710 949 749 proprio.

517 782 567 811 Leo
587 782 658 819 Papa
676 783 708 812 X.

286 853 377 890 Licet
404 866 459 902 per
491 855 567 890 alias
600 864 724 892 nostras
751 857 857 892 literas
889 859 989 893 saneti

237 912 399 948 Francisei
423 913 462 948 de
484 912 595 955 Paula,
623 913 910 964 Ordinis-‚fratrum
931 917 989 951 Mi-

238 972 411 1016 nimorum,
439 971 619 1008 institutum
656 973 770 1008 festum
799 974 836 1009 ab
861 976 988 1011 univer-

237 1030 293 1065 sali
308 1030 450 1066 Ecclesia
465 1031 516 1066 die
532 1032 671 1067 secunda
694 1032 801 1080 aprilis
825 1035 988 1070 annuatim

238 1087 462 1124 celebrandum
491 1089 556 1125 sore
583 1092 807 1136 statuerimus,
842 1093 914 1139 qnia
943 1100 990 1128 ta-

238 1158 310 1182 men
330 1146 368 1181 de
393 1156 516 1182 caetero
537 1149 680 1184 eiusdem
704 1150 803 1185 sancti
830 1149 988 1186 Francisei

238 1204 277 1240 de
299 1204 398 1240 Paula
434 1205 547 1240 festum
583 1207 766 1242 huiusmodi
794 1208 888 1242 etiam
917 1221 988 1243 cum

238 1270 344 1298 octava
366 1262 517 1298 celebrari
539 1264 697 1309 volumus,
728 1265 845 1301 idcirco
869 1267 991 1302 univer-

237 1321 282 1356 sis
305 1330 336 1356 et
363 1321 494 1368 singulis
530 1322 804 1372 archiepiscopis,
832 1325 991 1373 episcopis

237 1386 268 1415 et
289 1379 359 1415 aliis
380 1379 637 1429 quibuscumque
665 1382 810 1429 praelatis
838 1383 989 1420 ecclesia-

237 1437 348 1481 sticis,
384 1447 543 1487 quatenus
578 1440 636 1488 ipsi
673 1449 704 1477 et
738 1453 847 1477 eorum
873 1442 990 1490 singuli

236 1499 337 1534 sancti
364 1498 526 1535 Francisei
557 1499 595 1535 de
622 1499 720 1536 Paula
742 1500 859 1536 festum
876 1501 991 1537 huius-

238 1557 324 1594 modi
351 1570 424 1593 cum
451 1557 554 1594 officio
582 1560 723 1606 proprio,
750 1572 822 1595 cum
852 1560 929 1595 illud
951 1560 992 1596 de

238 1616 333 1653 Sedis
345 1617 549 1665 Apostolicae
563 1617 712 1653 mandato
728 1617 909 1654 ordinatum
926 1618 992 1655 sue-

239 1677 293 1720 rit,
320 1676 397 1712 alias
428 1688 500 1712 cum
537 1676 639 1712 officio
673 1677 767 1712 unius
801 1676 992 1714 confessoris

240 1748 303 1772 non
339 1735 514 1784 pontificis,
536 1747 607 1771 cum
643 1736 769 1783 propria
791 1737 932 1771 oratione
961 1737 991 1771 in

241 1795 310 1831 eius
337 1794 586 1830 canonizationis
608 1807 625 1829 a
652 1794 743 1829 nobis
760 1794 842 1830 edita
865 1795 916 1830 die
943 1807 994 1830 se-

241 1853 343 1889 cunda
376 1853 486 1901 aprilis
513 1852 709 1895 huiusmodi,
737 1853 797 1888 nisi
827 1861 900 1889 tunc
940 1866 995 1889 oc-

243 1918 350 1948 currat
371 1912 471 1947 maior
491 1911 690 1947 hebdomada
713 1913 760 1947 vel
784 1919 890 1947 octava
918 1912 995 1947 Pas—

243 1971 332 2015 chae,
355 1977 384 2006 et
404 1979 480 2005 tunc
502 1970 641 2005 secunda
663 1970 738 2005 feria
762 1978 832 2018 post
854 1978 994 2006 octavam

242 2029 383 2066 Paschae
404 2029 641 2074 huiusmodi,in
665 2030 731 2064 suis
752 2029 946 2071 solemniter3
966 2030 995 2064 in

245 2088 402 2124 dictorum
427 2099 500 2123 vero
523 2087 653 2123 fratrum
675 2088 881 2123 Minimorum
901 2088 997 2124 eccle·

244 2147 300 2183 siis
335 2146 488 2193 singulis,
515 2145 574 2182 sub
607 2146 669 2181 ritu
696 2146 769 2181 sesti
802 2146 938 2195 duplicis
968 2155 999 2182 et

245 2218 319 2242 cum
346 2212 468 2251 octava,
495 2204 656 2241 annuatim
679 2204 839 2240 celebrent
865 2217 921 2241 seu
946 2217 999 2241 ce·

247 2264 360 2301 lebrari
384 2264 545 2300 saciantet
568 2263 732 2306 mandent,
751 2275 912 2312 expresse,
926 2276 1000 2312 apo-

247 2324 356 2360 stolica
385 2323 582 2368 auctoritate,
604 2322 832 2358 committimus
858 2329 888 2358 et
910 2335 999 2358 man-

248 2383 360 2419 damus
383 2395 439 2431 per
460 2389 653 2430 praesentes.

298 2442 416 2477 Datum
438 2440 559 2476 Romae
581 2440 667 2488 apud
689 2439 841 2475 Sanctum
856 2439 1001 2484 Petrum,

250 2500 310 2537 sub
343 2500 462 2536 annulo
494 2499 689 2544 piscatoris,
724 2498 775 2533 die
802 2510 873 2533 xxv
900 2498 1000 2533 martii

250 2570 374 2605 unxxi,
397 2557 600 2607 pontificatus
627 2556 724 2592 nostri
751 2568 833 2592 anno
855 2568 902 2592 lx.

291 2638 351 2669 Dat.
368 2638 415 2669 die
430 2638 468 2668 25
487 2638 584 2668 martii
603 2637 689 2675 1521,
708 2636 810 2677 pontif.
829 2645 906 2667 anno
926 2645 963 2668 ix.

333 2742 406 2773 Bull.
422 2741 499 2773 Rom.
526 2741 579 2772 Vol.
602 2741 630 2772 V.
848 2740 883 2769 97

1304 709 1519 741 SUMMARIUM

1031 772 1198 802 Exordium.
1213 789 1251 794 —
1267 772 1293 802 1.
1316 771 1463 803 Honorius
1482 772 1519 803 ΙΙΙ
1537 774 1748 813 exemptionem
1767 786 1780 805 a

1072 816 1195 846 decimis
1213 817 1360 846 concessit
1378 816 1478 847 Ordini
1498 817 1684 855 Cistercien.;
1701 835 1740 841 —
1755 819 1781 849 Ξ.

1072 861 1212 891 Martinus
1234 861 1255 891 V
1279 861 1438 900 ampliavit;
1460 879 1498 885 -
1520 863 1546 893 3.
1571 862 1667 894 Sixtus
1687 863 1721 894 tv
1741 865 1782 894 si-

1073 906 1180 936 militer
1201 906 1362 945 ampliante
1379 923 1418 928 —
1434 907 1463 937 4.
1484 906 1582 938 innoc.
1600 907 1659 937 Vlll
1682 918 1782 939 mona-

1073 951 1160 980 steria
1181 955 1207 980 et
1225 950 1281 979 alia
1301 950 1362 979 loca
1386 950 1472 980 istius
1496 949 1613 980 Ordinis
1633 951 1687 981 sub
1706 952 1782 991 Apo-

1072 994 1191 1024 stolicae
1222 994 1305 1024 Sedis
1329 995 1508 1034 protectione
1527 997 1693 1032 reservavit,
1717 1001 1743 1026 et
1766 1006 1781 1026 a

1071 1039 1276 1068 iurisdictione
1296 1038 1510 1069 ordinariorum
1523 1049 1556 1069 ac
1569 1040 1715 1070 solutione
1724 1041 1783 1071 col-

1070 1084 1213 1113 lectarum
1234 1088 1260 1113 et
1282 1083 1483 1113 subsidiorum
1504 1085 1618 1114 exemit.
1640 1102 1678 1107 —-
1700 1086 1726 1115 5.
1749 1086 1783 1116 Et

1071 1128 1209 1167 qnoniam
1232 1127 1354 1157 Carolus
1384 1128 1542 1166 imperator
1564 1129 1784 1160 administrator

1072 1172 1193 1202 militiae
1207 1172 1241 1201 de
1254 1172 1418 1207 Alcantara,
1430 1171 1549 1202 Ordinis
1565 1172 1782 1211 Cisterciensis,

1072 1217 1189 1255 exponit
1204 1216 1336 1246 Pontifici
1354 1217 1441 1255 quod,
1460 1216 1528 1246 licet
1544 1217 1651 1247 milites
1667 1218 1723 1257 ipsi
1740 1218 1783 1247 vi-

1073 1265 1139 1290 vant
1157 1260 1212 1290 sub
1231 1261 1342 1299 Regula
1354 1260 1534 1297 Cistercien.‚
1550 1266 1646 1291 tamen
1665 1270 1784 1292 revoca-

1074 1309 1120 1334 tur
1141 1305 1171 1334 in
1191 1304 1313 1334 dubium
1341 1314 1376 1333 an
1399 1305 1456 1343 ipsi
1479 1305 1640 1344 privilegiis
1664 1305 1783 1336 Ordinis

1072 1348 1275 1378 Cisterciensis
1295 1349 1422 1387 gaudere
1439 1349 1573 1386 debeant,
1592 1358 1658 1378 cum
1679 1349 1709 1378 in
1725 1349 1784 1379 illis

1072 1394 1240 1432 specialiter
1261 1393 1402 1423 nominati
1421 1403 1479 1423 non
1502 1393 1622 1430 fuerint,
1637 1410 1674 1415 —
1689 1393 1716 1423 6.
1732 1393 1784 1424 Hic

1074 1439 1159 1468 modo
1182 1437 1316 1468 Pontifex
1338 1438 1466 1468 declarat
1484 1444 1534 1468 eo!
1556 1437 1642 1467 dictis
1661 1437 1784 1468 indultis

1073 1482 1215 1520 gaudere,
1239 1499 1276 1504 —
1300 1482 1325 1512 7.
1348 1482 1381 1512 Et
1404 1482 1490 1513 etiam
1515 1482 1719 1520 indulgentiis.
1747 1499 1786 1505 —-

1072 1526 1099 1556 8.
1115 1525 1271 1556 Clausulae
1288 1526 1497 1566 dorogatoriae.
1509 1527 1583 1557 -9,
1598 1526 1686 1557 Fides
1708 1531 1786 1559 tran-

1074 1575 1270 1611 sumptorum.

1121 1639 1171 1668 Leo
1187 1637 1329 1675 episcopus
1353 1645 1453 1669 servm
1474 1644 1614 1668 servorum
1632 1638 1692 1672 Dei.

1170 1689 1204 1717 ad
1230 1689 1392 1725 perpetuam
1425 1688 1466 1717 rei
1484 1689 1651 1720 maneriam.

1083 1752 1118 1787 In
1132 1752 1319 1799 apostolicae
1331 1751 1489 1798 dignitatis
1501 1752 1640 1799 specula,
1649 1751 1722 1787 licet
1733 1753 1788 1787 im-

1036 1802 1150 1843 meriti,
1166 1801 1352 1849 disponente
1368 1801 1517 1845 Domino,
1538 1802 1711 1843 constituti,
1726 1802 1788 1837 sub

1037 1851 1232 1898 regularibus
1257 1851 1407 1886 institutis
1428 1851 1534 1887 studio
1555 1852 1624 1898 piae
1639 1851 1720 1886 vitae
1734 1865 1788 1887 va-

1036 1901 1181 1937 cantibus
1197 1901 1355 1948 simnlque
1376 1913 1430 1948 pro
1458 1901 1530 1936 fidei
1546 1901 1718 1936 catholicae
1734 1902 1789 1937 de-

1038 1951 1180 1986 fensione
1202 1950 1407 1986 militantibus
1434 1951 1597 1997 personis,
1626 1951 1787 1997 apostolici

1038 2000 1151 2035 favoris
1179 2000 1367 2048 praesidium
1395 2000 1530 2035 libenter
1556 2000 1789 2047 impendimus;

1038 2063 1074 2085 ac
1097 2050 1163 2092 his,
1191 2062 1272 2097 quae
1294 2050 1512 2085 solidationem
1536 2056 1636 2084 status
1661 2057 1691 2084 et
1713 2062 1789 2097 pro-

1039 2100 1153 2135 fectum
1176 2111 1212 2134 ac
1235 2099 1491 2146 tranquillitatem
1514 2098 1697 2134 earumdem
1728 2112 1785 2134 re—

1040 2150 1192 2197 spiciunt,
1220 2161 1277 2184 nos
1303 2150 1349 2184 eis
1377 2148 1531 2195 gratiosos
1553 2156 1583 2182 et
1604 2147 1789 2184 favorabiles

1040 2199 1238 2241 exhibemus,
1262 2206 1353 2246 prout
1387 2198 1480 2233 etiam
1503 2197 1729 2232 catholicorum
1746 2211 1789 2233 re-

1040 2261 1116 2295 gum
1140 2257 1209 2284 vota
1232 2255 1459 2295 exposcunt,et
1475 2247 1504 2281 id
1527 2247 1743 2294 conspicimus
1758 2248 1788 2282 in

1040 2299 1180 2334 Domino
1207 2298 1372 2332 salubriter
1392 2297 1549 2343 expedire.

1091 2349 1111 2395 S
1134 2351 1165 2382 1.
1186 2347 1312 2382 Dudum
1329 2346 1498 2394 siquidem,
1513 2355 1676 2395 postquam
1694 2347 1791 2382 felicis

1043 2397 1268 2433 recordationis
1303 2396 1464 2431 Honorius
1485 2395 1539 2437 III,
1564 2405 1597 2430 ut
1625 2396 1733 2431 nullus
1755 2395 1792 2430 ab

1043 2447 1154 2482 abbate
1187 2445 1366 2480 monasterii
1398 2445 1637 2490 Cisterciensis,
1664 2445 1793 2480 Cabilo-

1044 2497 1150 2532 nensis
1174 2495 1339 2539 dioecesis,
1372 2495 1504 2542 eiusque
1532 2494 1736 2529 coabbatibus
1763 2501 1794 2528 et

1045 2546 1202 2594 prioribus
1213 2557 1248 2580 ac
1260 2544 1439 2589 abbatissis,
1448 2544 1578 2591 aliisque
1590 2544 1734 2592 personis
1743 2543 1795 2578 Ci-

1081 2616 1119 2654 (t)
1136 2616 1279 2649 Consonat,
1296 2615 1382 2651 quoad
1400 2615 1462 2643 alios
1478 2615 1557 2642 huius
1582 2613 1689 2642 Ordinis
1700 2614 1795 2642 milites

1046 2658 1079 2685 de
1094 2657 1241 2689 Calatrava,
1267 2656 1373 2684 constit.
1395 2664 1435 2683 xx
1460 2655 1518 2683 Iulii
1540 2656 1573 2688 11,
1594 2656 1715 2687 Romani,
1732 2662 1793 2691 pag.

1046 2698 1098 2727 ⁴66
1118 2697 1197 2725 huius
1214 2696 1288 2725 tomi.

1798 305 1848 334 An.
1865 304 1895 333 C.
1913 305 1978 344 ¹⁸²¹.

1835 1772 1945 1794 hei-dim

1833 2358 1936 2379 tioium-tun
1961 2357 1989 2378 ΠΙ

1807 2390 1962 2416 exemptionem
1979 2395 1990 2408 ι

1807 2421 1894 2443 decimis
1905 2424 1992 2441 cesion-

1808 2452 1834 2471 sit
1856 2451 1927 2471 Ordtni
1956 2449 1991 2470 Ci-

1808 2482 1920 2503 metensi
1933 2488 1937 2505 ;
