2281 3251
95 274 110 299 A
120 281 143 300 nt
163 273 189 298 C⁴
210 274 272 299 tlon

90 1069 202 1096 oerogauo
212 1077 263 1092 ron-

84 1101 203 1122 turiurum,

88 1515 215 1535 obedientia
227 1520 259 1534 ei·

78 1547 124 1566 dem
139 1547 219 1566 vlturio
235 1545 259 1565 uh

76 1577 173 1598 omnibns
196 1581 258 1602 prate—

78 1609 160 1629 utenda.

88 1960 186 1982 flou-nu
195 1964 218 1983 nd
229 1963 256 1983 υἰ-

75 1992 143 2013 fictum
165 1993 257 2020 dulgen-

75 2027 107 2044 ter
146 2029 256 2051 exequen-

75 2055 119 2075 dum

931 274 1050 298 Pauca
1076 276 1098 298 tt
1124 277 1168 299 ΡΡ.

293 336 418 373 menta,
451 328 602 363 ecclesias
633 328 818 373 dedicandi,
857 337 887 364 et
913 340 965 364 eas
994 330 1038 364 vel

289 388 394 411 earum
423 378 609 412 caemeteria
634 377 880 417 reconciliandi;
916 378 1038 425 aliaque

288 426 390 460 omnia
414 435 444 461 et
466 426 591 473 singula
617 426 765 465 faciendi,
789 427 932 471 gerendi,
960 428 1039 462 ordi-

288 475 400 520 nandi,
427 475 635 522 disponendi,
659 476 842 519 exercendi,
867 476 1036 510 mandandi

286 534 312 558 et
342 525 539 571 exequendi,
567 537 648 572 quae
676 525 712 559 ad
750 525 931 559 huiusmodi
962 527 1039 561 vica-

287 574 385 608 riatus
406 573 543 608 officium
577 575 615 608 de
644 575 712 609 iure
737 574 783 608 vel
806 575 1036 610 consuetudine

287 623 441 668 pertinere
464 632 639 659 noscuntur
653 637 661 665 ς
675 623 922 659 contradictores
945 637 1037 671 quos-

285 671 358 706 libet
384 681 413 707 et
437 673 581 712 rebelles,
611 685 665 720 per
696 685 862 708 censuram
886 674 1035 708 ecclesia-

283 723 393 756 sticam
440 723 705 769 personalemque
744 723 969 757 coercitionem
1006 733 1035 758 et

282 771 338 804 alia
367 780 541 818 opportuna
568 772 644 806 iuris
661 771 808 815 remedia,
827 773 1035 819 appellatione

283 821 720 869 postposita.compescendi.
751 822 874 868 plenam
904 830 932 855 et
961 822 1033 855 libe-

283 881 359 912 ram,
381 871 569 905 auctoritate
593 870 771 918 praedicta,
808 871 916 906 liarum
951 872 1032 906 serie

281 918 458 954 facultatem
492 920 700 955 concedimus
727 928 755 954 et
785 928 968 967 potestatem
999 932 1033 956 ac

280 977 506 1003 auctoritatem.

328 1022 343 1061 ξ
367 1020 398 1052 5.
419 1017 488 1053 Non
513 1019 713 1053 obstantibus
736 1019 759 1052 si
788 1019 947 1065 aliquibus
970 1019 1031 1054 Ec-

279 1067 406 1111 clesiis,
443 1069 644 1103 monasteriis
684 1067 730 1101 vel
765 1067 941 1102 Ordinibus
975 1081 1031 1102 eo—

279 1129 412 1164 rumque
442 1118 584 1165 personis
620 1132 634 1151 a
671 1117 753 1152 Sede
780 1117 963 1163 Apostolica
992 1119 1030 1152 sit

281 1165 456 1208 indultum,
489 1166 573 1214 quod
601 1167 689 1214 capi,
721 1178 775 1200 seu
804 1167 949 1209 detineri,
978 1175 1031 1201 aut

279 1215 435 1255 interdici,
463 1215 639 1263 suspendi,
676 1216 721 1250 vel
759 1217 1026 1250 excommunicari

278 1277 339 1299 non
364 1266 495 1312 possint,
525 1278 578 1312 per
606 1264 710 1300 litera<
752 1265 938 1312 apostolicas
967 1278 1028 1300 non

276 1313 425 1349 facientes
463 1314 587 1362 plenam
616 1323 645 1348 et
679 1327 883 1360 expressam,
919 1327 954 1349 ac
991 1315 1030 1350 de

277 1363 371 1399 verbo
398 1364 436 1399 ad
469 1365 596 1399 verbum
626 1364 664 1397 de
699 1363 821 1399 indulto
845 1363 1026 1398 huiusmodi

276 1413 480 1448 mentionem.

323 1467 338 1506 ἓ
360 1465 393 1497 4.
417 1463 602 1498 Maudantes
626 1471 788 1510 propterea
819 1463 967 1497 omnibus
999 1472 1028 1497 et

275 1512 407 1559 singulis
422 1512 458 1547 ad
475 1525 556 1560 quos
575 1512 707 1559 pertinet
729 1523 755 1546 et
773 1521 905 1559 spectat,
928 1513 1027 1546 cuius-

275 1574 413 1610 cumque
440 1571 551 1603 status,
574 1561 701 1609 gradus,
725 1562 843 1597 ordinis
882 1562 926 1596 vel
957 1575 1028 1596 con-

275 1611 404 1647 ditionis
427 1612 578 1655 existant,
613 1619 769 1658 quatenus
797 1611 866 1649 tibi,
894 1612 922 1645 in
952 1624 1026 1646 exe-

275 1661 412 1708 quendis
438 1661 489 1696 his
504 1673 584 1708 quae
607 1661 643 1695 ad
666 1660 803 1695 officium
830 1670 918 1695 tuum
949 1674 1026 1707 per-

276 1712 375 1746 tinere
405 1721 600 1746 noscuntur.
637 1710 786 1745 omnibus
823 1710 1027 1757 possibilibus

274 1760 419 1795 assistant
455 1761 588 1799 auxiliis,
624 1760 763 1794 consiliis
797 1769 826 1793 et
864 1760 1025 1795 favoribus

274 1811 481 1857 opportunis,
509 1809 626 1857 tibique
663 1818 788 1856 pareant
819 1817 847 1843 et
877 1809 1024 1844 obediant

274 1867 367 1906 prout
388 1859 489 1894 nobis.

321 1908 387 1957 ΞΒ.
404 1908 556 1951 Quocirca
573 1908 755 1943 fraternitati
780 1917 850 1943 tuae
879 1922 934 1955 per
952 1921 1025 1956 apo·

272 1959 380 1993 stolica
407 1959 522 2005 scripta
547 1958 734 1993 mandamus
781 1966 941 2004 quatenus
974 1958 1024 1993 of-

272 2007 377 2043 ficium
397 2008 565 2042 vicariatus
586 2006 768 2042 huiusmodi
793 2009 905 2042 devote
928 2009 1023 2043 susci-

272 2057 383 2102 piens,
422 2057 467 2091 sie
506 2057 582 2091 illud
613 2057 808 2104 prudenter,
846 2057 966 2092 solicite
993 2067 1022 2092 et

271 2110 403 2146 lideliter
438 2112 622 2158 exequariS.
651 2111 734 2158 quod
763 2112 877 2145 exinde
907 2113 1021 2158 sperati

269 2166 390 2201 fructus
420 2166 614 2209 animarum,
642 2166 722 2199 sicut
753 2173 920 2213 optamus,
950 2165 1023 2201 Do-

270 2220 354 2254 mino
393 2219 589 2254 concedente
606 2249 614 2263 ,
651 2220 859 2266 proveniant;
897 2230 995 2267 tuque
1013 2249 1020 2263 ,

270 2283 390 2320 praeter
417 2273 542 2308 divinae
579 2274 793 2309 retributionis
824 2273 1020 2318 mercedem,

267 2340 359 2374 quam
392 2328 463 2363 inde
491 2328 683 2372 mereberis,
714 2337 851 2362 nostram
875 2336 904 2362 et
932 2327 1020 2376 Apo-

268 2381 394 2417 stolicae
419 2381 513 2417 Sedis
540 2382 669 2428 gratiam
703 2382 830 2415 uberius
867 2382 1018 2428 consequi

268 2436 426 2470 merearis.

314 2489 398 2525 Nulli
420 2502 494 2536 ergo
516 2499 568 2525 etc.

314 2542 430 2578 Datum
451 2543 572 2579 Romae
594 2544 677 2591 apud
701 2544 853 2579 Sanctum
877 2543 1017 2582 Petrum,

265 2609 346 2632 anno
373 2596 602 2633 lucarnationis
635 2597 815 2632 dominicae
850 2596 1018 2632 millesimo

265 2651 576 2699 quadringentesimo
600 2651 798 2698 sexagesimo
819 2659 943 2698 quarto,
960 2650 1017 2686 de-

1716 270 1781 302 ¹85

1082 331 1163 365 cinno
1189 339 1275 366 sexto
1298 330 1446 366 kalendas
1463 330 1612 371 octobris.
1635 333 1835 380 pontificatus

1084 393 1180 419 nostri
1205 397 1287 420 anuo
1315 397 1336 419 1.

1115 445 1172 475 Dat.
1190 446 1236 475 <lie
1254 447 1289 476 16
1305 446 1482 485 septembris
1498 447 1585 483 1464,
1601 452 1677 485 pont.
1695 457 1770 478 auno
1789 457 1805 478 ι.

1852 280 1900 305 Ar»
1919 281 1937 305 C
1965 282 2030 307 tutus

1434 642 1470 676 11.

1080 722 1124 754 De
1159 724 1206 754 his
1239 735 1317 767 quae
1349 725 1508 757 observare
1534 726 1638 757 debent
1666 726 1778 757 iudices
1812 737 1830 758 α

1127 776 1202 810 Sede
1224 778 1400 822 Apostolt'ca
1421 779 1553 821 delegati·
1575 779 1604 811 in
1627 780 1726 812 causis
1754 780 1831 811 alie-

1126 832 1285 864 nationum
1309 832 1456 865 bonorum
1485 833 1749 865 «eclesiasn'corwn
1775 835 1827 867 (tt.

1347 918 1560 949 §tutaminum

1073 983 1166 1014 Causa
1187 991 1279 1015 const.
1296 1002 1334 1007 —
1353 986 1375 1015 l¹
1392 985 1507 1016 ludices
1527 986 1651 1024 delegati
1671 995 1827 1016 causarum

1115 1029 1285 1059 huiusmodi
1318 1030 1531 1060 alienationum
1564 1036 1667 1061 curent
1699 1030 1746 1060 liic
1775 1040 1827 1060 ex—

1113 1082 1224 1112 pressa.
1254 1091 1291 1096 —
1314 1074 1340 1104 Ξ,
1361 1074 1621 1105 Contravenientes
1649 1084 1759 1114 poenas
1779 1074 1827 1104 hic

1113 1118 1277 1157 descriptas
1298 1119 1514 1148 incurrunt.—
1530 1119 1556 1149 3.
1569 1118 1736 1158 Complices
1755 1127 1828 1158 quo-

1112 1171 1168 1201 que
1192 1163 1220 1192 in
1248 1172 1297 1193 eas
1321 1163 1466 1193 incidunt.
1483 1180 1522 1185 —
1539 1164 1567 1193 4.
1588 1162 1617 1192 ln
1638 1163 1827 1193 commissio-

1113 1206 1199 1236 nibus
1221 1208 1273 1236 lioc
1298 1213 1362 1237 stat.
1383 1208 1540 1238 inseratur.

1134 1283 1231 1311 Paulus
1250 1283 1393 1319 episeopus
1414 1289 1511 1312 servus
1537 1289 1677 1312 servorum
1700 1283 1761 1315 Dei.

1206 1332 1238 1360 ad
1273 1333 1432 1368 perpetuam
1452 1331 1493 1360 rei
1523 1331 1690 1360 memoriam.

1119 1404 1200 1438 Cum
1227 1405 1254 1437 in
1283 1403 1433 1438 omuibus
1463 1403 1588 1438 iudiciis
1610 1405 1649 1438 sit
1670 1403 1825 1438 rectitudo
1853 1415 1920 1437 mu
1937 1421 2013 1437 <oran

1071 1458 1205 1491 iustitiae
1220 1466 1248 1491 et
1263 1458 1473 1492 conscientiae
1490 1457 1606 1504 puritas
1619 1457 1824 1497 observanda,

1070 1510 1097 1544 id
1122 1511 1221 1545 multo
1240 1512 1338 1558 magis
1356 1511 1384 1545 in
1409 1511 1672 1546 concessionibus
1698 1511 1824 1552 aliena-

1070 1564 1190 1599 tionum
1216 1578 1319 1600 rerum
1353 1566 1638 1600 ecclesiasticarum
1676 1567 1822 1599 convenit

1068 1619 1239 1659 observari,
1258 1621 1286 1655 in
1304 1620 1419 1668 quibus
1433 1621 1471 1655 de
1487 1619 1607 1655 Christi
1631 1620 1822 1667 patrimonio

1068 1683 1097 1708 et
1120 1674 1357 1721 dispensatione
1387 1688 1574 1723 pauperum,
1599 1686 1660 1709 non
1684 1674 1722 1709 de
1747 1686 1821 1721 pro-

1069 1729 1138 1775 prio
1154 1730 1308 1776 cuiusque
1324 1730 1460 1777 peculio,
1481 1730 1585 1776 agitur
1595 1729 1641 1764 vel
1659 1737 1819 1764 tractatur.

1067 1783 1269 1831 Quapropter
1305 1793 1428 1831 oportet
1451 1792 1516 1827 ut,
1541 1784 1569 1818 in
1603 1782 1821 1818 examinandis

1067 1837 1247 1872 huiusmodi
1276 1838 1504 1873 alienationum
1535 1838 1661 1877 causis,
1689 1849 1769 1884 quae
1803 1850 1818 1872 a

1065 1891 1149 1926 Sede
1173 1892 1353 1938 Apostolica
1383 1893 1413 1927 in
1438 1892 1552 1935 forma,
1575 1892 1600 1926 si
1629 1891 1660 1926 in
1688 1891 1818 1925 eviden-

1067 1956 1126 1980 tem
1152 1946 1317 1981 utilitatem
1346 1947 1482 1989 cedant,
1510 1945 1648 1981 oneratis
1669 1945 1818 1980 ecclesia-

1064 2001 1214 2035 sticorum
1232 2000 1372 2035 iudicum
1388 2000 1592 2035 conscientiis
1613 1999 1816 2045 delegantur,

1066 2053 1139 2088 niliil
1159 2054 1243 2089 favor
1262 2062 1404 2101 usurpet,
1420 2053 1495 2088 niliil
1513 2054 1604 2088 timor
1618 2061 1815 2099 extorqueat,

1065 2108 1148 2143 nulla
1184 2110 1358 2156 expectatio
1394 2109 1522 2156 praemii
1554 2107 1706 2142 iustitiam
1743 2118 1816 2141 con-

1063 2163 1289 2211 scientiamque
1316 2163 1484 2197 subvertat.

1112 2217 1131 2265 S
1155 2220 1185 2252 1.
1209 2217 1379 2252 Monemus
1403 2217 1496 2263 igitur
1517 2225 1558 2260 et,
1586 2215 1646 2250 sub
1670 2216 1814 2250 intermi—

1063 2272 1188 2306 natione
1216 2271 1314 2306 divini
1344 2270 1465 2309 iudicii,
1493 2269 1643 2304 omnibus
1669 2269 1814 2304 commis-

1061 2326 1150 2359 sariis
1191 2335 1221 2360 et
1257 2325 1408 2372 delegatis
1452 2322 1632 2358 huiusmodi
1673 2323 1813 2358 districte

1062 2381 1276 2427 praecipimus
1297 2388 1331 2414 ut
1354 2388 1443 2413 eante
1469 2387 1497 2413 et
1520 2378 1689 2424 diligenter
1715 2386 1813 2412 atten-

1060 2434 1134 2468 dant
1157 2446 1267 2469 causas
1290 2435 1319 2468 in
1337 2433 1436 2467 literis
1450 2432 1631 2479 apostolicis
1657 2444 1712 2479 per
1732 2444 1811 2478 sup-

1062 2488 1244 2534 plicationes
1278 2498 1466 2534 expressas,
1507 2486 1638 2534 illasque
1676 2486 1809 2521 sollicite

1059 2542 1237 2577 examinent
1258 2549 1351 2588 atque
1373 2540 1555 2582 discutiant,
1571 2548 1665 2575 testes
1683 2548 1713 2574 et
1736 2552 1810 2586 pro-

1842 2225 1926 2248 ludices
1951 2229 2011 2248 dele*

1829 2260 1870 2283 μη
1901 2264 2010 2279 causarum

1828 2289 1945 2310 huiusmodi
1961 2291 2011 2310 aile-

1828 2322 1935 2341 nutlonum
1971 2326 2009 2341 cu-

1827 2354 1874 2371 rent
1883 2351 1917 2372 htc
1925 2357 2011 2378 expret-

1827 2388 1856 2403 sa.

1094 2617 1133 2653 (1)
1152 2619 1187 2645 De
1219 2616 1326 2644 materia
1354 2615 1541 2643 alienationum
1561 2615 1646 2642 dicam
1672 2614 1714 2641 hic
1743 2613 1809 2641 infru

1058 2660 1083 2687 in
1099 2662 1212 2689 Constit.
1233 2669 1272 2693 vr,
1290 2662 1457 2688 Ambitioaae.
