2281 3251
207 243 257 270 An.
276 241 305 269 c.
322 227 387 269 {5¹2

223 708 323 729 canonici
348 707 394 727 aliis

211 739 310 767 praelatis
337 743 395 758 extra

211 773 332 794 congregat,
354 775 395 789 nnn

211 805 360 822 ,εετι-ηιιι.ηοι·
370 801 395 820 ad

212 834 264 854 alios
288 833 395 854 ordinm.

212 866 290 891 aliaque
302 864 396 886 llt'enlm,

213 902 270 918 trans
296 896 378 915 valcant

242 2012 332 2034 Praetaui
359 2017 416 2031 rnn-

229 2051 285 2069 greg.
314 2043 413 2066 fugitivos

230 2083 295 2101 remp.
312 2080 354 2095 non
375 2080 414 2095 ιό-

231 2110 310 2133 gantur.
347 2126 350 2128 ,

453 228 522 263 520

453 297 473 343 g
502 297 557 330 15.
573 293 648 335 Sed,
664 305 736 329 cum
752 301 858 329 contra
881 292 1015 340 aliquem
1041 291 1158 338 praela-

216 356 390 378 Sodtomraeos
406 355 473 381 turn
498 345 543 380 vel
567 344 753 379 canonicum
782 343 881 378 dictae
907 342 1160 388 congregationis

206 390 262 409 iuxta
272 388 331 409 surm,
342 394 390 409 con*

207 421 392 447 sumnonumpro-

207 458 224 472 c·
234 453 300 473 ‹lt-tur.

407 396 542 432 civiliter
574 402 627 429 aut
662 393 866 428 criminaliter
892 393 938 439 agi
974 392 1161 438 contigerit,

407 446 583 483 secundum
607 443 850 479 constitutiones
877 450 907 476 et
934 449 1047 476 statuta
1073 453 1161 488 prae-

407 497 499 536 dicta,
523 494 599 529 iuris
627 493 808 529 communis
830 492 986 539 apicibus,
1009 491 1162 526 dilationi·

409 547 481 590 hus,
504 544 645 580 terminis
673 551 703 578 et
722 543 822 577 litium
846 541 1040 577 aufractibus
1061 541 1162 576 omis-

409 597 463 640 sis,
493 593 692 642 procedatur.

458 647 478 694 g
498 647 550 680 14.
574 644 621 679 Ac
636 643 740 679 nullae
759 642 991 678 ecclesiasticae
1009 654 1163 690 personae

413 696 457 731 vel
485 694 672 738 saeculares,
694 705 894 740 quacumque
909 693 1094 727 auctoritate
1118 692 1162 726 rel

411 745 563 793 dignitate
580 743 748 791 praeditae,
765 743 886 778 etiamsi
907 742 1103 790 patriarchali
1118 742 1163 777 vel

412 794 624 831 cardinalatus
644 794 762 829 lionore
780 792 1009 840 praefulgeant,
1027 792 1162 839 aliquem

412 859 449 881 ex
479 844 625 893 praelatis
655 844 700 878 vel
728 843 887 879 canonicis
915 842 1166 889 congregationis

414 895 590 944 praedictae
622 893 846 941 obsequiorum
886 893 933 928 vel
966 893 1165 928 servitiorum

415 946 615 994 propriorum
632 971 641 989 ,
669 944 715 978 vel
739 944 1000 979 monasteriorum
1024 955 1167 987 suorum,

415 1009 470 1032 seu
495 1003 658 1044 praetextu
686 994 827 1029 cuiusvis
853 993 959 1037 officii,
980 994 1076 1028 etiam
1099 1005 1170 1040 cap·

416 1046 603 1095 pellanatuS,
617 1044 656 1080 ad
671 1057 723 1080 eas
738 1044 905 1088 divertere,
920 1043 967 1078 vel
983 1043 1042 1078 alia
1060 1043 1170 1090 quavis

416 1108 522 1138 causa,
541 1095 635 1130 etiam
652 1094 792 1130 arctioris
808 1094 887 1130 vitae
902 1092 1034 1129 Ordinis
1050 1093 1096 1127 vel
1112 1092 1170 1127 ob-

417 1145 602 1185 servantiae,
625 1157 640 1180 a
655 1145 736 1180 dicta
759 1144 1002 1191 congregatione
1021 1143 1170 1187 educere,

419 1197 464 1232 vel
483 1203 596 1244 sponte
619 1196 782 1230 venientes
800 1194 938 1242 recipere
960 1201 991 1228 et
1020 1205 1116 1241 penes
1138 1204 1171 1227 se

420 1247 554 1283 retinere
576 1244 725 1286 audeaut,
748 1244 841 1280 etiam
857 1243 1041 1279 auctoritate
1063 1242 1172 1277 litera-

422 1310 489 1333 rum
512 1295 767 1344 apostolicarum,
793 1294 914 1341 absque
934 1293 1033 1329 literis
1055 1292 1173 1327 dimis—

423 1347 516 1383 soriis
529 1346 631 1381 dictae
654 1344 906 1392 congregationis
924 1356 979 1379 seu
995 1343 1106 1391 prioris
1120 1355 1174 1389 ge-

422 1397 536 1433 neralis
563 1404 593 1432 et
621 1396 815 1430 visitatorum
843 1394 998 1430 eiusdem.
1026 1392 1121 1435 Quod
1148 1393 1173 1427 si

422 1447 611 1495 recipientes
633 1445 776 1494 praefati,
801 1445 881 1480 intra
905 1453 966 1479 tres
988 1443 1055 1478 dies
1083 1450 1176 1490 post—

422 1510 518 1547 quam
545 1497 590 1532 eis
617 1504 798 1544 praesentes
820 1494 1024 1535 innotuerint,
1050 1492 1177 1540 praela-

424 1558 488 1584 tum
515 1559 570 1583 seu
596 1546 798 1588 canonicum,
815 1553 899 1580 extra
922 1544 1022 1592 ipsam
1042 1555 1178 1590 congre-

424 1598 583 1647 gationem
593 1597 778 1632 existentem
788 1593 1097 1635 huiusmodi,eidem
1107 1605 1180 1628 eon-

425 1647 600 1696 gregationi
616 1659 678 1682 non
698 1646 893 1682 restituerint
915 1657 986 1680 cum
1003 1643 1116 1679 ess'ectu
1133 1643 1179 1678 vel

426 1712 442 1735 a
464 1711 498 1734 se
521 1697 656 1733 totaliter
670 1709 733 1732 non
756 1695 941 1736 abiecerint,
956 1694 1181 1730 excommuni-

426 1749 560 1785 cationis
582 1747 752 1791 sententia,
771 1757 832 1780 una
845 1758 919 1781 cum
933 1745 1011 1793 ipsis
1035 1744 1180 1795 receptis,

427 1798 567 1834 innodati
580 1798 715 1833 existant
727 1808 764 1832 eo
778 1796 965 1844 ips0,aqua.
981 1794 1041 1829 nisi
1056 1795 1086 1828 in
1102 1806 1184 1829 mor-

428 1850 468 1884 tis
489 1848 619 1883 articulo
646 1854 699 1882 aut
721 1858 737 1882 a
759 1846 843 1881 Sede
867 1844 1040 1892 praedicta,
1061 1844 1181 1879 absolvi

429 1911 491 1935 non
515 1898 648 1945 possint.

477 1953 493 1992 ἓ
516 1950 572 1984 15.
595 1947 706 1995 Neque
729 1945 982 1993 congregationis
1002 1944 1182 1979 huiusmodi

431 1998 572 2047 praelati,
589 2008 863 2046 quarumcumque
886 1995 1046 2030 literarum
1058 2003 1185 2041 aposto-

430 2051 562 2085 licarum
586 2054 761 2096 praetextu,
789 2045 847 2081 nisi
877 2045 938 2080 illis
965 2045 1185 2093 praesentibus

429 2103 610 2152 specialiter
626 2110 656 2138 et
677 2112 827 2150 expresse
847 2099 1027 2146 derogetur,
1049 2099 1086 2134 ad
1108 2099 1186 2134 reei-

432 2159 584 2208 piendum
613 2157 800 2197 canonicos,
827 2155 882 2203 qui
909 2155 983 2190 alias
1010 2154 1049 2190 ab
1076 2167 1186 2189 eorum

434 2213 570 2262 propriis
585 2211 785 2248 monasteriis
796 2211 861 2246 sive
873 2209 962 2255 locis,
976 2209 1094 2257 absque
1110 2222 1187 2244 suo-

434 2282 502 2305 rum
522 2268 722 2316 superiorum
738 2266 874 2307 lieentia,
890 2264 1118 2301 contumaciter
1138 2276 1188 2299 re-

435 2323 598 2368 cesserint,
613 2335 629 2357 a
643 2333 805 2370 quoquam
819 2327 935 2369 queant
946 2317 1184 2366 quomodolibet

435 2378 597 2416 coarctari.

485 2434 506 2481 S
526 2435 580 2468 16.
598 2431 639 2467 Ut
654 2443 726 2467 vero
743 2430 925 2466 exeuntium
939 2428 978 2464 ab
991 2427 1100 2464 eadem
1111 2440 1189 2463 con-

986 236 1171 260 mmmmm!

1201 235 1361 259 ROMANUM

1200 303 1295 339 quam
1311 290 1492 337 dignitatem
1516 301 1570 325 seu
1587 288 1888 325 administrationem
1904 300 1956 323 ex-

1203 351 1246 376 tra
1256 341 1354 388 ipsam
1364 352 1451 375 suam
1462 340 1752 386 congregationem,
1765 339 1829 374 sive
1841 338 1956 387 profes·
1971 357 1999 378 1,ss
2016 356 2094 378 obstet,

1201 404 1255 426 sus
1271 392 1336 426 sive
1354 390 1390 424 ad
1408 402 1513 425 sacros
1528 390 1665 425 Ordines
1677 398 1839 437 promotus
1851 392 1955 436 (quam

1203 454 1266 476 rem
1277 440 1482 488 professionis
1493 439 1562 475 loco
1572 448 1678 475 etesse
1686 448 1716 475 et
1732 440 1837 474 baberi
1852 438 1955 474 statui·

1204 495 1298 535 mus),
1313 489 1455 524 habitum
1471 489 1571 525 dictae
1587 489 1841 537 congregationis
1863 488 1959 524 relin-

1203 553 1298 589 quere
1323 548 1376 575 aut
1392 548 1512 575 mutare
1535 539 1619 575 nulla
1641 540 1824 575 auctoritate
1849 539 1961 586 possit,

1205 591 1263 626 nisi
1290 590 1473 625 missionem
1495 589 1662 637 literasque
1683 602 1700 624 a
1716 589 1851 637 generali
1872 588 1962 636 capi-

1206 641 1269 676 tulo
1284 649 1337 675 aut
1361 640 1474 687 prioris
1482 639 1637 687 generalis
1645 639 1874 674 etvisitatorum
1885 638 1962 674 obti-

1206 689 1410 738 nuerit,quod
1422 698 1482 724 tam
1492 689 1531 724 de
1541 689 1589 724 his
1603 690 1655 737 qui
1670 689 1961 724 hactenusexierint

1207 741 1334 788 intelligi
1346 739 1604 786 volumus,quam
1621 739 1661 774 de
1676 739 1724 773 liis
1740 739 1794 786 qui
1817 739 1847 773 in
1863 748 1964 785 poste-

1207 804 1275 826 rum
1291 790 1404 826 exituri
1421 798 1508 830 sunt,
1520 789 1642 824 etiamsi
1658 789 1762 824 literas
1777 788 1963 835 apostolicas

1207 840 1414 876 obtinuerint.
1428 839 1474 875 Ne
1498 851 1571 874 vero
1587 839 1743 887 protervis
1765 839 1962 886 relinquatur

1209 891 1349 939 litigandi
1377 889 1614 937 repugnandive
1637 889 1738 930 locus,
1760 889 1784 924 si
1808 889 1880 936 quis
1907 900 1964 923 eo-

1210 955 1278 976 rum
1295 941 1482 976 exeuntium
1506 952 1632 974 causam
1648 940 1679 974 in
1701 939 1844 974 Romana
1868 937 1964 974 Curia

1209 1004 1305 1039 super
1331 1003 1365 1026 ea
1394 990 1583 1025 recommitti
1612 989 1764 1024 hactenus
1794 988 1965 1024 obtinuerit

1212 1043 1255 1076 rel
1281 1042 1311 1076 in
1337 1048 1496 1088 posterum
1513 1039 1680 1083 obtinebit,
1697 1039 1746 1074 ubi
1761 1038 1799 1073 ad
1817 1038 1964 1073 inhiben-

1211 1091 1287 1126 dum
1330 1099 1383 1125 aut
1413 1090 1471 1125 alia
1495 1089 1676 1124 huiusmodi
1703 1088 1862 1135 agendum
1886 1088 1964 1123 itum

1213 1141 1324 1185 fuerit,
1353 1147 1453 1184 motu,
1476 1139 1608 1175 scientia
1631 1147 1847 1187 potestateque
1875 1150 1965 1185 prae-

1213 1191 1305 1226 dictis
1333 1191 1403 1225 lites
1430 1189 1610 1225 huiusmodi
1633 1189 1671 1224 ad
1694 1200 1753 1224 nos
1778 1188 1969 1223 advocamus

1214 1250 1306 1289 atque
1324 1239 1454 1275 omnino
1469 1239 1703 1286 extinguimus;
1721 1246 1897 1273 statuentes
1916 1250 1969 1273 ae-

1214 1304 1275 1339 que
1303 1291 1404 1325 valere
1428 1290 1489 1325 hoe
1515 1289 1678 1325 decretum
1706 1297 1863 1330 nostrum,
1885 1300 1921 1323 ae
1943 1288 1969 1323 si

1217 1341 1358 1376 iudicum
1383 1340 1510 1375 nomina
1533 1349 1627 1387 atque
1655 1338 1713 1374 alia
1735 1339 1842 1373 omnia
1857 1365 1866 1382 ,
1889 1349 1969 1385 quae

1216 1403 1310 1438 supra
1335 1397 1505 1425 memorata
1528 1397 1624 1434 sunt,
1647 1388 1698 1424 hic
1720 1388 1795 1424 satis
1822 1400 1969 1435 expressa

1218 1448 1333 1485 essent,
1351 1440 1473 1476 etiamsi
1487 1439 1565 1475 sacri
1578 1439 1687 1475 Palatii
1703 1438 1878 1485 Apostolici
1893 1450 1972 1473 cau—

1218 1504 1322 1526 sarum
1340 1490 1502 1525 auditores
1510 1491 1692 1525 existerent.
1706 1488 1927 1535 Volumusque
1940 1496 1973 1523 ut

1219 1541 1372 1589 quicquid
1399 1553 1495 1588 super
1514 1540 1571 1575 hae
1593 1552 1625 1575 re
1641 1539 1693 1574 fiet
1714 1547 1768 1574 aut
1790 1538 1906 1573 factum
1921 1538 1972 1579 sit,

1220 1593 1314 1627 etiam
1343 1591 1366 1625 si
1400 1602 1526 1625 causam
1561 1599 1611 1625 aut
1640 1601 1698 1624 nos
1730 1596 1784 1623 aut
1816 1588 1973 1635 praedicta

1221 1641 1415 1677 commiserit
1431 1640 1543 1681 Sedes,
1559 1653 1616 1687 pro
1632 1639 1754 1674 infectis
1772 1639 1902 1674 omnino
1918 1638 1975 1672 ha-

1222 1693 1306 1733 beri;
1336 1692 1458 1726 irritum
1481 1700 1639 1738 praeterea
1666 1701 1735 1725 esse
1761 1697 1855 1735 atque
1884 1688 1976 1724 inane

1224 1741 1374 1790 quiequid
1390 1753 1488 1788 super
1502 1740 1563 1785 liis,
1574 1735 1742 1788 apostolica
1755 1739 1820 1774 sive
1835 1738 1893 1773 alia
1902 1750 1977 1786 qua·

1225 1794 1270 1827 vis
1300 1792 1503 1833 auctoritate,
1531 1803 1624 1826 secus
1652 1788 1818 1836 contigerit
1845 1789 1894 1836 agi
1922 1796 1977 1824 aut

1224 1850 1381 1878 attentari.

1273 1893 1293 1940 S
1322 1895 1378 1927 Π.
1401 1891 1568 1927 Generalis
1591 1890 1686 1937 igitur
1701 1890 1786 1938 prior
1800 1896 1831 1924 et
1852 1888 1979 1924 aliiab-

1226 1942 1312 1978 bates
1328 1950 1357 1977 et
1377 1942 1498 1990 priores
1525 1941 1626 1976 dictae
1647 1939 1901 1987 congregationis
1924 1951 1979 1986 pro

1227 2001 1368 2041 tempore
1390 1992 1582 2036 existentes,
1610 2002 1666 2026 seu
1695 1991 1734 2025 ab
1757 1990 1801 2025 eis
1828 1988 1980 2037 deputati,

1229 2044 1352 2090 possint
1366 2054 1477 2077 omnes
1492 2051 1523 2078 et
1537 2040 1679 2088 singulos
1694 2040 1795 2075 dictae
1804 2051 1982 2087 congrega-

1228 2098 1324 2133 tionis
1348 2097 1530 2132 huiusmodi
1557 2095 1727 2131 canonicos
1748 2094 1788 2131 ab
1811 2094 1860 2129 illa
1891 2106 1983 2141 vagos

1228 2162 1258 2187 ct
1286 2152 1442 2199 fugitivos,
1465 2159 1518 2186 aut
1539 2151 1605 2186 suis
1627 2149 1845 2197 superioribus
1867 2148 1984 2184 inobe-

1229 2206 1351 2241 dientes
1366 2214 1395 2242 et
1411 2206 1556 2249 rebelles,
1567 2213 1597 2241 et
1612 2205 1681 2253 qui,
1698 2216 1759 2239 non
1771 2203 1875 2238 habita
1890 2203 1985 2238 licen-

1231 2261 1282 2302 tia,
1296 2273 1329 2296 se
1344 2261 1405 2296 alio
1421 2259 1650 2303 transtulerint,
1663 2258 1711 2294 vel
1722 2258 1897 2306 aliquarum
1915 2269 1984 2305 per-

1230 2330 1379 2353 sonarum
1394 2328 1595 2364 quacumque
1617 2314 1781 2362 dignitate,
1803 2314 1898 2349 etiam
1914 2325 1985 2349 car-

1231 2372 1387 2407 dinalatus
1396 2371 1514 2406 lionore
1525 2370 1725 2417 fulgentium,
1737 2368 1873 2404 servitiis
1883 2368 1913 2402 in
1923 2367 1985 2403 Ro-

1233 2438 1322 2461 mana
1349 2425 1444 2461 Curia
1472 2425 1518 2460 vel
1547 2433 1633 2459 extra
1651 2435 1719 2458 eam
1745 2435 1779 2458 se
1800 2422 1985 2467 adiecerint,

1969 230 2019 259 An.
2039 230 2069 259 C.
2085 229 2153 258 ¹512

1969 299 2004 314 sae
2015 294 2077 314 stiam
2086 293 2106 313 ln
2113 292 2154 314 Cu-

1971 327 2001 346 ria
2016 325 2108 345 nomana
2123 325 2153 346 ni-

2007 1894 2092 1916 Priores
2103 1896 2177 1916 contu

1994 1927 2143 1947 inobedientes
2155 1928 2178 1946 οι

1994 1961 2054 1979 extra
2067 1957 2132 1978 elatus.
2143 1963 2179 1977 u<

1994 1994 2050 2015 gant.
2060 1989 2178 2016 procedere

1995 2026 2037 2041 non
2053 2020 2163 2041 desistant.

246 2502 421 2525 munimem,
438 2488 622 2536 gregatione
649 2486 788 2521 motibus
810 2495 1025 2528 occurramus,
1046 2482 1191 2518 decerni-

239 2534 317 2560 amque
328 2533 347 2552 ln
357 2533 422 2554 enim,

239 2566 424 2592 qumsfflfflffi-
441 2556 512 2579 mus
535 2550 569 2578 ut
584 2553 677 2578 nemo
691 2553 727 2576 ex
750 2541 816 2588 ipsa
838 2540 876 2576 ad
898 2539 1034 2586 aliquem
1057 2537 1191 2572 aliorum

240 2600 269 2621 ¹¹¹·
286 2598 388 2619 ‘¹⁵¹¹¹'¹¹·¹¹'
403 2597 424 2614 ⁰⁸
440 2595 784 2636 Ordinum‚0ccasione
797 2594 888 2630 etiam
901 2593 1044 2629 arctioris
1053 2591 1193 2638 Regulae

240 2628 360 2648 commissio
374 2632 426 2646 cau-

443 2658 488 2698 (ut
508 2651 715 2701 praemissum
739 2652 796 2695 est)
824 2648 965 2690 transire,
988 2659 1067 2683 neve
1081 2646 1119 2682 ad
1135 2645 1192 2681 ali-

1234 2481 1280 2515 vel
1297 2481 1335 2516 ab
1357 2480 1402 2515 eis
1426 2480 1529 2515 literas
1548 2476 1766 2514 familiaritatis
1787 2483 1840 2511 aut
1855 2474 1984 2523 cappel-

1234 2536 1355 2571 lanatus
1373 2533 1579 2578 obtinuerint,
1595 2532 1640 2567 vel
1657 2542 1858 2579 quocumque
1876 2529 1987 2564 habitu

1236 2590 1336 2625 induti
1353 2589 1480 2634 fuerint,
1495 2599 1607 2636 capere
1629 2594 1660 2622 et
1683 2586 1714 2620 in
1736 2584 1914 2620 carceribus
1929 2583 1988 2619 de-

1236 2645 1347 2684 tincre,
1369 2651 1421 2679 aut
1439 2655 1493 2692 per
1515 2654 1679 2679 censuram
1696 2639 1940 2677 ecclesiasticam
1957 2646 1986 2675 et
