2281 3251
112 241 159 268 An.
179 241 205 267 C.
230 243 294 268 1:510

122 1290 189 1311 Delat»
206 1291 226 1309 ιιι
247 1293 293 1315 pro-

108 1322 177 1342 vincia
188 1319 293 1340 Mambrae

109 1354 134 1373 tte
150 1352 238 1373 crimine
259 1355 294 1370 cu-

109 1384 140 1403 ins
149 1388 216 1409 poena
227 1383 252 1401 sit
261 1386 294 1401 ca-

109 1414 179 1440 pitalis
195 1412 228 1433 vel
247 1417 293 1432 san-

109 1445 176 1465 munis
196 1450 237 1464 non
259 1449 294 1463 au-

108 1476 164 1495 dit-u.
178 1479 237 1496 extra
248 1481 292 1495 car-

110 1513 182 1531 ceres;

126 2293 148 2314 Ει
160 2300 203 2315 ext·
207 2300 241 2314 ιειι
246 2299 294 2313 aau-

113 2325 130 2345 di
135 2326 148 2344 u
165 2330 250 2352 semper
271 2324 296 2344 ad

112 2361 210 2376 carceres
231 2360 296 2376 rmo-

113 2388 155 2407 cari
171 2387 259 2413 possint.

969 237 1073 260 ffLtUS
1096 238 1117 259 ΙΙ
1142 239 1188 259 ΙΨ.

311 295 385 329 citra
403 321 410 335 ,
434 293 464 328 in
495 293 550 328 ista
575 300 679 327 nostra
708 292 866 339 provincia
898 291 1055 326 Mareliiae

311 343 525 378 Anconitanae
554 349 748 397 perpetrata,
783 354 817 375 ex
847 354 884 375 eo
911 353 1057 396 praesei-

308 393 361 428 tim
391 391 474 440 quod
503 391 561 439 ipsi
594 399 654 426 tam
686 391 800 425 atrocis
829 391 970 425 miminis
996 391 1056 433 rei,

307 453 362 489 per
389 448 610 488 procuratores
638 440 763 474 defendi
787 441 900 484 solent,
923 447 951 474 et
973 439 1055 474 sub—

305 490 387 526 dolis
409 489 661 525 cavillationibus
692 489 821 530 absolvi;
849 489 933 536 quod
962 490 1054 523 etiam

307 548 368 575 tam
395 551 411 574 a
435 539 526 574 nobis
553 551 645 587 quam
676 538 714 573 ab
735 538 989 573 antecessoribus
1004 550 1057 572 no-

305 589 377 623 stris
399 588 554 624 Romanis
576 588 794 631 Pontificibus,
815 600 869 635 per
892 600 1056 622 commen-

306 646 388 673 titias
409 645 439 673 et
455 650 560 672 minus
582 650 669 673 veras
685 645 888 681 narrationes,
912 649 947 672 ac
963 645 1054 671 etiam

305 687 364 722 sub
392 696 551 734 praetextu
575 687 722 722 obtentae
756 687 865 734 pacis,
894 686 998 720 literas
1026 686 1054 719 in

306 737 404 771 forma
423 736 525 771 brevis
548 749 604 783 per
623 736 850 771 Cancellariani
873 744 903 770 et
929 735 1056 769 absolu-

306 786 422 821 tionem
443 787 626 821 sententiar.
648 798 684 821 ac
698 797 904 833 processuum
920 784 1057 831 desuper

306 835 482 870 habitorum
515 835 771 882 impetraverunt.
799 834 871 876 Quo
899 834 1055 880 exemplo,

307 885 448 932 plerique
469 884 507 919 ad
536 884 717 919 buiusinodi
742 883 912 918 homicidia
943 895 1056 930 perpe—

306 934 414 969 tranda
449 934 652 981 procliviores
688 933 885 973 redduntur,
913 932 992 967 adeo
1025 941 1056 966 ut

307 995 368 1018 non
385 991 506 1018 tantum
531 984 559 1017 in
578 984 714 1030 privatos
737 990 766 1017 et
790 983 935 1016 inimicos
957 982 1058 1016 bomi-

306 1045 361 1068 nes
376 1060 384 1076 ,
410 1033 464 1067 sed
494 1033 524 1066 in
553 1033 662 1067 fratres
685 1040 714 1067 et
736 1031 814 1066 alios
838 1031 1055 1078 propinquos,

307 1090 465 1129 praetores
486 1090 516 1116 et
537 1082 685 1117 officiales
703 1080 946 1128 populornm‚et
960 1080 1055 1126 (qnod

309 1144 370 1166 non
399 1132 504 1165 minus
520 1143 614 1177 grave
635 1134 693 1174 est)
709 1142 725 1165 a
747 1129 964 1164 sacerdotibus
990 1141 1057 1164 ma—

309 1193 370 1216 nus
392 1180 504 1227 impias
528 1192 590 1215 non
613 1180 784 1215 abstinent.

357 1229 377 1276 g
405 1231 437 1263 ’1.
464 1229 530 1264 Nos
555 1230 660 1276 igitur,
680 1229 732 1275 qui
755 1228 899 1263 eamdem
918 1235 1055 1262 nostram

308 1287 337 1314 et
359 1286 483 1314 sanetae
498 1278 660 1313 Romanae
683 1278 844 1313 Ecclesiae
867 1277 1055 1325 peculiarem

308 1328 502 1376 provinciam
518 1336 644 1374 paterna
661 1328 813 1363 charitate
825 1339 1056 1374 prosequimur,

308 1379 439 1425 eiusque
461 1378 598 1424 quietem
626 1385 657 1412 et
679 1378 910 1412 incrementum
939 1376 1058 1411 deside-

308 1440 426 1468 ramus,
449 1427 646 1462 attendentes
669 1426 753 1474 quod
777 1439 814 1461 ex
837 1426 982 1461 facilitate
1006 1438 1058 1460 ve-

309 1477 378 1512 niae
394 1476 779 1524 frequentiusbuiusmodi
795 1475 964 1510 homicidia
978 1487 1057 1510 com·

309 1527 486 1567 mittuntur,
509 1526 708 1573 salutareque
731 1525 904 1561 remedium
932 1525 981 1559 bis
1009 1537 1058 1559 re-

308 1576 369 1611 bus
389 1576 537 1611 adbibere
560 1576 717 1615 volentes,
741 1576 798 1610 bac
822 1575 922 1615 firma,
944 1574 1058 1618 stabili,

308 1625 574 1670 incommutabili,
588 1633 804 1672 perpetuoque
815 1625 963 1658 duratura
983 1636 1058 1658 con-

308 1676 471 1710 stitutione
505 1676 666 1710 sancimus
708 1683 737 1709 et
779 1674 982 1709 decernimus
1027 1682 1057 1708 ut

309 1725 416 1759 nullus
439 1725 469 1758 in
493 1736 586 1759 causa
609 1724 775 1765 criminali,
803 1736 839 1758 ex
862 1735 923 1770 qua
947 1723 1059 1769 capita-

308 1774 346 1809 lis
371 1774 418 1809 vel
447 1774 613 1820 sanguinis
636 1773 682 1808 vel
705 1774 763 1808 alia
786 1773 916 1819 quaeris
935 1773 1059 1819 gravior

308 1824 436 1858 arbitrio
471 1823 586 1858 iudicis
615 1835 714 1870 poena
749 1822 919 1869 infligenda
955 1830 1058 1863 esset,

309 1873 445 1908 maxime
468 1873 499 1907 in
534 1885 627 1907 causa
651 1872 834 1912 homicidii,
868 1884 924 1919 per
946 1884 1060 1918 procu-

308 1931 462 1966 ratorem,
496 1930 730 1961 excusatorem,
769 1922 984 1964 defensorem,
1013 1921 1058 1955 vel

308 1971 483 2019 quemlibet
505 1972 543 2006 de
566 1972 684 2018 populo
700 1971 812 2017 quovis
831 1978 921 2018 pacto
943 1970 1060 2005 admit-

309 2029 402 2065 tatur,
424 2033 483 2056 nec
505 2029 592 2067 pater
615 2033 669 2068 pro
692 2020 770 2064 filio,
799 2033 858 2055 nec
880 2020 976 2055 abbas
1005 2033 1060 2067 pro

309 2087 465 2119 monaco,
493 2087 551 2110 uec
574 2075 730 2121 praelatus
757 2082 810 2109 aut
831 2074 981 2109 dominus
1004 2087 1060 2122 pro

309 2129 436 2164 subdito
460 2130 505 2163 vel
529 2136 637 2164 contra
659 2128 814 2173 audiatur,
837 2128 896 2162 nisi
921 2141 991 2163 reus
1009 2141 1061 2163 se-

310 2183 413 2231 ipsum
443 2183 528 2230 prius
551 2183 582 2216 in
606 2194 730 2217 carcere
752 2182 961 2217 constituerit.

360 2238 434 2285 §2
458 2237 540 2272 Etsi
568 2236 648 2271 forte
676 2235 781 2275 iudex
808 2236 911 2296 aliqua
940 2236 1061 2270 ratione

312 2291 471 2332 inductus
494 2291 532 2326 ad
561 2290 778 2325 excusandum
802 2290 846 2324 rei
879 2290 1058 2324 huiusmodi

310 2345 483 2380 absentiam
513 2345 560 2379 iel
584 2344 809 2387 innocentiam,
836 2343 883 2377 vel
907 2343 998 2377 aliam
1021 2343 1061 2378 ob

311 2412 450 2445 causam,
473 2399 608 2446 aliquem
624 2411 661 2433 ex
676 2397 844 2445 praedictis
865 2397 987 2431 duxerit
1005 2397 1061 2431 ad-

311 2453 511 2492 mittendum,
536 2453 634 2500 possit
665 2453 696 2486 in
724 2463 928 2498 quocumque
956 2450 1060 2485 iudicii

311 2516 392 2544 statu
420 2516 451 2543 et
473 2507 618 2542 instantia
647 2518 778 2549 causae,
805 2506 899 2540 etiam
922 2504 960 2539 ad
983 2517 1062 2540 con-

310 2563 485 2598 clusionem
508 2561 675 2604 deductae,
688 2572 723 2595 ac
737 2560 832 2595 etiam
855 2559 879 2594 si
903 2566 973 2607 post
988 2570 1062 2594 sen-

311 2617 438 2652 tentiam
473 2628 546 2650 reus
580 2614 788 2662 supplicavit,
817 2622 846 2649 et
875 2614 904 2648 in
937 2625 1061 2648 carcere

391 2673 465 2703 Ball.
489 2672 565 2702 Ront.
588 2672 642 2702 t'ol.
668 2672 696 2701 V.
907 2670 944 2699 ‹···2

1733 225 1802 256 489

1101 292 1292 325 constitutus
1321 289 1532 323 innocentiam
1565 299 1652 322 suam
1678 288 1851 335 patefacere

1102 340 1191 374 itllct
1218 340 1288 382 (nisi
1313 340 1392 373 torte
1415 346 1532 373 extaret
1551 345 1701 373 statutum
1726 337 1755 371 in
1780 338 1849 372 loco

1099 390 1183 436 quod
1212 398 1378 423 contumax
1414 388 1564 422 liibeatur
1600 399 1655 442 pro
1686 386 1850 423 confesso

1099 451 1162 485 quo
1190 451 1263 473 casu
1290 451 1350 473 nou
1375 437 1532 481 audiatur,
1549 437 1607 471 nisi
1632 449 1669 471 ex
1697 435 1850 483 liquidis-

1099 501 1187 522 simis
1211 486 1452 535 probationibus
1475 466 1596 521 coiistet
1635 485 1728 520 iudici
1752 497 1849 532 piae—

1101 546 1225 572 tensum
1246 549 1332 571 reum
1359 548 1418 569 non
1435 536 1631 570 commisisse
1648 534 1850 575 maleficium

1099 599 1195 634 super
1222 599 1284 633 quo
1313 585 1437 619 babitus
1466 585 1524 618 suit
1551 597 1605 631 pro
1641 583 1785 618 confesso
1820 584 1849 617 iu

1102 637 1161 670 iim
1185 636 1273 671 lictae
1292 634 1500 669 confessionis
1518 633 1724 677 statutariae)
1739 633 1850 667 huius-

1101 684 1183 720 modi
1209 684 1348 720 criminis
1377 696 1464 717 reum
1490 691 1541 718 aut
1568 691 1771 724 contentum,
1795 695 1850 717 eo-

1101 747 1163 768 ram
1185 747 1217 769 se
1239 734 1277 768 ad
1301 733 1475 780 parendum
1500 732 1706 779 personaliter
1728 743 1850 770 vocare,

1099 792 1127 818 et
1157 792 1316 830 tamquam
1340 790 1476 817 veritatis
1498 794 1661 816 consclum
1685 794 1716 816 tn
1744 793 1852 816 carce-

1101 833 1188 868 ribus
1215 832 1335 867 audire:
1364 832 1450 878 quod
1473 832 1498 866 si
1521 832 1598 866 forte
1622 832 1727 865 venire
1748 830 1851 865 distu-

1101 883 1180 928 lerit,
1204 894 1372 929 processus
1394 889 1423 915 et
1446 881 1598 915 sententia
1624 893 1678 927 pro
1706 881 1775 928 ipso
1799 893 1851 915 reo

1100 932 1159 966 lata
1187 940 1217 966 et
1240 931 1312 966 inde
1333 939 1466 978 sequuta
1489 942 1710 977 quaecumque
1728 958 1735 971 ‚
1757 930 1850 964 etiam

1101 981 1176 1016 fisco
1199 981 1243 1015 rel
1280 988 1364 1027 parte
1387 992 1448 1014 non
1478 989 1616 1026 agente,
1644 979 1763 1013 nullius
1791 980 1853 1013 sint

1100 1030 1222 1065 roboris
1237 1038 1290 1064 aut
1314 1029 1479 1069 momenti,
1503 1040 1695 1075 prorsusque
1724 1041 1780 1075 pro
1806 1028 1854 1062 in-

1101 1080 1190 1114 sectis
1211 1079 1397 1119 liabeantur3
1421 1078 1565 1125 quinimo
1589 1089 1661 1111 reus
1677 1078 1787 1124 poenis
1804 1078 1853 1111 iu-

1101 1129 1141 1163 ris
1169 1136 1199 1163 et
1221 1128 1483 1163 constitutionum
1514 1127 1615 1161 dictae
1651 1126 1852 1173 provinciae.

1100 1177 1368 1225 quemadmodum
1402 1185 1473 1211 ante
1503 1188 1690 1223 processum
1713 1184 1744 1209 et
1776 1187 1852 1210 sen-

1101 1228 1229 1262 tentiam
1247 1226 1428 1261 buiusmodi
1445 1234 1523 1265 erat,
1543 1226 1581 1260 sit
1596 1225 1764 1266 obnoxius;
1779 1237 1854 1272 qua-

1100 1289 1237 1323 cumque
1272 1276 1370 1323 ipsius
1399 1275 1577 1323 provinciae
1605 1274 1853 1317 consuetudine,

1100 1338 1182 1373 quae
1203 1326 1381 1372 corruptela
1410 1325 1471 1359 dici
1502 1325 1616 1359 rectius
1638 1331 1764 1371 potest,
1792 1336 1854 1358 non

1101 1376 1310 1416 obstantibus3
1327 1374 1412 1421 quod
1437 1376 1539 1421 ipsum
1556 1374 1703 1408 volumus
1726 1373 1852 1408 extendi

1100 1426 1137 1460 ad
1166 1438 1278 1460 causas
1299 1424 1479 1459 criminales
1508 1423 1683 1470 praedictas
1701 1450 1708 1462 ,
1738 1430 1799 1457 tam
1824 1422 1853 1456 in

1101 1476 1187 1510 curia
1210 1475 1423 1509 Maceratense
1447 1486 1541 1519 quam
1566 1473 1595 1506 in
1620 1472 1689 1507 aliis
1712 1472 1854 1507 locorum

1103 1525 1279 1571 provinciae
1313 1523 1549 1563 tribunalibus,
1586 1523 1617 1556 in
1652 1533 1854 1569 quacumque

1102 1574 1271 1619 instantia,
1301 1576 1393 1609 etiam
1425 1585 1480 1620 per
1503 1572 1747 1619 appellationem
1776 1583 1854 1618 pen-

1102 1624 1223 1659 dentes

1151 1674 1170 1720 Ξ
1202 1676 1233 1707 5.
1262 1673 1371 1707 Dictae
1395 1678 1554 1719 praeterea
1581 1669 1800 1705 constitutioni
1825 1677 1855 1704 et

1102 1724 1255 1757 sanctioni
1279 1722 1446 1756 adiicimus
1469 1721 1554 1768 quod
1576 1721 1599 1755 si
1623 1720 1706 1767 quis,
1729 1732 1743 1754 a
1766 1719 1879 1758 nobis

1102 1772 1149 1807 ιεΙ
1171 1772 1255 1807 Sede
1282 1771 1463 1818 Apostolica
1494 1771 1541 1805 iel
1569 1783 1584 1805 a
1612 1770 1715 1816 legato
1744 1768 1783 1804 de
1810 1769 1855 1803 la—

1103 1831 1167 1857 tere
1195 1834 1251 1869 pro
1286 1830 1429 1868 tempore
1460 1820 1562 1855 dictae
1596 1819 1775 1867 provinciae
1808 1818 1855 1853 vel

1103 1871 1276 1907 camerario
1300 1879 1419 1910 nostro,
1435 1869 1595 1904 homicidii
1621 1870 1741 1904 veniam
1765 1877 1795 1903 et
1811 1880 1857 1902 rc-

1104 1921 1304 1965 missionem,
1334 1920 1561 1955 sententiarum
1586 1927 1617 1953 et
1645 1930 1850 1966 processuum

1104 1972 1240 2017 desuper
1262 1970 1440 2004 habitorum
1461 1969 1677 2008 abolitionem,
1698 1967 1856 2002 cancella-

1104 2021 1234 2060 tionem,
1262 2019 1484 2058 cassationem,
1514 2019 1543 2052 in
1568 2019 1725 2064 integrum
1755 2017 1855 2051 resti-

1104 2075 1257 2110 tutionem
1288 2086 1344 2109 seu
1369 2074 1398 2107 in
1430 2074 1566 2120 primum
1595 2080 1708 2106 statum
1733 2071 1854 2117 reposi—

1105 2130 1222 2164 tionem
1247 2127 1471 2175 impetraverit,
1487 2126 1608 2161 etiamsi
1628 2126 1658 2159 in
1682 2124 1780 2160 literis
1799 2137 1855 2159 su-

1105 2195 1158 2230 per
1172 2182 1357 2217 huiusmodi
1380 2181 1577 2216 absolutione
1599 2179 1762 2224 confectis,
1785 2192 1855 2214 cer-

1105 2246 1152 2272 tae
1165 2238 1316 2272 scientiae
1334 2244 1363 2270 et
1381 2235 1498 2282 proprii
1522 2242 1628 2269 motus
1650 2242 1702 2268 aut
1725 2234 1854 2281 quaevis

1103 2291 1180 2326 aliae
1204 2291 1345 2326 insolitae
1368 2289 1527 2324 clausulae
1543 2288 1669 2332 fuerint,
1687 2296 1856 2323 teneantur

1104 2353 1134 2380 et
1169 2345 1304 2380 debeant
1332 2345 1435 2378 literas
1472 2343 1555 2389 ipsas
1581 2343 1683 2389 legato
1710 2353 1767 2377 seu
1794 2354 1856 2388 gu-

1105 2399 1262 2434 bernatori
1298 2410 1352 2433 seu
1389 2397 1614 2432 locumtenenti
1651 2407 1708 2430 seu
1741 2395 1854 2429 rectori

1105 2454 1153 2488 vel
1175 2454 1364 2500 cuicumque
1396 2451 1494 2499 ipsius
1517 2450 1694 2498 provinciae
1718 2448 1853 2496 praesidi

1104 2508 1265 2547 exhibere,·
1294 2507 1418 2553 illisque
1433 2505 1594 2549 exhibitis,
1611 2504 1650 2538 de
1677 2515 1782 2537 earum
1800 2515 1856 2536 ve-

1106 2562 1193 2597 ritate
1214 2561 1261 2596 vel
1283 2560 1488 2606 subreptione
1510 2559 1646 2597 docere3
1671 2558 1800 2604 ipseque
1823 2557 1852 2590 in

1105 2615 1284 2650 carceribus
1313 2613 1357 2648 vel
1382 2614 1410 2648 in
1425 2613 1485 2648 alio
1505 2613 1571 2647 loco
1595 2623 1650 2661 pro
1673 2610 1853 2646 carceribus

1868 234 1917 260 An.
1935 234 1964 260 C.
1984 233 2050 260 ¹5¹0

1882 1676 1905 1695 ti·
1906 1679 1969 1695 ·atiutr
1981 1677 2004 1695 dn
2019 1675 2053 1695 lto*

1869 1713 1908 1727 mis·
1899 1708 1953 1726 enutio
1977 1707 2052 1726 debent

1883 1744 1940 1758 oram
1956 1738 2052 1764 praeside

1870 1775 1962 1795 compar.
1978 1771 1997 1788 et
2011 1774 2053 1793 gra*

1871 1802 1909 1820 tia
1930 1800 2053 1820 iustificare.
