2281 3251
88 282 136 310 An,
157 283 186 310 C.
204 284 269 311 1057

926 286 1096 309 CALthTtts
1120 286 1154 309 ΙΙΙ
1185 286 1233 309 t‘r.

285 337 364 373 blica
400 338 534 373 duorum
572 339 763 374 notariorum
787 339 977 386 subscriptis
1006 349 1033 374 et

284 387 389 432 sigillo
416 388 550 422 alicuius
573 388 700 435 praelati
731 389 776 422 wi
800 388 923 435 collegii
948 389 1034 423 robo-

284 437 367 475 ratis,
391 436 480 483 plena
500 437 589 481 tides,
608 438 637 471 in
655 437 772 471 iudicio
795 446 823 472 et
843 446 940 481 extra,
965 438 1035 472 ubi-

282 498 420 532 cutnque
442 486 579 521 exbibita
610 487 735 528 suerint,
763 487 971 531 adhibeatur,
999 500 1034 522 ac

282 535 306 568 si
332 535 440 570 literae
456 536 541 582 ipsae
560 536 729 583 originales
753 536 851 571 forent
876 537 1035 572 exbibitac

283 584 328 618 vel
351 592 508 619 ostensae.

329 633 415 668 Nulli
438 646 514 679 ergo
540 642 593 669 etc.

330 682 447 718 Datum
471 683 592 718 Romae
607 684 690 731 apud
713 684 866 719 Sanctum
891 685 1033 729 Petrum,

280 744 362 766 :tutto
396 732 626 768 lucarnationis
654 734 831 768 dominicae
867 735 1033 769 millesimo

279 782 870 830 ‹ptadringentesimoquinquagtsimo
885 785 1032 830 septimo,

281 831 382 877 pridie
417 831 567 866 kalendas
597 833 802 877 novembris,
832 834 1033 880 pontificatus

281 891 375 915 nostri
403 893 487 916 anno
520 894 569 916 tlt.

315 943 373 974 Dat.
394 944 440 974 die
457 944 489 974 31
511 945 640 975 octobris
660 945 745 983 1457,
764 950 843 985 pont.
863 954 938 975 anno
958 954 998 975 nt.

582 1132 674 1181 tJtUS
711 1133 738 1181 ll

521 1228 541 1258 Ρ
554 1229 573 1257 Α
589 1228 608 1257 P
623 1229 643 1257 A
667 1228 715 1258 CC
726 1229 746 1258 X
757 1228 787 1258 ll

388 1302 479 1333 Anno
502 1301 633 1334 Domini
654 1301 917 1335 MCCCCLVIII.

277 1379 428 1459 AEneas
442 1420 562 1456 Silvius
582 1421 837 1457 Piccolomineus
860 1422 1028 1467 Senensis,

275 1469 308 1502 S.
342 1469 381 1504 R.
411 1470 449 1504 E.
478 1471 558 1505 tituli
598 1472 733 1506 Sanctae
765 1471 901 1507 Sabinae
940 1486 1028 1520 pres-

277 1517 364 1565 byter
402 1520 572 1555 cardinalis
606 1530 634 1555 et
656 1520 810 1556 Senensis
846 1522 1027 1570 episcopus,

275 1568 397 1618 clectus
428 1578 475 1604 est
499 1570 528 1604 in
553 1569 720 1604 Summum
751 1571 940 1606 Pontificem
978 1573 1028 1607 die

278 1621 322 1651 19
357 1620 481 1665 augusti
516 1622 621 1654 1458.
649 1619 739 1655 Sedit
762 1621 792 1654 in
831 1622 1027 1668 pontificatu,

275 1665 440 1703 Friderico
462 1668 503 1703 Ill
527 1669 727 1716 imperatore,
750 1683 851 1705 annos
874 1683 914 1715 v,
938 1684 1028 1706 men-

275 1730 324 1750 ses
356 1730 402 1759 xt‚
430 1718 498 1753 dies
519 1731 600 1760 xxv,
630 1728 659 1752 ct
689 1719 788 1755 tribus
817 1722 1028 1767 promotioni-

277 1767 334 1801 bus
355 1780 416 1803 xnt
435 1768 551 1802 creavit
573 1768 760 1804 cardinales.
783 1770 870 1804 Obiit
885 1770 1028 1805 Anconae

274 1817 325 1850 «lie
361 1821 406 1851 14
439 1818 559 1863 augusti
594 1820 700 1859 1464,
735 1827 764 1853 et
804 1831 919 1866 corpus
959 1821 1027 1855 eius

275 1865 410 1901 Romam
433 1867 584 1908 delatum,
609 1867 637 1901 in
662 1867 788 1903 basilica
806 1868 954 1904 Vaticana
976 1879 1027 1904 tu-

275 1915 426 1950 mulatum
455 1925 512 1951 est.
537 1916 664 1951 Vacavit
691 1917 792 1952 Sedes
819 1918 888 1953 dies
911 1931 979 1954 th.

640 2108 663 2142 Ι.

273 2188 434 2222 Gener-ates
464 2189 620 2223 Ordt'num
646 2190 889 2225 Mendicontt‘um
917 2194 1023 2226 omni-

320 2239 445 2271 modam
472 2239 602 2272 habeant
632 2241 872 2275 iurisdictionem
904 2243 935 2275 in
958 2255 1023 2276 om-

322 2299 371 2320 nes
397 2288 582 2322 Studiorum
617 2290 768 2323 scholares
802 2298 828 2324 el
854 2292 1020 2337 officiales,

320 2349 445 2371 suorum
475 2338 631 2372 Ordinatn
661 2340 862 2384 professores,
897 2343 1023 2386 quibus—

320 2399 449 2432 cumque
476 2388 657 2423 Studiorum
683 2390 854 2433 privilegiis
883 2403 945 2425 nott.
967 2393 1023 2426 ob-

319 2438 481 2471 stantibus.

537 2512 751 2544 SUMttAttttJtt

269 2573 437 2604 Exordium.
464 2591 503 2596 —
526 2575 551 2604 1.
583 2575 722 2605 Nonnulli
746 2576 909 2614 regulares,
932 2587 1020 2616 prae—

310 2623 386 2648 textu
409 2619 509 2656 studii,
539 2625 689 2660 exemptos
717 2630 749 2650 se
771 2631 786 2650 a
815 2622 1021 2663 iurisdictione

310 2672 431 2693 suorum
454 2663 572 2694 Ordinis
611 2666 798 2704 superiorum
833 2675 900 2695 esse
932 2676 1019 2705 prae-

1709 279 1778 311 1¹47»

1121 339 1285 370 tondebant.
1317 357 1355 362 —
1385 340 1411 369 2.
1440 340 1490 369 llic
1515 340 1578 370 idco
1603 340 1707 371 Pontis.
1742 352 1828 381 prae-

1118 384 1211 413 dictos
1230 393 1332 413 omnes
1356 384 1553 414 iurisdictioni
1574 386 1755 422 generalium
1779 386 1831 416 Or-

1118 429 1218 458 dinum
1250 429 1375 458 totaliter
1402 430 1550 468 supponit.
1577 447 1615 452 —
1643 430 1671 460 3.
1695 431 1829 465 Quibus-

1117 482 1244 512 cumquc
1267 483 1325 503 non
1348 473 1548 503 obstantibus.

1076 555 1136 584 Pius
1156 556 1403 592 episcopusservus
1414 565 1555 587 servorum
1568 558 1624 591 Dei,
1647 559 1755 587 dilectis
1766 559 1831 590 filiis

1121 605 1359 640 Praedicatorum.
1394 607 1576 637 Bremitarum
1607 608 1632 635 S.
1667 609 1828 643 Augustini,

1122 654 1334 683 carmelitarum
1372 657 1456 692 atque
1483 657 1617 686 Minoi-um
1648 657 1677 685 at
1712 657 1830 686 aliorum

1122 703 1246 731 ordinum
1271 705 1483 733 mendicantium
1502 706 1687 741 generalibus,
1709 706 1830 734 salutem

1120 753 1149 780 et
1169 753 1348 787 apostoticam
1367 755 1592 784 benedictionem.

1125 828 1360 876 Religiosorum
1390 843 1553 872 excessus,
1576 845 1656 880 quos
1678 833 1829 880 antiquus

1076 877 1176 912 bostis
1210 891 1246 913 eo
1275 879 1429 915 solicitius
1456 882 1599 925 suscitat,
1626 894 1688 929 quo
1715 895 1825 917 eorum

1076 927 1156 962 vitae
1168 928 1345 963 meritoriae
1360 930 1523 964 ardentius
1540 932 1728 971 aemulatur,
1743 940 1827 966 tanto

1074 976 1214 1023 amplius
1237 978 1443 1019 detestantes,
1467 989 1585 1025 quanto
1611 993 1647 1015 ex
1676 981 1736 1015 illis
1760 993 1828 1015 ma-

1076 1025 1138 1060 iora
1154 1027 1300 1061 scandala
1325 1028 1355 1062 in
1381 1029 1541 1063 mentibus
1559 1030 1700 1065 fidelium
1723 1032 1829 1065 oriun-

1075 1082 1139 1109 tur:
1163 1076 1200 1110 ad
1218 1076 1288 1111 illos
1312 1078 1548 1124 reprimendum
1571 1087 1601 1113 ct
1620 1080 1828 1125 castigatione

1073 1124 1177 1159 debita
1205 1127 1431 1171 coercendum,
1458 1139 1633 1174 congruum
1659 1141 1716 1163 nos
1738 1129 1826 1164 decet

1075 1174 1250 1208 remedium
1273 1175 1434 1211 adbibere.

1122 1223 1142 1270 g
1167 1227 1196 1258 Ἰ.
1220 1224 1302 1259 Cum
1328 1226 1433 1273 itaque
1456 1226 1537 1261 sicut
1561 1228 1755 1274 accepimus,
1776 1227 1827 1262 di-

1074 1272 1143 1306 lecti
1182 1274 1235 1307 lilii
1275 1275 1485 1321 provinciales
1513 1285 1688 1311 vestrorum
1728 1276 1825 1311 Ordi-

1074 1334 1147 1356 num
1185 1323 1373 1358 laudabilem
1411 1326 1673 1360 consuetudinem
1705 1326 1825 1361 diutius

1072 1371 1267 1407 observatam
1298 1374 1468 1418 imitantes,
1500 1375 1671 1410 nonnullos
1697 1387 1734 1410 ex
1763 1375 1825 1410 fra-

1072 1420 1174 1455 tribus
1209 1421 1366 1457 Ordinum
1408 1423 1656 1470 praedictorum,
1696 1425 1733 1459 ad
1765 1424 1824 1460 boc

1073 1470 1216 1511 idoncos,
1238 1471 1275 1506 ad
1302 1472 1462 1507 literarum
1488 1474 1606 1515 studia,
1626 1474 1655 1508 in
1675 1474 1752 1508 locis
1772 1474 1823 1509 ubi

1072 1519 1121 1554 illa
1146 1521 1250 1566 vigere
1285 1531 1472 1562 noscuntur,
1500 1535 1593 1558 causa
1627 1523 1823 1570 adipiscendi

1071 1569 1221 1605 scientiae
1250 1572 1466 1617 margaritam,
1501 1572 1661 1607 destinare
1687 1585 1825 1607 consue.-

1072 1619 1190 1659 verint,
1218 1632 1353 1667 quorum
1379 1622 1536 1665 nonnulli,
1560 1622 1686 1656 iuvenili
1711 1631 1739 1656 et
1764 1623 1823 1657 bu-

1071 1681 1161 1703 mana
1185 1669 1353 1716 fragilitate
1381 1672 1597 1715 causantibus,
1626 1672 1782 1706 interdum
1807 1685 1821 1706 a

1070 1719 1180 1753 semita
1211 1719 1339 1754 rationis
1367 1720 1540 1761 deviantes,
1571 1721 1679 1756 discoli
1712 1730 1741 1755 et
1769 1734 1823 1756 va-

1069 1767 1208 1813 gabundi
1232 1768 1312 1803 effici
1347 1769 1450 1804 solent
1477 1779 1506 1804 et
1539 1771 1684 1818 propriae
1713 1770 1823 1805 salutis

1072 1818 1285 1859 immemores,
1308 1831 1372 1865 quo
1395 1820 1427 1853 lit
1450 1828 1483 1853 ut
1504 1832 1600 1854 suave
1625 1820 1731 1866 iugum
1756 1820 1822 1855 Do-

1071 1867 1145 1900 mini
1164 1875 1418 1907 contemnentes,
1444 1869 1591 1916 praclatis
1612 1871 1679 1904 suis
1697 1870 1822 1904 obtem-

1070 1928 1191 1963 perare,
1224 1929 1397 1965 eorumque
1421 1918 1575 1953 salutares
1606 1920 1822 1966 correptiones

1068 1973 1099 1999 et
1134 1965 1333 2013 disciplinam
1366 1968 1526 2014 effugere,
1558 1968 1735 2015 quinimmo
1764 1968 1822 2002 de-

1068 2015 1192 2061 spicere
1215 2024 1244 2051 et
1263 2017 1449 2052 multimode
1466 2017 1594 2052 eludere
1615 2017 1820 2061 contendant,

1068 2073 1111 2109 et,
1135 2073 1167 2099 ut
1195 2065 1223 2099 id
1245 2066 1374 2112 impune
1397 2067 1545 2111 efficiant,
1574 2075 1742 2106 rectorum,
1765 2080 1820 2113 gu-

1069 2114 1269 2150 bernatorum
1293 2123 1323 2150 et
1345 2124 1601 2151 conservatorum
1617 2116 1818 2160 Studiorum,

1067 2164 1133 2198 sive
1169 2165 1404 2211 privilegiorum
1436 2165 1620 2200 eorumdem
1663 2167 1817 2211 praesidia

1067 2221 1096 2247 et
1121 2215 1303 2259 patrocinia,
1335 2215 1451 2262 quibus
1477 2227 1510 2249 se
1537 2215 1657 2261 protegi
1680 2223 1710 2249 et
1737 2217 1817 2250 tueri

1067 2262 1200 2307 valeant,
1234 2273 1390 2310 satagunt,
1418 2265 1583 2311 exquisitis
1627 2265 1729 2299 modis
1757 2266 1817 2299 im-

1067 2313 1206 2359 plorant,
1241 2326 1274 2347 se
1296 2314 1336 2347 ab
1363 2314 1502 2361 ipsorum
1525 2312 1682 2349 Ordinum
1718 2327 1817 2361 supe-

1066 2362 1183 2397 riorum
1219 2362 1459 2402 inrisdictione,
1493 2371 1645 2410 potestate
1674 2372 1703 2398 et
1739 2375 1816 2398 cor-

1067 2412 1204 2447 rectione
1226 2421 1390 2459 exemptos
1412 2425 1480 2448 esse
1504 2413 1757 2459 praetendentes.
1778 2413 1816 2447 Et

1064 2461 1207 2496 similiter
1229 2462 1439 2506 baccalaurei,
1476 2462 1629 2508 lectores,
1659 2462 1816 2497 bibliistae

1064 2511 1127 2546 sire
1159 2512 1207 2545 alii
1231 2511 1378 2546 officiales
1402 2523 1458 2559 pro
1481 2520 1621 2559 tempore
1650 2512 1679 2546 in
1709 2512 1815 2546 domi—

1065 2559 1124 2596 bus
1146 2569 1177 2595 ct
1199 2561 1407 2596 conventibus
1424 2561 1586 2596 civitatum
1609 2570 1639 2597 et
1659 2562 1814 2600 locorum,

1064 2610 1093 2644 in
1122 2610 1239 2657 quibus
1263 2610 1364 2645 studia
1396 2611 1576 2646 huiusmodi
1610 2611 1715 2657 vigere
1750 2622 1814 2644 no·-

1063 2667 1194 2694 scuntur
1227 2660 1385 2707 deputati,
1414 2672 1484 2695 cum
1513 2672 1662 2696 excessus
1692 2659 1814 2707 aliquos

1846 291 1893 316 An.
1912 291 1940 316 C.
1962 291 2028 319 t'ib'8

1874 843 1993 865 Exordium.

1849 1241 1948 1262 Nonnulli
1962 1246 2026 1265 regu<

1841 1272 1905 1296 lares,
1914 1275 2025 1299 praetextu

1841 1303 1916 1327 studii,
1951 1308 2026 1322 emni-

1840 1336 1887 1360 ptos
1901 1339 1923 1353 se
1935 1340 1945 1353 a
1961 1334 2025 1353 inris-

1840 1365 1934 1385 dictione
1974 1370 2025 1384 suo-

1839 1401 1883 1416 rum
1894 1395 1979 1415 Ordinis
1988 1401 2025 1415 su-

1839 1428 1946 1453 periorum
1972 1431 2021 1446 esse

1840 1457 2014 1484 praetendebant.
