2281 3251
92 254 142 280 An.
157 253 188 281 C.
209 255 275 282 1510

105 951 202 972 inhibitio
221 957 275 971 con-

93 987 122 1004 tra
132 989 273 1010 quoscumque

92 1014 140 1034 dieti
156 1014 265 1033 commissa

91 1045 116 1065 rii
140 1043 274 1070 perturbato-

92 1081 132 1099 res.
140 1076 213 1096 etaliis
223 1082 273 1102 qua»

92 1108 182 1128 statibus

92 1142 139 1159 tiam
156 1140 236 1159 dantes

205 1108 273 1129 ficen-

940 251 1045 273 lomes
1069 251 1089 272 ΙΙ
1119 250 1166 273 PP.

289 319 425 354 cumque
443 307 598 342 clausulas
621 306 862 353 praeservativas
883 305 1031 340 adversus

290 356 500 391 revocationes
512 365 541 390 et
560 356 785 401 suspensisnies
803 354 982 389 earumdem
1001 355 1028 388 in

289 420 321 441 se
343 406 552 450 continentes,
573 405 700 451 quando
728 413 757 438 et
779 405 924 451 quotiens
950 404 1030 438 etad

288 455 372 503 quod
397 463 519 501 tempus
542 455 651 489 nuntio
673 463 701 489 et
721 455 935 488 commissario
959 466 1032 500 prze-

289 505 349 539 fato
378 505 422 538 vel
446 504 632 550 deputandis
657 505 700 538 vel
723 503 967 549 subdelegandis
994 503 1032 537 ab

288 567 324 588 eo
337 553 491 588 videbitur
502 562 727 601 opportunum,
738 553 942 600 srispeii‹lere;
955 565 1032 600 quas

287 615 397 637 omnes
432 611 462 637 et
484 603 632 649 singulas,
666 616 722 637 nos
750 603 967 649 praesentibus
994 602 1030 637 ad

287 653 405 687 dictum
434 652 663 699 beneplacitum
695 662 835 688 nostrum
865 652 1032 699 suspendi-

288 715 369 742 mus,
392 711 421 737 et
438 715 606 749 suspensas
629 702 693 737 sore
716 702 916 737 decernimus
931 710 960 737 et
981 702 1031 736 de-

288 752 451 786 claramus.
479 752 686 787 prohibentes
713 753 842 786 omnino
864 759 1032 799 quaestuas

288 813 515 849 quascumque,
544 802 663 836 illarum
694 802 856 836 occasione
887 801 952 836 lieri
979 813 1032 836 so-

289 850 370 885 litas.

336 901 426 947 521.
440 899 486 934 Ac
503 900 685 935 mandantes
695 900 846 935 universis
857 908 883 934 et
901 899 1032 945 singulis

288 949 784 991 locorumordinariis,abbatibus
799 958 826 983 et
841 950 920 990 aliis,
931 949 1031 983 cuius-

268 1011 426 1046 -cumque
444 1000 614 1045 dignitatis,
637 1008 746 1037 status,
769 999 894 1045 gradus,
914 998 1033 1033 ordinis

288 1057 319 1084 et
340 1049 529 1083 conditionis
551 1049 596 1083 vel
618 1049 870 1096 prreeminentiae
887 1050 1031 1088 existant,

287 1098 346 1133 sub
384 1099 613 1133 excommunic.
650 1099 727 1132 latae
765 1099 962 1137 sententiae,
997 1110 1032 1132 ac

288 1148 484 1194 quingentor.
500 1148 601 1182 ducat.
625 1149 689 1182 auri
707 1147 838 1181 fabricae
859 1125 1032 1194 praedictae

287 1197 542 1244 applicandorum
558 1197 679 1244 poenis,
699 1197 767 1244 ipso
782 1196 882 1230 facto
877 1208 1031 1231 incurren

287 1247 356 1286 dis,
380 1259 417 1281 ne
440 1246 684 1293 publicationem
712 1254 741 1280 et
764 1246 1031 1293 praedicationem

286 1295 440 1330 dictarum
472 1303 647 1330 nostrarum
678 1295 971 1342 indulgentiarum,
1003 1303 1033 1330 et

286 1345 510 1392 suspensiones
526 1345 655 1380 aliarum
679 1345 858 1379 huiusmodi
876 1345 905 1379 in
922 1357 1031 1380 eorum

286 1394 438 1436 ecclesiis,
462 1395 649 1439 civitatibus,
675 1394 894 1437 dioecesibus,
923 1395 974 1429 ubi
1003 1403 1032 1429 et

285 1445 410 1491 quoties
441 1457 520 1490 opus
546 1444 639 1479 suerit
667 1445 837 1479 faciendam
868 1445 1031 1490 impedire,

285 1503 315 1528 et
337 1494 465 1541 aliquid,
486 1502 645 1540 praetextu
664 1494 895 1541 publicationis,
913 1503 1031 1540 petere,

286 1552 316 1577 et
342 1544 434 1578 etiam
467 1555 483 1577 a
515 1552 628 1590 sponte
660 1543 862 1578 offerentibus
891 1544 1030 1590 recipere

285 1601 316 1627 et
337 1592 472 1639 exigere,
499 1601 552 1627 aut
577 1594 606 1627 in
627 1593 806 1641 praemissis
829 1593 875 1627 vel
898 1594 980 1628 circa
997 1605 1032 1628 ea

285 1642 424 1677 fraudem
453 1651 506 1676 aut
537 1642 643 1677 dolum
677 1643 897 1687 committere,
928 1655 1031 1689 neque

287 1701 490 1739 procurantes
512 1691 692 1727 huiusmodi
716 1691 937 1737 indulgentiar.
967 1705 1033 1738 par-

287 1741 397 1788 ticipes
419 1741 483 1775 fieri
515 1750 544 1776 et
570 1754 627 1776 sua
654 1742 703 1788 pia
730 1741 876 1787 suffragia
903 1754 1031 1787 erogare

286 1790 325 1825 ab
347 1790 528 1825 huiusmodi
561 1803 667 1825 eorum
704 1791 886 1837 proposito,
915 1792 944 1825 in
969 1799 1031 1826 toto

286 1840 332 1874 vel
357 1840 387 1874 in
418 1849 514 1886 parte,
541 1840 659 1875 directe
683 1841 726 1875 vel
751 1841 913 1885 indirecte,
937 1841 1030 1875 tacite

289 1888 335 1923 vel
357 1901 504 1936 expresse
523 1889 692 1933 retardare,
715 1898 766 1924 aut
784 1903 839 1937 per
860 1903 892 1925 se
916 1891 962 1924 vel
978 1903 1030 1925 eo-

287 1951 356 1973 rum
389 1939 517 1974 vicarios
539 1939 584 1974 vel
613 1939 759 1974 officiales
774 1967 783 1983 ,
806 1940 962 1974 licentiam
988 1940 1032 1974 fa-

287 1988 390 2023 ciendi
426 1997 593 2036 quaestuas
624 1989 782 2036 aliquibus
811 1989 1031 2036 quaestoribus

287 2039 421 2073 alicuius
447 2037 578 2073 Ordinis
606 2039 652 2073 vel
685 2039 862 2085 Religionis
884 2047 937 2074 aut
965 2039 1032 2074 sra-

287 2093 467 2127 ternitatum
502 2092 549 2128 vel
580 2093 795 2140 hospitalium,
818 2102 870 2128 aut
896 2107 1032 2141 quomo-

288 2146 406 2182 dolibet
437 2146 619 2194 deputatis,
653 2147 748 2182 verbo
777 2148 821 2182 vel
854 2148 884 2182 in
908 2148 1033 2195 seriptis

286 2201 470 2237 concedere.
498 2201 696 2245 Quinimmo,
719 2211 901 2249 quaestores
922 2215 1032 2237 omnes

286 2265 316 2291 et
338 2256 495 2302 singulos,
518 2268 598 2304 quos
620 2255 649 2290 in
673 2268 781 2290 eorum
816 2256 1033 2291 iurisdictione

287 2312 486 2358 repererint,
509 2323 581 2345 cum
612 2323 721 2346 eorum
753 2310 845 2345 rebus
871 2320 900 2345 et
932 2311 1032 2354 bonis,

287 2378 367 2413 quae
386 2365 486 2400 dictae
505 2365 639 2401 fabricae
661 2365 815 2412 applicata
838 2377 906 2400 esse
928 2365 1033 2400 decer-

289 2419 404 2463 nimus,
426 2427 457 2453 et
477 2419 515 2454 ad
534 2419 698 2454 Cameram
722 2419 935 2467 Apostolicam
960 2419 1034 2454 fide-

289 2473 357 2507 liter
383 2473 496 2508 deferri
526 2473 724 2514 mandamus,
745 2474 878 2508 retinere
901 2473 1032 2514 valeani;

289 2538 347 2561 nec
369 2527 462 2562 modo
474 2527 579 2574 aliquo
595 2527 730 2562 audeant
752 2536 805 2561 aut
820 2536 1032 2574 praesumant,

291 2593 344 2628 per
370 2593 403 2615 se
429 2581 476 2616 vel
503 2582 613 2626 alium,
641 2581 851 2628 dispensatos,
873 2589 923 2616 ant
952 2582 1032 2622 illos,

291 2647 360 2671 cuin
388 2635 515 2684 quibuS,
543 2636 756 2684 praesentium
773 2636 890 2683 rigore,
905 2635 943 2670 ab
965 2636 1032 2684 ipso

1698 238 1764 270 487

1075 304 1289 339 ‹connaissario
1312 304 1356 337 vel
1385 302 1567 349 delegandis
1593 310 1645 336 aut
1667 301 1815 336 subdele-

1074 354 1182 398 gandis
1196 354 1360 401 praedictis
1372 353 1536 399 contigerit
1550 351 1738 398 dispensari,
1752 363 1816 386 mo—

1075 406 1184 438 lestare
1208 405 1251 438 rel
1279 403 1454 450 impedire,
1477 411 1529 436 aut
1553 414 1668 447 poenas
1683 401 1815 448 aliquas,

1075 466 1129 499 pro
1158 466 1229 487 casu
1255 454 1282 487 in
1312 466 1384 500 quo,
1413 461 1445 486 ut
1474 452 1656 498 praefertur,
1682 451 1817 497 dispen—

1074 511 1175 537 satum
1214 503 1305 537 suerit
1343 515 1380 536 ex
1403 510 1518 536 statuto
1547 500 1593 534 vel
1621 514 1658 535 ex
1681 513 1816 535 consue-

1076 552 1195 592 tudine,
1223 553 1355 597 exigere.
1379 550 1609 593 Quaestoribus
1631 562 1703 585 vero
1725 562 1817 596 supra

1076 602 1243 636 nominatis
1257 602 1315 636 sub
1329 601 1484 635 similibus
1501 600 1608 647 poenis
1637 600 1818 634 inhibemus

1076 664 1113 686 ne
1140 660 1308 698 qnaestnas
1343 651 1435 685 modo
1462 651 1566 697 aliquo
1594 649 1694 684 facere
1722 661 1818 696 prae-

1074 708 1210 741 sumant,
1234 712 1310 734 nere
1333 700 1411 734 bona
1441 700 1592 746 ipsorum,
1616 711 1671 746 per
1699 699 1818 745 praesa—

1075 759 1138 785 tnm
1159 749 1408 784 commissarium
1432 758 1483 783 aut
1501 749 1659 793 delegatos
1676 748 1721 782 vel
1740 748 1818 782 sub-

1074 800 1248 846 delegatOS,
1268 800 1360 834 etiam
1384 800 1489 843 vigore
1510 798 1639 832 aliarum
1656 798 1815 832 literarum

1075 858 1264 889 nostrarum,
1287 860 1395 883 eornm
1419 847 1616 894 exigentibus
1643 847 1817 886 demeritis,

1074 907 1231 938 arrestata,
1248 899 1397 944 applicata
1420 905 1449 931 et
1479 910 1493 931 a
1521 897 1677 944 praedicta
1705 897 1817 931 fabrica

1076 949 1197 983 vendita
1213 976 1220 989 ,
1244 948 1302 982 sibi
1331 947 1424 981 modo
1450 947 1555 993 aliquo
1584 946 1747 981 vendicare
1769 946 1817 981 vel

1074 999 1112 1033 ab
1134 997 1330 1044 emptoribus
1354 997 1397 1031 vel
1416 996 1643 1040 detentoribus,
1665 1004 1718 1030 aut
1737 1007 1818 1030 com-

1075 1048 1217 1082 missario
1240 1047 1389 1093 delegatis
1415 1047 1459 1079 vel
1488 1045 1699 1091 subdelegatis
1728 1057 1820 1091 prae-

1074 1097 1165 1132 dictis
1186 1104 1338 1143 repetere.
1363 1096 1408 1129 Ac
1429 1095 1490 1130 snb
1512 1095 1671 1129 similibus
1692 1103 1822 1129 senten-

1075 1147 1113 1181 tia
1145 1155 1174 1181 et
1210 1158 1309 1192 poena
1348 1145 1534 1179 mandamns
1568 1144 1822 1191 quibuscumque

1076 1195 1343 1243 praedicatoribus
1366 1194 1448 1228 verbi
1471 1193 1528 1228 Dei
1548 1205 1822 1240 quorumcumque

1074 1246 1243 1286 tudinum,
1266 1245 1358 1279 etiam
1381 1243 1640 1298 Mendicantium,
1663 1251 1695 1277 ut
1714 1243 1822 1290 requi—

1074 1295 1123 1330 siti
1145 1308 1162 1329 a
1186 1294 1322 1342 praefato
1350 1293 1579 1333 commissario,
1600 1292 1645 1327 vel
1673 1292 1822 1339 delegan-

1074 1344 1124 1379 dis
1160 1345 1206 1379 vel
1240 1342 1486 1390 subdelegandis
1520 1342 1558 1376 ab
1585 1354 1638 1386 eo,
1668 1342 1822 1389 praefatos

1075 1393 1297 1429 christifideles
1319 1393 1357 1427 ad
1371 1391 1635 1428 contribuendum
1658 1392 1758 1426 dictae
1777 1391 1823 1426 fa-

1075 1444 1178 1478 bricae
1199 1443 1414 1482 exhortentur,
1443 1450 1472 1477 et
1493 1454 1509 1476 a
1533 1441 1713 1488 praemissis
1739 1453 1823 1476 com-

1075 1494 1217 1528 missario
1240 1493 1285 1528 vel
1302 1492 1486 1537 delegandis
1507 1499 1559 1526 aut
1577 1490 1821 1537 subdelegaudis

1076 1543 1220 1590 praefatis
1253 1542 1428 1581 admoniti,
1459 1553 1475 1575 a
1511 1540 1821 1587 praedicationibus,

1073 1592 1186 1627 diebus
1200 1592 1316 1639 quibus
1339 1591 1439 1626 dictae
1463 1590 1674 1635 indulgentiae
1695 1597 1726 1625 et
1746 1602 1818 1625 sus-

1075 1643 1245 1689 pensiones
1273 1642 1310 1675 ab
1338 1641 1413 1688 ipsis
1438 1640 1483 1675 vel
1513 1639 1552 1674 de
1575 1640 1715 1686 ipsorum
1738 1652 1819 1675 com-

1075 1692 1224 1726 missione
1244 1691 1456 1738 pnblicantur,
1477 1689 1665 1724 abstineant.

1121 1742 1220 1788 §2⁶2¹-
1250 1740 1418 1786 Liceatque
1446 1739 1651 1774 nibilominus
1678 1739 1820 1774 commis-

1073 1793 1154 1826 sario
1169 1799 1199 1825 et
1212 1790 1395 1837 delegandis
1418 1798 1471 1824 aut
1491 1788 1733 1835 subdelegandis
1746 1801 1823 1835 prae-

1074 1840 1175 1884 dictis,
1204 1840 1373 1886 praemissa
1400 1839 1505 1874 omnia
1523 1846 1552 1873 et
1575 1838 1710 1884 singula,
1725 1838 1820 1873 etiam
1837 1853 1840 1861 ·

1073 1890 1222 1924 omnibus
1248 1898 1278 1924 et
1300 1889 1432 1935 singulis
1460 1888 1641 1936 praedictis,
1673 1887 1734 1922 sub
1756 1888 1822 1922 eis-

1074 1940 1144 1974 dem
1165 1940 1285 1986 poenis,
1313 1940 1428 1974 totiens
1454 1938 1600 1985 quotiens
1627 1938 1671 1972 eis
1692 1937 1738 1971 vel
1767 1949 1823 1972 eo-

1075 2002 1142 2024 ιιιη]
1159 1989 1252 2024 alicui
1269 1989 1368 2024 visum
1393 1988 1721 2034 lueritopportunum
1737 1999 1822 2021 man-

1074 2039 1147 2073 dare
1170 2048 1199 2074 et
1223 2040 1397 2085 iniungere,
1414 2050 1534 2073 necnon
1551 2038 1724 2071 iuramenta
1741 2048 1821 2083 quae-

1074 2106 1209 2141 cumque
1230 2106 1246 2128 a
1274 2093 1435 2140 quibusvis
1464 2092 1548 2127 laicis
1574 2091 1740 2138 utriusque
1769 2103 1821 2125 se—

1074 2161 1143 2191 xus,
1165 2147 1204 2183 de
1220 2147 1332 2182 stando
1354 2148 1382 2181 in
1408 2146 1509 2193 aliqua
1532 2145 1692 2186 societate,
1715 2144 1822 2179 frater-

1076 2202 1171 2238 nitate
1195 2203 1241 2237 vel
1266 2213 1396 2236 numero
1419 2212 1636 2248 personarum,
1658 2208 1688 2234 et
1707 2199 1745 2234 de
1762 2199 1821 2234 sol-

1075 2257 1176 2292 vendo
1203 2264 1297 2291 ratam
1326 2256 1462 2302 aliquam
1498 2255 1527 2288 in
1558 2262 1743 2302 perpetuum
1772 2253 1819 2288 vel

1075 2311 1113 2346 ad
1136 2320 1271 2359 tempus,
1295 2311 1460 2345 occasione
1487 2309 1699 2349 fraternitatis,
1722 2308 1821 2343 socie-

1075 2365 1145 2400 tatis
1172 2373 1201 2400 et
1230 2365 1363 2407 numeri,
1391 2363 1508 2398 ratione
1529 2362 1681 2398 dictarum
1707 2361 1820 2396 indul-

1075 2420 1264 2466 gentiarum,
1288 2418 1518 2466 privilegiorum
1546 2424 1576 2452 et
1597 2424 1817 2464 quaestuarum

1075 2474 1307 2520 quomodolibet
1323 2472 1480 2520 praestita,
1498 2470 1632 2506 relaxare
1648 2479 1676 2505 et
1691 2469 1816 2505 eosdem

1075 2528 1113 2562 ab
1142 2529 1202 2563 illis
1228 2528 1397 2563 absolvere.
1425 2525 1680 2561 Contradictores
1701 2525 1818 2571 quosli-

1076 2581 1127 2616 bet
1148 2590 1177 2616 et
1201 2582 1341 2624 rebelles,
1355 2580 1446 2615 etiam
1463 2592 1516 2626 per
1538 2591 1700 2614 censuram
1721 2578 1818 2613 eccle-

1075 2635 1157 2670 siast.
1183 2643 1211 2670 et
1233 2635 1289 2670 alia
1311 2634 1385 2668 iuris
1401 2642 1575 2682 opportuna
1595 2632 1743 2679 remedia,
1764 2632 1818 2667 in-

1830 248 1878 273 An.
1896 246 1925 273 C.
1947 246 2011 272 ibis*

1850 1751 1943 1772 facultas
1966 1752 2016 1772 dicti

1837 1788 1972 1802 vummrssarn
1995 1788 2017 1801 ε’

1838 1813 1875 1832 tius
1883 1812 2018 1837 ⁴<ulv=⁴lel¹²gatb
