2281 3251
211 272 259 297 An.
279 270 309 296 C.
325 269 391 296 tun

216 825 353 850 Supmdietus
363 831 391 844 ar.

207 855 340 881 rhieptsvop.
351 854 393 875 Co-

208 888 304 906 ›vunnu‹
319 891 394 906 uem-

207 917 301 943 ptionem
311 917 394 937 nuris-

207 948 301 968 dictione
315 954 352 968 sua
367 953 393 968 e-

208 977 294 1003 tergitur
309 982 350 1001 ert:

215 1708 240 1730 Et
255 1708 275 1729 B.
289 1707 389 1730 Franciu-

204 1747 250 1760 rum
272 1746 317 1766 sup.
342 1746 389 1761 cum

203 1771 324 1791 omnimoda
356 1769 390 1790 la-

203 1801 282 1822 enitate
298 1802 317 1821 d.
335 1807 390 1822 con-

203 1832 390 1858 ‘rogationisssre-

204 1864 301 1884 mnarum
315 1863 388 1890 elegit3

456 261 526 294 2¹4

986 271 1174 295 BtLLARtt‘n
1203 271 1364 294 ttoxtANt'u

408 325 539 371 tionem,
560 326 814 367 concessionem,
829 325 1059 362 ordinationem
1080 325 1162 360 etli·
1206 338 1269 361 rem
1293 338 1328 360 ac
1352 337 1411 361 una
1435 334 1538 360 tecum
1562 325 1639 360 alios
1660 337 1880 373 quoscumque
1901 337 1957 360 su—

408 383 490 410 teras
511 375 742 423 archiepiscopi
756 375 922 424 praedicti
943 375 1112 422 omniaque
1133 382 1163 410 et
1207 376 1345 422 pei-iores
1371 384 1401 410 et
1429 375 1550 422 priores
1576 383 1606 410 et
1628 374 1777 410 officiales
1807 374 1958 410 canonice

407 423 531 470 singula
555 437 584 459 tn
608 425 654 460 eis
675 434 833 468 contenta,
858 432 950 470 prout
973 436 1008 459 ea
1031 435 1162 459 concer-

409 481 499 513 nunt,
526 475 710 509 auctoritate
737 474 906 521 apostoliea
940 473 1162 520 appt··obaterit

407 530 436 556 et
465 522 709 567 confirmaverit,
730 524 987 570 suppleveritque
1005 535 1117 558 omnes
1133 530 1163 557 et

407 571 551 618 singulos
587 572 730 608 detectus
766 573 819 619 qui
857 573 1095 607 intervenerunt
1131 572 1161 605 in

407 621 541 661 eisdem,
561 630 653 668 prout
676 622 706 656 in
730 621 866 668 quodam
891 620 1022 668 publico
1041 621 1161 656 iustru-

408 679 514 705 mento
541 670 680 718 desuper
707 670 850 706 consecto
883 671 999 706 dicitur
1036 670 1162 718 plenius

407 720 571 755 contineri.

456 768 477 815 ἓ
498 773 531 804 4.
557 768 718 824 Quodque
740 769 880 817 PJrrhus
901 768 1162 815 aichiepiscopus

409 818 602 865 praedictus,
626 819 708 854 inter
730 819 788 854 alia
808 831 863 866 per
881 831 953 854 eum
977 817 1066 854 vohis
1086 829 1162 854 tunc

407 879 576 912 concessa,
614 868 812 915 praedictum
845 867 1061 904 eremitorium
1097 869 1160 903 sive

407 916 573 952 ecelesiam
597 916 631 951 S.
654 917 816 953 Francisci
845 927 876 952 et
898 917 957 952 alia
986 929 1161 963 quaecum-

407 977 469 1013 que
491 966 576 1008 loca,
602 965 763 1003 Ecclesias
795 974 826 1002 et
852 967 985 1002 oratoria
1015 979 1070 1013 per
1107 979 1161 1002 vos

407 1028 437 1049 in
462 1024 625 1062 posterum
647 1016 843 1072 recipienda,
859 1029 931 1052 cum
949 1016 1124 1051 omuibus
1118 1030 1160 1051 ιυ-

408 1078 430 1099 t
426 1064 497 1100 bus
519 1074 550 1101 et
573 1065 784 1113 pertinentiis,
807 1066 1012 1112 eremitisque
1034 1074 1065 1101 et
1087 1078 1160 1113 per·

405 1115 492 1149 sonis
523 1115 600 1150 inibi
634 1128 690 1162 pro
724 1124 867 1162 tempore
899 1114 1090 1162 degentibus
1124 1127 1160 1150 ac

406 1163 500 1199 rebus
538 1164 688 1200 omnibus
721 1164 760 1200 ad
796 1176 854 1200 vos
890 1165 1022 1211 locaque
1058 1172 1159 1200 restra

403 1213 644 1260 quomodolibet
671 1214 904 1261 pertinentibus
931 1221 961 1248 et
986 1214 1159 1261 spectanti-

403 1261 475 1303 bus,
494 1262 532 1298 ab
547 1263 632 1298 omni
656 1263 887 1304 iurisdictione,
909 1262 1105 1298 subiectione
1127 1271 1164 1299 et.

404 1312 625 1358 superioritate
648 1321 784 1348 matrum
801 1312 1018 1348 Ecclesiarum
1040 1325 1077 1348 ac
1101 1326 1156 1348 sua

403 1372 542 1409 suaeque
561 1361 720 1398 Ecclesiae
739 1361 931 1397 Cosentinae
949 1370 1159 1397 caeterarum—

403 1422 466 1456 que
493 1423 700 1458 personarum
723 1411 753 1446 in
777 1420 965 1467 perpetuum
989 1412 1106 1446 exemit
1127 1420 1157 1446 et

403 1458 558 1506 liberavit,
579 1472 615 1495 ae
633 1460 693 1495 sub
709 1462 918 1508 protectione,
940 1460 1157 1496 submissione

402 1517 433 1542 et
467 1509 687 1546 iurisdictione
719 1509 814 1545 Sedis
840 1510 1042 1556 Apostolicae
1076 1523 1156 1558 spe—

402 1557 522 1594 cialiter
546 1567 577 1595 et
607 1571 758 1607 expresse
791 1559 949 1595 remiserit
976 1568 1006 1594 et
1029 1559 1157 1595 relaxa-—

403 1607 490 1643 verit.

451 1661 467 1702 ἓ
489 1659 522 1692 5.
544 1657 587 1692 Ει
607 1658 691 1694 sicut
711 1657 822 1694 eadem
846 1659 955 1706 petitio
977 1658 1155 1704 subiunge-

403 1706 466 1751 bat,
492 1718 510 1742 a
537 1707 698 1743 nonnullis
719 1708 884 1753 asseritur,
912 1716 1036 1743 nostras
1064 1720 1157 1754 prae—

403 1756 514 1791 libatas
554 1756 660 1792 literas
697 1769 734 1792 ac
768 1758 1061 1796 confirmationem,
1100 1769 1157 1804 ap-

404 1805 620 1852 probationem
659 1815 690 1842 et
723 1806 900 1842 defectuum
922 1807 1155 1855 suppletionem

402 1863 589 1903 caeteraque
603 1856 709 1891 omnia
731 1856 790 1891 alia
806 1864 837 1891 et
858 1857 982 1903 singula
1007 1868 1061 1902 per
1083 1868 1158 1901 prae-

403 1903 524 1940 dictum
560 1904 748 1940 Goffredum
775 1906 961 1952 episcopum
998 1905 1030 1940 S.
1059 1905 1156 1939 Marci

403 1953 528 1989 illarum
551 1954 657 2001 vigore
680 1954 758 1990 sacta
780 1963 809 1989 et
832 1954 905 1990 inde
927 1963 1034 1990 secuta
1058 1966 1157 2002 quae-

401 2015 540 2050 cumque
568 2003 690 2038 iuribus
717 2016 780 2038 non
809 2004 1000 2043 subsistere,
1037 2016 1091 2050 pro
1119 2015 1156 2038 eo

401 2052 486 2099 quod
509 2053 769 2100 archiepiscopus
788 2053 981 2100 praedictus,
1006 2066 1061 2100 per
1083 2065 1156 2087 suas

402 2106 577 2153 praedictas
604 2106 724 2152 literas,
748 2115 777 2142 te
800 2107 924 2142 fratrem
948 2107 1154 2142 Franciseum

402 2161 434 2194 in
460 2161 658 2208 superiorem
681 2161 865 2197 huiusmodi
889 2169 961 2196 tuae
987 2171 1157 2207 cougrega-

402 2214 497 2250 tionis
523 2223 657 2263 patrem,
686 2223 840 2251 rectorem
868 2223 899 2250 et
929 2216 1065 2262 priorem
1098 2226 1155 2249 seu

401 2268 512 2315 quovis
533 2269 594 2304 alio
609 2270 739 2306 nomine
761 2270 1012 2318 nuncupandum
1033 2269 1155 2304 dederit

401 2331 431 2356 et
452 2322 659 2371 deputaverit,
681 2325 732 2360 cui
761 2324 997 2371 congregationi
1034 2335 1155 2371 praees—

401 2388 465 2422 ses,
487 2389 523 2413 ac
544 2377 605 2413 vita
627 2386 659 2413 et
685 2377 841 2426 exemplis
863 2377 1048 2426 profuisse&
1076 2377 1156 2412 tuis-

402 2441 464 2477 que
490 2430 633 2471 monitis,
656 2431 812 2467 mandatis
833 2440 864 2466 et
893 2431 1067 2479 praeceptis
1099 2443 1155 2465 sa-

403 2485 546 2522 lubribus
560 2498 673 2522 omnes
695 2486 949 2534 congregationis
971 2485 1154 2520 huiusmodi

403 2551 556 2587 personae
576 2539 705 2575 obedire
727 2548 759 2574 et
781 2552 889 2588 parere
912 2539 1082 2575 deberent:
1107 2539 1155 2586 ip-

402 2593 507 2640 sisque
543 2593 605 2629 tuis
625 2593 766 2629 eremitis
801 2593 950 2628 fratribus
977 2591 1153 2628 facultatem

1204 425 1360 471 eligendi;
1389 436 1511 459 necnon
1539 432 1655 459 statuta
1679 433 1710 459 et
1742 424 1958 459 ordinationes

1206 486 1261 520 pro
1290 473 1470 508 huiusmodi
1496 474 1576 508 vitae
1603 473 1814 512 observantia,
1843 485 1860 508 3
1890 473 1958 508 iure

1206 532 1309 558 tamen
1337 523 1445 558 divino
1472 532 1500 557 et
1528 533 1708 558 sauctorum
1743 522 1872 557 Patrum
1901 523 1958 556 in-

1205 572 1425 607 stitutionibus
1452 584 1515 606 non
1545 572 1713 615 deviantia,
1741 571 1896 613 sat-iendi;
1919 572 1959 606 ti-

1206 621 1299 668 bique
1326 630 1355 656 et
1383 620 1565 656 huiusmodi
1592 620 1779 656 officialibus
1803 621 1958 656 omnimo·

1205 670 1276 704 dam
1301 671 1550 705 iurisdictionem
1574 670 1776 709 ordinariam,
1799 670 1829 704 in
1857 669 1959 717 spiri—

1206 719 1341 755 tualibus
1376 729 1407 754 et
1430 719 1669 766 temporalibus,
1699 720 1959 774 congregationis

1206 768 1389 804 huiusmodi
1413 781 1631 815 personarum
1654 768 1747 802 etiam
1768 769 1793 802 si
1817 768 1957 803 sacerdo·

1205 818 1257 852 13Ιί
1274 831 1328 853 seu
1349 818 1459 865 quavis
1476 818 1534 853 alia
1556 817 1779 865 praesttlgereut
1794 817 1957 863 diguitate3

1203 880 1239 901 ac
1267 868 1408 902 locorum
1439 867 1685 910 iurisdictiones,
1712 866 1899 901 animalium
1927 875 1958 902 et

1206 929 1308 951 retum
1337 917 1479 951 omnium
1507 916 1546 952 ad
1583 925 1611 951 te
1639 925 1790 963 tuamque
1817 927 1958 962 congre—

1203 967 1362 1012 gationem
1404 965 1645 1013 quomodolibet
1679 965 1890 1012 spectantium
1927 973 1958 1000 et

1204 1016 1445 1060 pertinentium:
1467 1026 1689 1062 quoscumque
1711 1026 1840 1062 quoque
1862 1014 1959 1050 rebel-

1203 1066 1247 1099 les
1274 1074 1304 1100 et
1332 1064 1562 1105 inobedientes,
1594 1064 1802 1111 omniumque
1836 1063 1958 1098 buius-

1203 1114 1286 1149 modi
1321 1114 1576 1161 congregationis
1606 1125 1812 1160 personarum
1847 1111 1957 1147 deliu-

1201 1164 1369 1210 quentium
1394 1172 1518 1210 peccata
1541 1171 1571 1197 et
1593 1162 1706 1197 delicta
1729 1171 1759 1198 et
1777 1161 1958 1197 cuiuscum-

1201 1225 1261 1260 que
1288 1213 1414 1259 geueris
1447 1212 1600 1247 maleficia
1623 1220 1654 1246 et
1685 1211 1830 1251 crimina,
1863 1220 1957 1259 prout

1202 1263 1278 1298 iuris
1300 1262 1392 1304 soret,
1416 1261 1587 1309 puniendi;
1616 1260 1865 1308 liuiusmodique
1892 1261 1956 1296 de-

1201 1311 1381 1359 linquentes
1394 1309 1623 1351 incarcerandi,
1637 1309 1870 1358 disciplinandi,
1885 1323 1957 1346 con-

1200 1361 1391 1403 demnandi,
1418 1359 1588 1400 liberandi,
1621 1359 1806 1395 absolvendi
1833 1368 1956 1395 cetera-

1199 1423 1261 1458 que
1283 1410 1438 1454 faeiendi,
1461 1421 1543 1457 quae
1566 1409 1596 1443 in
1620 1409 1802 1456 praemissis
1824 1417 1854 1444 et
1872 1410 1955 1445 circa

1201 1460 1372 1506 praemissa
1395 1459 1483 1494 vobis
1509 1458 1692 1494 viderentur
1719 1458 1785 1493 fore
1806 1470 1955 1494 necessa-

1201 1522 1242 1543 ria
1265 1518 1298 1545 et
1322 1517 1513 1556 opportuna,
1535 1517 1565 1543 et
1586 1520 1668 1555 quae
1691 1508 1824 1556 ipsemet
1850 1508 1955 1543 archi—

1199 1559 1371 1606 episcopus
1393 1558 1494 1593 facere
1518 1566 1633 1605 posset.

1248 1614 1263 1651 ς’
1278 1612 1311 1643 6.
1334 1607 1560 1643 Sacerdotibus
1579 1619 1651 1642 tero
1673 1605 1856 1642 huiusmodi
1876 1618 1954 1642 con-

1199 1629 1404 1704 ‹wbiegatiouiffi
1426 1670 1482 1692 seu
1511 1656 1728 1692 saecularibus
1749 1657 1796 1691 vel
1825 1656 1953 1703 regula-

1200 1708 1286 1742 tibus
1302 1720 1359 1755 pei
1374 1719 1429 1741 vos
1445 1706 1610 1752 eligendis,
1626 1706 1749 1746 missas,
1768 1684 1953 1741 etia111³ante

1199 1757 1294 1801 diem,
1334 1766 1364 1791 et
1398 1757 1429 1790 in
1467 1767 1670 1803 quocumque
1705 1755 1775 1790 loco
1814 1754 1853 1790 ad
1892 1755 1953 1791 hoc

1199 1819 1268 1840 con
1261 1818 1340 1849 Ἴ*νυο
1370 1814 1400 1841 et
1427 1805 1561 1840 honesto
1594 1817 1667 1840 cum
1695 1804 1781 1840 altari
1817 1805 1953 1850 portatili

1199 1855 1392 1890 celebrandi:
1407 1854 1640 1889 Eucharistiam
1656 1862 1687 1889 et
1704 1854 1763 1889 alia
1779 1866 1955 1900 quaecum-

1199 1918 1260 1951 que
1295 1904 1504 1939 ecclesiastica
1544 1912 1762 1944 sacramenta,
1790 1903 1887 1938 libere
1924 1912 1954 1938 et

1201 1953 1283 1988 licite
1306 1954 1360 1988 tibi
1397 1953 1646 2000 huiusmodique
1681 1961 1751 1988 tuae
1779 1964 1954 2000 cougrega-

1201 2003 1294 2037 tiouis
1315 2015 1470 2050 petsonts,
1497 2003 1621 2049 quoties
1644 2001 1771 2037 detotio
1793 2001 1954 2048 ingrueret

1199 2062 1226 2086 et
1254 2064 1364 2087 necess
1368 2053 1424 2086 itis
1447 2051 1631 2098 postularet,
1651 2051 1773 2099 absque
1797 2063 1953 2098 quaeum-

1198 2114 1260 2148 que
1296 2103 1470 2148 superioris
1499 2101 1622 2135 licentia
1657 2100 1878 2139 ministrandi,
1915 2101 1952 2136 ad

1199 2163 1279 2198 quae
1313 2150 1515 2197 suscipienda
1547 2158 1632 2185 extra
1667 2151 1734 2186 loca
1771 2149 1952 2185 huiusmodi

1199 2200 1344 2247 compelli
1374 2212 1435 2234 nou
1462 2200 1606 2246 possetis.

1247 2250 1267 2297 g
1292 2252 1322 2283 7.
1345 2249 1573 2284 Coul'essioues
1591 2249 1753 2290 audiendi,
1775 2258 1804 2284 et
1825 2248 1865 2284 ab
1887 2261 1954 2284 om-

1199 2300 1292 2333 nibus
1314 2299 1452 2340 casibus,
1468 2298 1864 2343 excommunicationibus,
1883 2311 1953 2334 sus-

1200 2348 1406 2395 pensionibus
1427 2357 1455 2383 et
1480 2348 1667 2387 interdictis,
1691 2359 1727 2382 ac
1751 2360 1848 2395 super
1877 2360 1953 2395 qua-

1199 2410 1335 2446 cumque
1368 2397 1619 2444 irregularitate,
1654 2396 1757 2432 eidem
1791 2398 1952 2445 archiepi-

1198 2460 1307 2495 scopo,
1331 2455 1392 2482 tam
1408 2459 1424 2482 a
1440 2448 1520 2488 iure,
1543 2458 1637 2494 quatu
1660 2447 1700 2481 ab
1722 2458 1759 2482 eo
1774 2447 1952 2488 reservatis

1197 2506 1228 2532 et
1252 2497 1433 2543 praemissis
1448 2497 1550 2536 toties,
1573 2496 1698 2543 quoties
1717 2508 1799 2544 opus
1822 2496 1901 2532 soret
1921 2504 1952 2531 et

1198 2555 1290 2588 esset,
1318 2545 1502 2581 absolvendi
1523 2555 1554 2581 et
1580 2545 1796 2591 dispensandi,
1818 2553 1950 2593 votaque

1198 2607 1419 2643 quaecumque
1442 2594 1644 2643 permutandi
1669 2603 1699 2629 et
1722 2594 1892 2640 relaxandi,
1913 2606 1950 2630 ac

402 2646 557 2683 concessit
576 2654 605 2683 te
627 2647 660 2682 in
682 2658 776 2683 suum
795 2647 991 2695 superiorem
1014 2655 1043 2682 et
1066 2647 1155 2694 prio·
1171 2648 1179 2703 1
1198 2646 1424 2693 poeniteutiam
1452 2645 1619 2681 salutarem
1644 2643 1838 2692 iniungendi.

1973 273 2022 299 Αη,
2041 271 2069 297 C.
2089 272 2153 299 {Hb

1982 1623 2018 1644 Dat
2037 1625 2154 1644 auctorita·-

1968 1658 2010 1676 tem
2029 1653 2154 1675 celebrandi

1967 1686 2013 1706 mis.
2030 1688 2079 1706 anto
2098 1685 2152 1706 diem

1967 1719 2010 1737 ete
2014 1723 2019 1741 ς

1972 2261 2105 2283 confi-mun.
2115 2269 2151 2284 ιιι-

1965 2293 2044 2318 Mundi,
