2281 3251
213 269 262 295 An.
279 268 307 295 C.
330 268 395 294 t¹i76

459 257 532 290 244

411 321 496 368 quod
513 320 651 356 officium
669 329 866 355 mortuorum
879 320 994 355 velalia
1011 319 1163 354 celebrari

412 372 526 414 faeere,
547 371 642 405 etiam
665 371 689 404 si
713 369 795 417 apud
818 382 873 403 eos
899 381 1030 416 corpora
1050 368 1165 403 defun-

411 429 532 455 ctorum
562 420 689 466 sepeliri
718 419 888 464 contingat.

459 469 480 517 ἓ
503 472 560 505 59.
577 469 763 504 ltlaudames
778 469 908 515 insuper
922 479 1070 514 expresse
1087 467 1163 514 ipsis

1005 266 1193 289 nummum
1222 266 1384 289 ROMANUM

1208 319 1312 367 plano,
1339 332 1375 355 ac
1403 319 1472 354 sine
1498 318 1630 366 strepitu
1652 326 1683 354 et
1711 317 1809 365 ligura
1837 317 1959 358 indicii,

1206 369 1270 404 sola
1306 369 1377 403 sacti
1419 369 1546 403 veritate
1582 369 1746 415 inspecta,
1774 368 1960 402 auctoritate

1206 418 1377 465 apostolica
1413 418 1591 452 ministrent
1629 418 1803 458 iustitiam,
1837 417 1961 451 ‹lenun-

1208 469 1350 514 tientque
1386 467 1486 514 palam
1509 475 1540 501 et
1565 466 1689 514 publice
1711 478 1822 502 omues
1837 474 1867 500 et
1891 466 1961 500 sin-

217 519 553 554 ¹³0==¹eu³0nm<locorum
594 518 761 553 ordinariis
792 530 827 552 ac
860 516 1036 551 rectoribus
1064 528 1164 564 paro-
1205 517 1298 563 gulos
1313 516 1711 563 exconnnuuicatos.qu0s
1726 516 1770 551 eis
1785 515 1960 549 constiterit

211 556 251 581 pud
279 556 395 575 canonicos

211 591 253 605 non
275 587 395 611 turpentia„-

211 620 251 637 tur.

224 1063 320 1084 facultas
341 1071 393 1085 rnn-

210 1099 341 1116 serratorum
352 1097 394 1116 eli-

210 1127 334 1152 genitorum.

410 569 559 604 cbialium
584 567 800 603 Ecclesiarum
818 595 825 606 ,
853 578 890 601 ne
918 578 1027 600 eorum
1066 578 1162 613 paro—

411 618 543 659 chianis,
567 617 651 664 quod
675 616 837 651 canonicis
859 616 961 650 dictae
983 627 1162 661 congrega—

411 669 506 703 tionis
528 679 590 702 non
609 666 830 709 confiteantur,
853 665 957 712 aliquo
979 673 1069 711 pacto
1088 677 1161 712 pro-

412 718 521 752 bibere
535 728 589 752 seu
609 716 797 762 persuadere
815 721 1030 762 praesumant,
1045 723 1075 749 et
1092 715 1163 748 nul-

411 768 533 802 latenus
570 767 726 811 denegem
763 765 944 799 ministrare
981 764 1161 798 buiusniodi

411 816 636 851 confitentibus
652 814 771 849 eisdem
787 815 950 848 canonicis
972 825 1161 860 quaecumq.

411 866 620 901 ecclesiastica
643 871 852 908 sacramenta,
872 862 1046 897 dummodo
1061 863 1162 909 aliqua

410 915 560 950 canonica
589 922 619 949 et
643 912 840 948 rationabilis
867 924 960 948 causa
985 924 1048 947 non
1080 912 1162 947 sub-

409 966 508 1000 sistat.

458 1014 478 1061 S
505 1015 563 1048 40.
586 1013 627 1048 Et
650 1012 859 1047 nibilominus
877 1011 1030 1045 universis
1052 1019 1081 1044 et
1097 1010 1164 1045 sin—

409 1063 495 1107 gulis
529 1063 675 1110 personis
702 1063 732 1096 in
761 1061 915 1107 dignitate
951 1060 1161 1095 ecclesiastica

411 1112 541 1147 ubilibet
563 1112 754 1151 constitutis,
770 1119 799 1144 et
825 1111 895 1145 aliis
918 1110 956 1144 de
985 1110 1052 1144 iure
1074 1121 1160 1144 com-

410 1162 496 1196 muni
520 1161 680 1197 habilibus
701 1169 732 1196 et
759 1160 882 1195 idoneis
908 1159 946 1194 ad
963 1171 1074 1194 causas
1099 1171 1162 1194 au-

410 1211 555 1251 diendas,
575 1223 631 1259 per
653 1211 729 1246 baec
743 1209 914 1257 apostolica
936 1209 1051 1256 scripta
1066 1221 1160 1244 man-

410 1260 536 1305 damus,
571 1273 642 1295 cum
671 1260 768 1306 aliqui
797 1272 833 1294 ex
857 1259 975 1294 eisdem
1007 1259 1160 1304 personisv

411 1322 466 1356 pro
489 1317 574 1357 parte
596 1309 738 1344 eiusdem
762 1308 1018 1355 congregationis
1034 1307 1162 1343 Latera-

411 1372 483 1395 nen.
507 1372 563 1394 seu
596 1360 728 1394 rectoris
750 1358 909 1404 generalis
930 1366 981 1392 aut
1015 1356 1160 1393 aliorum.

409 1421 464 1454 per
485 1421 519 1444 se
535 1409 580 1443 vel
597 1409 691 1443 alium
715 1420 770 1443 scu
795 1407 885 1445 alios,
911 1407 1093 1454 praemissa„
1110 1406 1160 1441 ubi

408 1459 574 1506 etquando
593 1470 673 1505 opus
697 1457 801 1500 fuerit,
821 1456 1032 1504 publicantes,
1048 1468 1083 1490 ac
1099 1457 1161 1491 eis-

407 1507 478 1541 dem
503 1507 736 1553 congregationi
765 1515 794 1539 et
817 1506 990 1549 canonicis,
1019 1506 1161 1540 illorum-

406 1569 468 1604 que
482 1557 646 1595 Ecclesiis,
656 1556 866 1596 monasteriis,
877 1555 1029 1589 membris
1042 1563 1070 1588 rt
1085 1555 1161 1590 locis

407 1606 587 1652 praedictis,
617 1607 645 1641 in
676 1605 858 1653 praemissis
887 1604 1022 1639 efficacis
1052 1603 1157 1640 defen-

406 1656 507 1690 sionis
541 1655 698 1703 praesidio
721 1656 917 1694 assistentes,
945 1653 1059 1688 faciant
1081 1667 1159 1689 con—

406 1706 624 1752 gregationem
637 1705 736 1752 ipsam
754 1705 901 1751 illiusque
916 1704 1088 1738 canonicos
1103 1716 1159 1751 pa-

406 1754 497 1789 cifica
533 1755 735 1801 possessione
762 1754 997 1801 privilegiorum
1022 1761 1052 1787 et
1074 1765 1159 1788 cou-

405 1804 586 1839 cessionum
610 1803 792 1839 huiusmodi
817 1802 916 1838 libere
931 1802 1079 1849 gaudere:
1095 1815 1157 1838 non

406 1854 623 1900 permittentes
638 1865 693 1888 eos
714 1865 769 1889 seu
793 1860 1054 1888 testamentorum
1083 1864 1158 1888 exe-
1178 1842 1181 1887 l

403 1911 531 1938 cutores
549 1911 579 1938 et
601 1902 754 1938 haeredes
778 1902 967 1949 praedictos,
990 1910 1098 1936 contra
1121 1902 1158 1936 il—
1178 1902 1181 1947 J

405 1953 507 1987 lorum
531 1961 658 1987 tenores
686 1964 740 1998 per
762 1951 940 1986 ordinarios
967 1960 998 1985 et
1022 1960 1158 1986 rectores
1178 1951 1180 1968 ἶ

404 2002 630 2048 parochialium
649 2001 864 2036 Ecclesiarum
888 2001 1077 2047 praedictos,
1101 2012 1155 2036 seu

402 2052 480 2086 alios
494 2063 716 2099 quoscumque
741 2050 879 2085 indebite
904 2049 1077 2094 molestari,
1105 2060 1154 2084 aut

400 2106 446 2140 eis
467 2117 657 2152 gravamen,
681 2105 812 2140 iniurias
846 2112 940 2152 atque
959 2104 1072 2139 damna
1100 2104 1155 2138 in-

401 2159 486 2199 ferri,
509 2172 564 2195 seu
587 2158 830 2207 quomodolibet
846 2158 991 2205 irrogari3
1008 2158 1156 2205 quinimo

399 2213 503 2249 «lictae
542 2213 780 2260 congregationi
808 2224 842 2248 ac
872 2212 958 2246 illius
992 2212 1156 2247 canonicis

400 2267 579 2313 praedictis,
608 2269 637 2302 in
666 2267 923 2315 quibuscumque
952 2266 1079 2302 casibus
1099 2278 1152 2300 sen

398 2322 516 2361 causis,
541 2330 604 2356 tam
627 2321 850 2356 ecclesiasticis
884 2332 980 2367 quam
1005 2320 1153 2366 profaniS,

400 2388 455 2422 per
465 2388 520 2411 eos
534 2388 638 2411 coram
653 2375 748 2411 dictis
764 2375 920 2423 personis,
932 2374 1152 2421 cuiusvisqua-

399 2431 508 2475 litatis,
526 2430 731 2475 conditionis,
747 2430 876 2477 gradus,
890 2429 1026 2474 ordinis,
1045 2429 1151 2475 digni-

399 2484 482 2525 tatis,
511 2484 697 2529 nobilitatis,
714 2483 970 2531 praeeminentiae
993 2490 1022 2517 et
1051 2490 1153 2517 status

397 2539 527 2578 suerint,
557 2538 650 2573 etiam
679 2550 882 2585 quacumque
914 2537 1074 2572 mundana
1105 2536 1150 2571 vel

397 2592 610 2627 ecclesiastica
639 2600 691 2626 aut
715 2591 912 2638 patriarchali
934 2590 1150 2638 praefulgeant

396 2646 560 2692 dignitate,
587 2645 655 2680 sine
679 2645 840 2693 expensis,
867 2643 1039 2680 summarie
1061 2651 1092 2680 et
1113 2642 1152 2678 de

1206 579 1356 601 censuras
1391 574 1421 599 et
1457 565 1532 600 alias
1560 577 1678 611 poenas
1705 565 1897 603 incurrisse:
1925 577 1960 598 ac

1208 615 1322 650 saciant
1343 627 1398 650 eos
1424 614 1464 649 ab
1486 614 1638 649 omnibus
1659 615 1779 650 arctius
1801 614 1961 658 evitari,et

1208 665 1326 712 ubique
1350 676 1406 711 pro
1425 665 1721 709 excommunicatis,
1743 663 1909 710 suspensis
1929 671 1960 698 et

1207 714 1382 749 interdictis
1416 714 1564 755 nuntiari,
1587 721 1617 748 et
1647 713 1796 760 legitimis
1823 712 1961 760 desuper

1208 764 1296 799 sactis
1313 763 1525 810 processibus,
1539 763 1620 803 illos.
1631 763 1756 809 quoties
1766 775 1846 810 opus
1855 762 1960 804 fuerit,

1208 813 1326 848 iteratis
1358 813 1480 848 vicibus
1515 820 1700 859 aggravent,
1723 824 1778 847 seu
1801 812 1960 859 aggravari

1208 871 1377 910 procurent
1393 890 1402 907 ,
1429 862 1678 897 contradictores
1711 862 1872 910 quoslibet
1908 873 1962 909 per

1206 925 1372 948 censuram
1388 911 1645 956 ecetesiasiieam‚
1655 911 1868 958 appellatione
1880 920 1963 959 post—

1209 963 1321 1009 posita,
1345 961 1592 1009 compescendo,
1622 961 1767 996 invocato
1802 961 1894 996 etiarn
1921 961 1960 997 ad

1208 1012 1375 1058 praemissa
1391 1023 1445 1046 seu
1462 1011 1747 1057 aliquideorum,si
1761 1022 1842 1058 opus
1858 1010 1961 1052 luerit,

1205 1061 1323 1096 auxilio
1345 1060 1463 1096 bracliii
1483 1060 1663 1096 saecularis.

1255 1110 1275 1157 ξ
1298 1113 1355 1145 41.
1378 1110 1448 1145 Non
1465 1109 1665 1145 obstantibus
1679 1109 1960 1145 constitutionibus

1208 1160 1256 1195 sel.
1273 1172 1373 1195 recor.
1389 1159 1541 1194 Bonifacii
1560 1159 1666 1207 Papae
1679 1159 1763 1201 Vlll,
1776 1167 1842 1204 ela,
1857 1161 1962 1205 (prout

1207 1211 1237 1243 ιή
1270 1211 1500 1255 superioribas).

1253 1264 1269 1302 ς’
1292 1261 1348 1293 42.
1373 1259 1411 1294 Et
1432 1259 1505 1306 quia
1525 1258 1651 1294 difficile
1668 1258 1748 1294 foret
1769 1266 1835 1300 ecc„
1857 1261 1962 1304 (prout

1205 1310 1268 1352 ibi).

1255 1357 1338 1393 Nulli
1369 1370 1444 1404 ergo
1469 1366 1522 1392 etc.

1253 1407 1286 1442 Si
1315 1408 1385 1455 quis
1406 1416 1509 1442 autem
1532 1415 1584 1441 etc.

1254 1457 1369 1492 Datum
1392 1456 1514 1492 Romae
1535 1456 1619 1504 apud
1642 1456 1796 1492 Sanctum
1817 1456 1958 1498 Petrum,

1203 1518 1286 1540 anuo
1320 1506 1551 1542 lucarnationis
1578 1506 1755 1541 dominicae
1790 1505 1959 1542 millesimo

1203 1556 1518 1602 quadringentesimo
1533 1556 1768 1603 septuagesimo
1786 1563 1886 1600 sexto,
1901 1555 1959 1591 de-

1203 1605 1285 1640 cimo
1300 1605 1451 1641 kalendas
1461 1605 1663 1653 septembris,
1679 1605 1883 1653 pontificatus
1900 1617 1958 1641 no-

1202 1664 1256 1689 stri
1281 1667 1364 1691 anno
1392 1664 1493 1690 sexto.

1253 1715 1314 1745 Dat.
1331 1715 1378 1745 die
1394 1714 1432 1744 23
1447 1714 1565 1753 augusti
1584 1714 1670 1750 1476,
1687 1718 1766 1753 pont,
1782 1722 1859 1744 anno
1876 1722 1912 1744 vi.

1507 1890 1564 1925 xv
1591 1892 1647 1935 (t).

1202 1969 1379 2003 Declaralio
1401 1975 1427 2002 et
1449 1969 1606 2012 miti'qaei‘o
1628 1974 1723 2001 const.
1751 1967 1872 2000 Honor.
1890 1967 1957 2006 ΙΙΙ,

1250 2019 1347 2052 editae
1384 2029 1474 2063 super
1507 2018 1626 2062 Requla
1652 2017 1790 2061 fratrum
1828 2015 1958 2050 Ordinis

1249 2069 1288 2101 B.
1305 2068 1430 2101 Mariae
1438 2069 1473 2101 de
1487 2067 1594 2100 Monte
1612 2067 1750 2100 Carmelo
1772 2067 1852 2100 circa
1874 2077 1956 2099 esum

1249 2118 1389 2151 carnium
1413 2124 1439 2150 el
1458 2117 1607 2151 iet'unt'um
1635 2118 1691 2159 (2).

1467 2193 1684 2225 SUMMARIUM

1197 2258 1268 2288 Hon.
1288 2257 1323 2288 lll
1344 2258 1419 2288 hanc
1439 2256 1582 2296 Regulam
1601 2255 1782 2297 approbavit.
1799 2272 1839 2278 —-
1854 2256 1880 2285 1.
1895 2254 1938 2285 Eu

1237 2303 1342 2341 genius
1366 2302 1401 2331 IV
1430 2311 1495 2333 eam
1514 2302 1657 2340 mitigavit
1678 2301 1708 2331 in
1731 2300 1810 2330 bulla
1841 2301 1900 2339 (cit.
1924 2300 1954 2330 in

1237 2349 1323 2386 ποια).
1355 2365 1395 2370 -
1415 2347 1444 2378 2.
1477 2347 1606 2377 Dubium
1643 2350 1742 2386 postea
1784 2350 1879 2375 ortum
1910 2349 1952 2374 est

1236 2394 1312 2423 circa
1337 2393 1364 2423 d.
1385 2393 1597 2431 mitigationem
1616 2390 1687 2429 Eug.
1710 2389 1746 2420 tv
1765 2398 1856 2430 super
1877 2389 1954 2419 ieiu-

1231 2456 1269 2490 (Ι)
1286 2456 1355 2483 Haec
1371 2455 1441 2482 bulla
1458 2454 1508 2481 sub
1528 2462 1601 2480 num.
1619 2461 1671 2480 xni
1689 2453 1713 2479 in
1731 2453 1808 2480 Rom.
1822 2451 1894 2478 Edit.
1911 2454 1952 2478 est

1197 2496 1236 2531 (n.
1254 2496 1304 2531 T.).
1337 2496 1376 2531 (ἢ)
1393 2495 1528 2522 Honorius
1539 2493 1574 2521 111
1586 2494 1671 2529 primo
1684 2493 1765 2520 buius
1777 2491 1885 2520 Ordinis
1898 2492 1950 2518 Re-

1195 2535 1282 2569 gulam
1303 2535 1474 2570 approbavit,
1492 2538 1521 2560 ut.
1535 2542 1597 2569 sup.
1615 2534 1641 2560 in
1657 2533 1714 2560 eius
1725 2532 1818 2560 Coust.
1829 2538 1948 2564 Lxxvnr,

1198 2577 1228 2601 ΓΙ
1252 2577 1361 2607 rii-endi,
1384 2578 1448 2601 tom.
1467 2581 1584 2609 rin-pag.
1603 2573 1665 2600 [115.
1686 2573 1719 2599 Et
1729 2572 1798 2599 circa
1815 2570 1951 2606 praedicta

1196 2615 1325 2649 mitigavit
1341 2615 1421 2642 etiam
1438 2613 1572 2648 Eugenius
1584 2612 1617 2639 tv
1631 2619 1691 2647 sup.
1705 2612 1729 2638 in
1741 2619 1789 2638 sua
1800 2610 1891 2637 Const.
1907 2617 1948 2642 m,

1196 2656 1317 2689 nomam,
1335 2662 1395 2690 pag.
1413 2655 1430 2681 4
1445 2653 1526 2682 huius
1543 2653 1615 2682 tomi.

1976 262 2025 288 Au.
2043 260 2071 288 C.
2096 261 2162 288 {1⁵76

1985 1112 2096 1134 clausulae
2107 1118 2164 1134 ton-

1977 1144 2088 1165 trnriorum
2097 1145 2163 1166 ‹tero-

1976 1180 1988 1201 g
1996 1175 2079 1196 :turine⁸

1985 1262 2046 1283 Fides
2057 1263 2161 1284 trahentur
2213 1283 2218 1287 ,

1976 1295 2121 1321 transumptis.

2164 1670 2187 1694 <7⁸
2167 1659 2187 1666 ¹.
2182 1640 2187 1649 ,
