2281 3251
258 272 310 300 An.
327 271 357 299 c.
375 270 441 298 1520
507 255 576 288 740

268 334 442 356 Offieintesdicia·
459 333 513 367 per
538 332 656 355 annum
678 318 726 354 vel
749 318 842 359 circa,
871 329 967 364 panes
988 316 1120 362 singulis
1147 316 1205 351 do-

261 367 443 387 ‘⁰¹¹¹“²“⁰¹¹⁴“¹
459 370 582 405 minicis
603 369 714 404 diebus
733 378 761 403 et
784 368 842 402 alia
857 368 1002 402 alimenta
1018 366 1107 400 dictis
1128 379 1205 413 pau-

260 400 434 450 :affigam-ne
460 419 589 467 peribus
615 417 876 453 erubescentibus
897 428 1050 462 erogare;
1079 428 1202 451 necnon

459 471 558 504 dictos
582 480 723 503 carceres
751 480 805 514 per
833 478 982 514 personas
1004 478 1059 512 per
1085 478 1139 500 eos
1166 466 1203 500 ad
1226 477 1227 483 ¹

461 519 488 553 id
512 519 676 565 deputatas
699 517 834 559 visitare,
856 525 886 551 et
908 523 943 550 ut
961 515 1078 550 iustitia
1094 520 1206 561 (prae-

459 568 565 603 sertim
591 567 782 613 pauperibus
796 566 892 612 etqui
911 577 966 613 pro
986 565 1031 599 eis
1048 565 1206 599 solicitent

461 630 521 652 non
545 617 742 661 habentibus)
765 617 907 651 celeriter
929 615 1123 649 ministretur
1139 627 1207 662 pro-

460 680 581 711 curare,
597 675 625 701 et
641 679 696 713 pro
710 664 903 713 pauperibus
918 665 1119 700 incarceratis
1132 677 1207 711 cap·
1227 681 1228 689 ¹

460 726 543 751 turas
555 729 590 752 ac
605 716 680 751 alias
694 728 849 763 expensas
866 715 999 756 solvere;
1015 723 1044 749 et
1057 715 1206 749 cadavera

459 779 632 814 pauperum
656 765 879 801 defunctorum
895 765 1045 800 decenter
1060 773 1207 810 cooperta

459 825 488 851 et
511 829 604 851 cruce
635 828 670 850 ac
693 815 902 851 luminaribus
935 814 1207 862 praecedentibus,

458 867 568 901 saltem
593 878 656 901 uno
685 865 879 913 presbytero,
907 877 942 900 ac
964 865 1119 911 aliquibus
1141 864 1208 899 aliis

459 915 746 959 associantibus,ad
760 915 953 963 sepulturam
963 914 1078 949 deferri
1095 914 1207 954 facere,

461 966 597 1014 propriis
619 966 694 1000 dicti
718 965 788 1001 Iulii
812 965 980 1001 cardinalis
1001 974 1031 999 et
1058 965 1210 1000 vicecan-

460 1016 574 1051 cellarii
591 1028 626 1051 ac
641 1028 749 1051 eorum
766 1016 914 1063 expensis
941 1023 1091 1050 curarunt
1117 1023 1147 1050 et
1160 1027 1209 1048 cu·

462 1075 540 1108 rant,
557 1075 587 1102 et
610 1065 894 1101 confraternitatem
912 1066 1129 1101 sanctissimae
1148 1064 1210 1099 Ca-

462 1117 571 1157 ritatis,
584 1117 613 1150 in
630 1129 691 1164 qua
708 1117 766 1151 iam
790 1115 969 1162 octuaginta
992 1124 1023 1150 et
1041 1115 1120 1151 ultra
1141 1126 1212 1149 con-

462 1165 586 1211 fratres,
601 1166 843 1214 quorumaliqui
858 1166 999 1213 episcopi
1019 1174 1048 1201 et
1062 1165 1110 1200 alii
1128 1176 1213 1211 prae-

462 1215 527 1261 lati,
548 1216 645 1264 aliqui
667 1216 815 1251 officiales
831 1215 932 1250 dictae
944 1214 1058 1251 Curiae
1070 1225 1099 1250 et
1115 1215 1210 1262 aliqui

463 1266 597 1301 curiales
619 1266 768 1306 existunt,
797 1266 1012 1309 instituerunt,
1035 1278 1071 1300 ac
1098 1265 1128 1299 iu
1158 1276 1211 1299 ec-

463 1315 576 1350 clesiae
588 1315 695 1350 Sancti
711 1315 870 1359 Andreae,
884 1315 1022 1361 regionis
1041 1315 1212 1355 Arenulae,

465 1377 626 1412 persaepe,
641 1377 696 1412 pro
711 1366 846 1400 caritatis
855 1364 1006 1413 operibus
1015 1364 1211 1408 exercendis,

463 1428 496 1450 se
519 1424 722 1462 congregant.

513 1464 533 1512 S
556 1468 588 1500 5.
616 1465 681 1500 Nos
707 1465 802 1512 igitur
833 1465 949 1511 gratias
976 1464 1044 1500 Deo
1071 1472 1214 1510 agentes,

277 1520 449 1573 Jitngwodopon-
465 1515 549 1562 quod
573 1523 680 1550 nostro
702 1523 855 1562 tempore,
882 1527 918 1550 ac
941 1514 1025 1550 dicto
1051 1513 1132 1549 Iulio
1147 1526 1215 1549 car-

266 1557 451 1610 ilfilmlfflt‘ssssi
465 1565 575 1606 dinali,
589 1565 641 1612 qui
655 1573 770 1607 noster,
785 1565 960 1600 secuudum
973 1577 1111 1605 carnem,
1122 1563 1216 1599 frater

267 1616 450 1669 ffiss’ss'ovnstffiejf
467 1615 616 1662 patruelis
637 1615 756 1659 existit,
771 1624 910 1656 auctore,
933 1623 995 1649 tam
1011 1614 1215 1650 saluberrima

267 1680 444 1705 nitatem-rign,
468 1675 592 1714 tamque
630 1665 861 1713 pernecessaria
887 1666 1024 1700 caritatis
1052 1676 1147 1712 opera
1186 1664 1215 1698 in

467 1715 1217 1762 dictaCuriacoeperintexerceri;cupientesque

467 1765 551 1813 quod
579 1774 730 1813 perpetuo
747 1765 998 1812 frequententur,
1019 1777 1055 1799 ac
1072 1764 1216 1799 illisdicti

467 1815 639 1850 confratres
666 1815 771 1850 animo
793 1815 930 1850 bilariori
950 1815 1106 1854 insistant,
1129 1822 1215 1849 motu

467 1866 608 1912 proprio,
625 1877 686 1899 non
702 1865 740 1900 ad
756 1864 826 1899 lulii
851 1864 1019 1900 cardinalis
1037 1872 1066 1899 et
1084 1864 1217 1899 aliorum

468 1915 660 1950 confratrum
678 1914 907 1962 praedictorum
932 1914 978 1949 vel
994 1914 1127 1949 alicuius
1141 1913 1219 1949 alte-

470 1966 535 2000 rius
563 1977 618 2011 pro
640 1966 687 2000 eis
714 1977 810 2011 super
831 1964 891 1999 boc
914 1964 1005 1999 nobis
1027 1964 1149 1999 oblatae
1170 1976 1221 2011 pe-

469 2015 586 2050 titionis
609 2015 800 2059 instantiam,
823 2014 877 2050 sed
902 2014 941 2048 de
957 2022 1060 2049 nostra
1083 2026 1164 2048 mera
1182 2014 1220 2048 li-

470 2063 632 2100 beralitate
659 2073 690 2099 et
717 2077 754 2099 ex
781 2073 863 2100 certa
880 2072 985 2099 nostra
1014 2064 1220 2108 scientia,in-

468 2119 663 2156 stitutionem
679 2119 862 2155 huiusmodi
878 2127 908 2154 et
920 2131 1142 2167 quaecumque
1156 2126 1217 2153 sta-

470 2183 534 2209 tuta
557 2187 593 2210 ac
619 2175 845 2218 ordinationes,
869 2186 924 2221 per
946 2173 1120 2208 confratres
1142 2184 1221 2207 con-

469 2229 670 2265 fraternitatis
695 2229 878 2265 huiusmodi
901 2227 1222 2276 edita,approbamus

469 2293 500 2319 et
524 2284 759 2326 confirmamus,
783 2284 1035 2332 supplemusque
1059 2295 1170 2317 omues
1192 2290 1222 2317 et

469 2339 611 2385 singulos
635 2348 694 2374 tam
712 2339 798 2380 iuris,
821 2351 915 2386 quam
941 2338 1009 2373 facti
1026 2337 1180 2381 defectus,
1196 2337 1220 2371 si

470 2393 522 2440 qui
540 2393 642 2428 forsan
658 2394 884 2429 intervenerint
907 2393 935 2427 in
952 2392 1083 2428 eisdem.
1100 2391 1221 2438 Ipsam-

470 2459 531 2494 que
559 2447 844 2483 confraternitatem
875 2448 904 2482 in
928 2446 1223 2482 arcliicoufraterni-

472 2509 565 2537 tatem
589 2510 746 2550 caputque
760 2502 903 2537 omnium
931 2500 1221 2536 confraternitatum

470 2556 616 2593 Caritatis
639 2557 770 2593 ubilibet
787 2558 997 2593 institutarum
1012 2566 1042 2592 ct
1054 2555 1223 2591 instituen-

470 2611 580 2646 darum
605 2620 757 2659 perpetuo
789 2613 940 2658 erigimus
962 2620 991 2646 et
1015 2611 1222 2648 instituimus,

469 2677 504 2701 ac
527 2666 554 2702 ei
573 2679 684 2703 omnes
701 2675 731 2703 et
759 2667 900 2714 singulas
920 2666 1037 2714 ubique
1061 2665 1220 2701 institutas

1049 263 1148 286 BULLA
1154 263 1235 285 RIUM
1258 262 1419 285 ROMANUM

2015 256 2066 284 An.
2083 256 2113 284 C.
2130 255 2196 283 ¹520

1224 321 1276 376 [et
1311 315 1520 351 instituendas
1553 314 1826 350 confraternitates
1851 312 2000 350 Caritatis

1249 366 1428 401 immediate
1450 365 1646 410 subiicimus,
1662 363 1837 400 etfacimns
1860 362 1998 398 membra

1247 416 1285 450 ab
1299 428 1334 450 ea
1348 415 1570 463 dependentia,
1585 415 1653 449 siue
1669 422 1771 450 tamen
1784 426 1891 450 earum
1909 424 2000 462 prae-

1249 465 1376 501 iudicio.

1296 520 1311 559 ξ
1337 517 1370 549 4.
1399 513 1559 562 Quodque
1582 513 1754 548 confratres
1776 512 1997 549 arcliiconfra-
2029 521 2130 543 heunu-
2146 526 2200 543 eou-

1249 565 1402 600 ternitatis
1430 563 1608 598 huiusmodi
1636 575 1855 610 quaecumque
1885 571 1999 598 statuta
2016 554 2203 612 ξξῖζαὶῗᾞζξξῖ

1249 623 1278 649 et
1294 614 1519 654 ordinationes,
1544 625 1599 661 pro
1621 613 1762 648 eiusdem
1785 612 2001 648 arcliiconfra-
2016 617 2086 642 “dni

1250 665 1406 699 ternitatis
1434 663 1515 699 felici
1537 663 1702 710 regimine,
1726 662 1763 698 ad
1782 663 1904 710 piorum
1922 674 2002 710 ope-

1252 727 1318 749 rum
1347 713 1530 749 huiusmodi
1558 713 1799 753 exercitium,et
1813 713 1894 751 aliis,
1915 724 2002 760 quo—

1251 765 1308 799 ties
1336 773 1365 799 et
1393 772 1486 811 prout
1515 764 1560 798 eis
1589 762 1771 807 videbitur,
1799 762 1891 798 etiam
1928 774 2001 797 cum

1250 826 1525 861 quarumcumque
1539 825 1708 860 poenarum
1727 813 1757 847 in
1768 812 2005 847 contravenien-

1252 872 1297 899 tes
1312 865 1523 912 appositione,
1539 863 1689 903 condere,
1704 862 1873 897 reformare
1886 870 1917 897 et
1931 874 2004 896 mu-

1251 923 1326 956 tare,
1351 916 1498 962 ipsasque
1521 926 1639 961 poenas
1665 913 1845 948 executioni
1870 912 2004 947 deman-

1252 965 1336 1000 dare.

1301 1015 1320 1062 g
1337 1017 1369 1050 5.
1387 1014 1514 1049 Necnon
1530 1013 1860 1049 arcliiconfraternitas
1877 1021 1905 1047 et
1919 1024 2002 1047 con-
2030 1019 2140 1056 tndfsssen-
2154 1024 2205 1040 eon-

1254 1064 1595 1109 sratres,communiter
1608 1076 1643 1099 ac
1657 1063 1795 1103 divisim,
1812 1063 2001 1109 illorumque
2017 1050 2208 1104 ss‘ssfflgssffiffzss

1253 1114 1417 1156 ecclesiae,
1432 1114 1624 1162 cappellani,
1636 1114 1780 1157 ministri,
1791 1112 1949 1157 officiales,
1965 1111 2004 1147 fa·
2018 1114 2112 1141 “wim-

1256 1166 1404 1209 miliares,
1432 1177 1482 1200 res
1499 1173 1529 1200 et
1552 1164 1634 1198 bona
1649 1174 1883 1211 quaecumque.
1898 1175 1935 1197 ac
1948 1174 2004 1197 eo-

1257 1228 1324 1250 rum
1339 1215 1487 1250 ecclesias
1501 1214 1684 1249 huiusmodi
1703 1213 1875 1258 visitantes,
1890 1225 1945 1247 seu
1970 1211 2010 1247 de

1257 1265 1347 1300 bonis
1373 1265 1439 1300 suis
1463 1277 1518 1312 pro
1544 1263 1639 1298 dictis
1667 1263 1818 1310 operibus
1842 1264 1873 1297 in
1907 1270 2011 1297 testa-

1256 1323 1362 1350 mento
1375 1315 1421 1350 vel
1438 1314 1514 1349 alias
1535 1313 1784 1356 contribuentes,
1797 1312 1938 1359 legantes
1954 1323 2010 1347 seu

1258 1364 1489 1412 relinquentes,
1515 1372 1569 1399 aut
1596 1363 1883 1399 confraternitatem
1908 1362 2008 1408 ipsam

1258 1415 1424 1450 haeredem
1440 1414 1658 1462 particularem
1677 1413 1723 1447 vel
1741 1411 1951 1447 universalem
1967 1411 2010 1446 in-

1257 1465 1440 1508 stituentes,
1467 1463 1615 1499 omnibus
1641 1471 1672 1498 et
1698 1463 1852 1509 singulis,
1886 1474 1921 1496 ac
1950 1461 2011 1496 illis

1258 1514 1378 1549 eisdem
1404 1514 1587 1562 privilegiis,
1606 1511 1874 1559 exemptionibus,
1899 1512 2012 1545 immu-

1260 1564 1422 1605 nitatibus,
1439 1564 1655 1610 indulgentiis,
1672 1563 1764 1598 etiam
1790 1561 1949 1608 plenariis,
1965 1560 2011 1596 fa-

1259 1614 1438 1658 cultatibus,
1454 1613 1662 1653 libertatibus,
1676 1611 1925 1651 auctoritatibus,
1941 1622 2013 1646 con-

1260 1665 1450 1703 servatoriis,
1479 1663 1623 1703 indultis,
1656 1661 1827 1701 favoribus,
1855 1661 1955 1696 literis
1982 1668 2013 1695 et

1260 1715 1368 1760 gratiis
1380 1713 1598 1762 spiritualibus
1607 1721 1636 1748 et
1652 1711 1915 1759 temporalibus,a
1929 1710 2012 1746 Sede

1260 1764 1441 1812 Apostolica
1477 1764 1508 1798 in
1532 1763 1666 1798 savorem
1695 1762 1756 1797 sub
1783 1761 1918 1807 imagine
1946 1759 2014 1795 Sal-

1262 1815 1374 1849 vatoris
1387 1814 1425 1848 ad
1437 1813 1552 1849 Sancta
1568 1812 1769 1856 Sanctorum,
1783 1819 1813 1846 et
1828 1811 1861 1846 S.
1875 1810 2012 1858 Spiritus

1262 1865 1292 1899 in
1322 1864 1434 1906 Saxia,
1456 1875 1492 1898 ac
1513 1863 1550 1898 B.
1572 1863 1688 1898 Mariae
1710 1862 1749 1896 de
1775 1861 1898 1908 Populo
1925 1870 1955 1896 et
1976 1860 2010 1895 S.

1263 1914 1365 1949 lacobi
1379 1914 1407 1948 in
1421 1913 1577 1960 Augusta,
1587 1924 1709 1948 necnon
1723 1911 1911 1947 Sanctorum
1927 1909 2016 1946 loan-

1263 1965 1311 1998 nis
1338 1963 1496 2011 Baptistae
1522 1971 1553 1997 et
1575 1962 1709 1998 Cosmae
1738 1974 1773 1996 ac
1802 1960 1947 1996 Damiani
1975 1959 2014 1994 de

1263 2013 1361 2059 Urbe,
1380 2022 1410 2048 et
1431 2013 1465 2049 S.
1492 2012 1596 2048 lacobi
1614 2013 1644 2046 in
1667 2011 1880 2058 Compostella
1903 2009 2014 2057 hospi-

1264 2064 1371 2099 talium
1400 2072 1431 2098 et
1447 2063 1738 2098 confraternitatum
1754 2070 1785 2096 et
1807 2060 2014 2105 confratrum,

1263 2130 1299 2154 ac
1326 2118 1451 2153 illorum
1474 2117 1678 2152 ecclesiarum
1695 2143 1704 2160 ,
1738 2115 2014 2163 cappellanorum,

1265 2173 1493 2212 ministrorum,
1523 2171 1714 2212 officialium,
1737 2169 1949 2214 familiarium,
1971 2180 2016 2204 re-

1265 2240 1353 2273 runi,
1375 2227 1532 2263 bonorum
1560 2236 1853 2273 quorumcumque,
1881 2236 1916 2258 ac
1944 2222 2016 2258 illo-

1266 2295 1334 2317 rum
1357 2281 1506 2318 ecclesias
1534 2280 1739 2320 visitantium,
1755 2279 1800 2313 vel
1820 2277 1881 2313 illis
1902 2277 1941 2313 de
1956 2277 2017 2313 bo-

1266 2337 1315 2372 nis
1344 2337 1409 2372 suis
1437 2335 1660 2383 largientium,
1691 2342 1745 2368 aut
1775 2333 1823 2367 illa
1854 2334 1884 2367 in
1917 2340 2015 2367 totum

1266 2392 1312 2426 vcl
1330 2391 1359 2425 in
1377 2398 1495 2439 partem
1510 2388 1660 2425 liaeredes
1677 2387 1921 2432 instituentium,
1934 2399 2018 2422 com-

1268 2446 1404 2481 muniter
1418 2445 1465 2481 vel
1480 2445 1616 2489 divisim,
1632 2444 1661 2478 in
1671 2455 1785 2490 genere
1796 2443 1841 2478 vel
1857 2442 1885 2477 in
1900 2442 2016 2489 specie,

1266 2499 1668 2547 quomodolibctemanatis
1678 2496 1909 2533 etenianandis.
1926 2495 2017 2538 Quae

1267 2555 1371 2590 omnia
1394 2564 1423 2590 et
1439 2555 1575 2601 singula,
1597 2565 1720 2588 necnon
1741 2562 2015 2600 quarumcumque

1269 2609 1424 2643 literarum
1448 2608 1689 2656 apostolicarum
1714 2606 1852 2653 desuper
1873 2617 2015 2653 quomo-

1268 2663 1385 2698 dolibet
1411 2663 1623 2698 confectarum
1647 2670 1677 2697 et
1698 2659 1967 2696 conficiendarum
1984 2666 2016 2695 et
