2281 3251
118 256 164 282 Αη.
183 255 209 281 C.
230 255 294 281 150ῐὶ

131 1554 240 1575 Decretum
256 1554 303 1574 irri-

121 1590 174 1606 ΙΖΙΙΝ,

139 2154 246 2176 Clausulae
269 2157 307 2177 de-

129 2189 251 2213 rogator-iae.

957 254 1062 277 mnus
1084 254 1107 277 Π
1132 255 1179 277 rt'.

311 309 493 344 auctoritate
520 309 689 357 apostolica
716 309 882 344 statuimus
909 318 939 344 et
969 310 1054 344 ordi-

313 372 424 394 namus
445 359 527 406 quod
551 359 606 400 illi,
631 371 712 407 quos
730 360 850 394 annatis
874 359 1053 394 huiusmodi

312 410 411 444 dictae
432 408 583 444 Gamerae
606 409 702 444 teneri
716 409 901 453 constiterit,
923 410 1054 443 etiamsi

312 459 387 494 alias
403 459 468 493 illas
490 460 609 494 solvere
631 459 808 494 nullatenus
827 459 1054 506 promisissent,

313 521 366 543 seu
389 508 426 542 ad
451 508 571 543 illarum
599 508 787 543 solutionem
819 521 878 543 non
908 509 995 543 aliter
1023 521 1056 543 se

313 558 489 605 specialiter
508 558 710 605 obligassent,
732 559 757 593 si
781 558 884 593 literas
907 558 1057 593 hactenus

313 609 446 653 desuper
472 609 670 655 apostolicas,
698 609 801 655 aliqua
825 608 1055 642 machinatione

314 657 360 691 vel
388 657 497 692 fraude
531 658 695 702 adhibitis,
727 658 882 693 solutione
908 666 1057 697 annatae,

315 707 360 741 vel
388 707 576 754 obligatione
600 709 630 742 in
653 707 761 742 eadem
784 706 915 742 Camera
929 708 1058 741 minime

315 758 390 791 sacta
406 757 598 804 recepissent
612 757 698 800 (dum
709 765 811 792 tamen
825 756 976 791 beneficia
994 757 1058 803 ipsa

316 806 445 841 fuissent
472 818 526 841 seu
554 806 671 841 fuerint
687 806 922 853 quomodolibet
937 807 1059 840 realiter

314 856 471 898 assecuti),
505 855 544 890 ad
574 856 760 891 solutionem
789 865 919 890 annatae
948 863 978 889 et
1011 856 1061 888 iu-

316 905 394 939 rium
432 905 663 951 praedictorum
692 905 857 940 efficaciter
885 913 1058 939 teneantur.

315 954 354 988 Et
381 955 437 989 nisi
461 954 538 989 infra
568 962 702 1001 quatuor
734 967 880 993 menses,
909 954 934 987 si
968 954 1061 988 citra-

316 1004 470 1045 montani3
497 1012 528 1038 et
549 1012 619 1039 octo
643 1017 778 1043 menses,
791 1005 815 1038 si
839 1003 1059 1037 ultramontani

316 1052 452 1097 fuerint,
479 1066 494 1087 a
527 1053 577 1088 die
606 1053 825 1100 publicationis
848 1053 1059 1099 praesentium

317 1103 346 1136 in
374 1101 569 1138 Cancellaria
598 1103 776 1150 Apostolica
812 1101 1061 1148 computandos,

315 1152 354 1186 de
377 1161 489 1187 annata
513 1152 615 1186 debita
643 1152 849 1187 satisfecerint
876 1152 977 1185 dictae
999 1150 1063 1186 Ca-

317 1213 421 1236 merae
443 1201 643 1249 Apostolicae
670 1202 718 1236 vel
739 1201 808 1235 eius
830 1200 1062 1244 collectoribus,

317 1250 356 1286 de
377 1263 437 1298 qua
460 1251 616 1285 solutione
638 1258 785 1298 appareat
799 1263 852 1298 per
876 1251 1062 1285 instrumen-

317 1308 383 1334 tum
412 1300 587 1346 publicum,
614 1300 701 1347 lapso
725 1300 808 1335 dicto
831 1301 975 1339 termino,
1009 1300 1064 1334 be-

317 1350 461 1394 neficiis,
489 1363 545 1397 pro
573 1350 690 1397 quibus
716 1350 755 1384 de
783 1358 894 1384 annata
916 1350 1063 1384 solvenda

320 1407 477 1444 tenentur,
499 1400 628 1435 omnino
650 1401 713 1435 sint
735 1408 766 1434 et
789 1399 1002 1446 intelligantur
1028 1411 1064 1433 eo

319 1449 389 1496 ipso
416 1449 538 1496 privati.

367 1498 442 1546 57.
472 1498 513 1533 Et
546 1499 593 1534 sic
628 1499 659 1533 in
695 1498 842 1533 omnibus
876 1506 907 1533 et
933 1497 1066 1544 singulis

322 1548 514 1595 praemissis,
528 1549 619 1583 etiam
635 1561 690 1596 per
704 1560 920 1596 quoscumque
936 1547 1066 1591 iudices,

320 1598 411 1632 etiam
434 1597 468 1632 S.
490 1598 530 1633 R.
548 1598 583 1632 E.
603 1597 778 1633 cardinales
796 1606 826 1632 et
847 1597 958 1631 Palatii
979 1597 1068 1644 Apo-

320 1647 420 1682 stolici
444 1647 602 1682 auditores
624 1656 653 1682 et
669 1647 756 1692 alios,
771 1648 800 1681 in
817 1646 957 1681 Romana
972 1647 1067 1681 Curia

321 1697 367 1731 vel
390 1705 474 1731 extra
498 1710 578 1739 eam,
607 1697 637 1731 in
665 1698 790 1738 causis,
820 1697 849 1731 in
885 1697 993 1744 quavis
1021 1698 1068 1731 in-

321 1748 444 1787 stantia,
472 1747 563 1781 etiam
589 1759 643 1794 per
664 1746 918 1794 apfwllationcm,
935 1746 980 1781 vel
1009 1747 1068 1781 alit.

321 1798 433 1843 quovis
455 1796 562 1838 modo,
590 1796 890 1844 quomodocumque
913 1804 944 1830 et
966 1797 1067 1843 quali-

323 1855 504 1893 tercumque
531 1845 756 1893 pendentibus,
785 1846 915 1880 iudicari
942 1846 1069 1885 del›ere;

321 1907 357 1930 ac
378 1896 498 1930 irritum
521 1905 552 1931 et
574 1897 665 1930 inane
687 1895 840 1942 quidquid
865 1908 956 1930 secus
974 1908 1070 1942 super

323 1945 372 1979 his
397 1957 413 1980 a
441 1957 611 1992 quoquam,
631 1946 740 1992 quavis
758 1945 952 1988 auctoritate,
968 1945 1070 1979 scien-

323 2003 368 2028 ter
394 1995 444 2029 vel
480 1995 660 2041 ignoranter
699 1995 866 2041 contigerit
904 1995 1069 2034 attentari,

324 2052 476 2091 perpetuo
501 2044 704 2079 decernimus
730 2052 760 2078 et
787 2044 994 2078 declaramus.

370 2102 385 2142 ἓ
422 2102 454 2133 S.
491 2098 560 2133 Non
583 2097 780 2133 obstantibus
807 2097 967 2139 omnibus,
990 2110 1068 2145 quae

324 2151 417 2186 iidem
433 2152 691 2200 praedecessores
707 2151 735 2185 in
752 2151 899 2198 praefatis
918 2152 984 2186 suis
995 2164 1070 2186 con-

323 2206 540 2241 stitutionibus
563 2207 730 2241 voluerunt
758 2217 819 2240 non
847 2206 981 2245 obstare,
1000 2218 1071 2240 cae-

325 2260 460 2308 terisque
482 2261 646 2296 contrariis
673 2260 937 2308 qnibnscumque.
961 2259 1003 2295 Ut
1021 2273 1072 2295 au-

325 2323 388 2349 tem
411 2315 488 2350 haec
515 2315 695 2355 innovatio,
717 2322 887 2357 statutum,
911 2314 1070 2353 voluntas,

325 2369 485 2405 decretum
514 2378 543 2405 et
565 2369 722 2405 ordinatio
756 2381 792 2404 ac
819 2368 987 2403 declaratio
1015 2381 1071 2404 no—

326 2431 387 2458 stra
421 2424 459 2458 ad
487 2425 628 2458 omnium
652 2432 682 2458 et
704 2423 901 2469 singulorum
931 2423 1070 2457 notitiam

326 2478 542 2519 deducantur;
581 2478 749 2525 nullusque
786 2478 887 2524 possit
923 2477 1072 2524 deinceps

328 2532 464 2580 aliquam
502 2533 736 2568 excusationem
765 2530 994 2578 praetendere,
1021 2538 1073 2565 aut

331 2587 537 2631 ignorantiam
553 2587 697 2633 allegare,
711 2594 807 2633 utque
823 2593 974 2633 perpetuo
987 2585 1072 2619 firma

331 2649 359 2676 et
381 2641 495 2676 illibata
522 2649 734 2689 permaneant,
761 2641 944 2675 auctoritate
965 2647 996 2674 et
1022 2647 1074 2674 te—

1725 244 1786 275 litt

1098 323 1171 344 nore
1213 308 1381 356 praedictis
1417 308 1562 342 volumus
1594 316 1623 342 et
1658 309 1844 343 mandamus

1098 367 1130 393 ut
1163 361 1191 393 iu
1228 359 1321 393 valvis·
1356 367 1478 392 nostrae
1502 358 1714 393 Cancellat·iae
1742 359 1843 394 tribus

1099 409 1238 449 vicibus,
1274 409 1469 454 diversisque
1498 408 1630 453 dicbus,
1664 408 1740 443 dum
1778 409 1843 455 ipsa

1098 460 1289 493 (lancellaria
1325 459 1480 493 tenebitur
1508 467 1536 492 rt
1563 459 1663 493 ‘loncc
1697 459 1846 499 durabit,

1101 523 1154 555 per
1181 510 1316 556 aliquem
1351 522 1388 543 cx
1424 509 1608 543 cursoribus
1639 510 1752 543 nostris
1780 508 1846 543 atti-

1100 570 1211 603 gantur
1238 570 1267 595 ct
1296 569 1472 598 tencantur,
1508 560 1684 605 exindeque
1707 560 1736 593 in
1762 559 1847 593 libris

1100 612 1312 646 ‹Iancettariae
1336 611 1547 658 Apostotivav.
1573 610 1624 644 ubi
1653 609 1766 644 similia
1790 609 1848 642 de—

1100 663 1193 696 scribi
1218 670 1246 695 et
1269 662 1423 707 registrari
1447 669 1688 700 consueverunt,
1710 672 1764 705 pcr
1785 658 1849 692 offi-

1101 711 1194 746 ··ialcs
1220 711 1372 745 Camerat-
1401 710 1589 756 praedit-tac,
1614 709 1651 742 ad
1674 721 1754 755 quos
1783 720 1850 755 per-

1102 761 1202 804 tinet,
1224 760 1261 794 ad
1291 769 1471 806 perpetuam
1497 759 1537 793 rei
1566 759 1762 798 memoriam,
1790 758 1849 792 de-

1102 810 1280 844 scribantur
1308 818 1335 843 et
1359 810 1578 855 registrentur.

1151 860 1265 893 Datum
1289 858 1408 892 Romae
1431 858 1511 904 apud
1535 857 1684 891 Sanctum
1708 857 1850 898 Petrum,

1102 921 1184 943 anno
1211 908 1438 942 Incarnationis
1475 907 1651 941 dominicae
1684 907 1851 941 millesimo

1103 958 1358 1004 quingentesimo
1393 957 1525 1003 quinto,
1560 956 1670 1002 quinto
1703 956 1852 991 kalendas

1103 1008 1239 1052 augusti,
1263 1006 1462 1053 pontificatus
1489 1006 1586 1040 nostri
1614 1017 1695 1039 anno
1717 1017 1752 1039 Π.

1156 1068 1216 1098 Dat.
1240 1069 1286 1098 dic
1304 1068 1341 1098 28
1364 1068 1427 1098 iulii
1448 1067 1530 1104 1505,
1552 1067 1654 1107 pontif.
1674 1076 1749 1097 anno
1768 1076 1797 1097 lt.

1444 1251 1511 1286 Vtt.

1110 1333 1348 1377 Privileqiorutn
1371 1333 1614 1377 couyreqationt's
1639 1332 1856 1366 monachorum

1160 1383 1196 1416 B.
1224 1384 1349 1416 Mariae
1372 1383 1486 1416 Montis
1511 1383 1636 1425 Oliveti,
1667 1382 1795 1415 Ordinis
1821 1382 1856 1414 S.

1160 1433 1326 1470 Benedicti,
1351 1433 1521 1477 deputandi
1541 1433 1666 1474 iudices,
1694 1442 1857 1465 conserva—

1158 1489 1235 1516 tores
1274 1483 1423 1515 bonornm
1462 1489 1488 1514 et
1522 1493 1725 1526 personarum
1764 1481 1860 1525 ipsius

1159 1533 1414 1577 conyreyatiom‘s,
1429 1543 1591 1576 eorumque
1612 1537 1860 1565 conservatorum

1159 1582 1264 1626 ampla
1291 1582 1464 1616 iurisdictio
1492 1583 1548 1624 (l).

1380 1659 1593 1690 SUMMARtmt

1112 1722 1279 1753 Exordium.
1302 1740 1340 1745 —
1354 1724 1385 1758 ,1.
1408 1723 1519 1753 Causae
1539 1723 1627 1752 liuius
1650 1723 1765 1752 indulti.
1781 1739 1819 1745 —-
1834 1722 1862 1752 ⁶2.

1151 1767 1285 1798 Facultas
1308 1772 1335 1797 et
1358 1769 1522 1798 iurisdictio
1549 1773 1786 1797 conservatorum
1809 1768 1864 1797 Or-

1151 1813 1238 1842 dinis.
1261 1830 1299 1834 —
1315 1813 1341 1842 3.
1364 1812 1517 1851 [tero-gatto
1537 1814 1762 1842 contrariorum.
1781 1829 1819 1834 —
1833 1813 1862 1842 4.

1152 1856 1299 1886 Indnltuni
1317 1858 1444 1895 eligendi
1464 1862 1695 1887 conservatores,
1707 1857 1863 1886 —5.Am-

1151 1902 1252 1940 pliatio
1276 1902 1420 1932 facultatis
1445 1908 1691 1932 conservatorum.
1713 1920 1752 1925 —-
1769 1904 1795 1933 6.
1815 1903 1863 1933 Fi-

1153 1946 1203 1975 des
1222 1947 1316 1976 danda
1337 1947 1541 1986 transumptis.

1112 2021 1197 2050 tulius
1212 2022 1353 2057 episcopus
1372 2029 1468 2051 servus
1488 2029 1626 2050 servorum
1645 2022 1701 2054 Dei,
1721 2023 1862 2051 venerahi-

1156 2071 1228 2098 libus
1248 2071 1386 2099 fratribus
1414 2072 1588 2107 patriarchae
1607 2071 1765 2106 aquileien„
1794 2073 1861 2100 Nea-

1156 2120 1282 2155 potitam,
1302 2120 1486 2154 mediolanen„
1508 2120 1667 2153 florentin..
1699 2121 1791 2149 senen.
1816 2128 1862 2149 ar-

1158 2170 1344 2205 chiepiscopis,
1356 2170 1498 2198 Bononien.
1507 2177 1537 2197 ac
1546 2168 1708 2205 Eugubinen.
1719 2171 1859 2206 episcopis

1158 2220 1275 2248 satutem
1289 2221 1316 2248 et
1336 2220 1514 2255 apostoticam
1537 2219 1758 2247 benedictionem.

1162 2292 1304 2326 Militanti
1328 2292 1499 2331 Ecclesiae,
1516 2292 1587 2326 licet
1603 2292 1769 2336 immeriti,
1797 2291 1864 2326 dis—

1116 2351 1249 2388 ponente
1272 2342 1418 2380 Domino,
1443 2342 1675 2389 praesidentes,
1698 2342 1780 2376 circa
1812 2354 1862 2376 cu-

1116 2404 1178 2425 ram
1189 2392 1388 2426 ecclesiarum
1403 2400 1432 2425 et
1447 2392 1704 2427 monasteriorum
1720 2392 1861 2426 omnium

1115 2441 1241 2476 solertia
1270 2441 1430 2476 reddimur
1468 2441 1621 2476 indefessa
1658 2441 1796 2481 soliciti,
1830 2449 1863 2475 ut

1116 2492 1199 2526 iuxta
1223 2491 1362 2525 debitum
1387 2492 1551 2538 pastoralis
1575 2491 1666 2526 ossicii
1689 2503 1797 2526 eorum
1812 2503 1863 2525 oc-

1115 2553 1278 2576 ‹urramns
1300 2540 1484 2587 dispendiis,
1496 2550 1525 2575 et
1541 2541 1743 2588 profectibus,
1759 2540 1861 2574 divina

1151 2612 1190 2648 (1)
1208 2613 1234 2638 In
1252 2611 1452 2646 quamplurimis
1474 2615 1564 2637 tamen
1585 2611 1774 2637 attendendum
1794 2610 1863 2637 Con-

1116 2653 1156 2678 cit.
1176 2653 1259 2678 Trid..
1277 2659 1341 2677 sess.
1361 2659 1419 2683 xiv,
1446 2654 1480 2677 Dc
1501 2652 1626 2685 Reform„
1648 2659 1706 2686 cap.
1731 2651 1756 2677 5,

1862 252 1908 278 Αη,
1927 252 1955 277 C.
1975 251 2039 277 tttoti

1874 318 1888 334 tt
1907 325 1916 336 ii
1927 319 1959 336 ’τὼ

1860 350 1920 369 liltt‘tl
1934 357 1974 368 >wtt-

1972 325 1988 337 tti
2004 326 2013 343 p
2024 327 2040 336 A-

1939 2311 1957 2324 m
1978 2306 2026 2325 trm.
