2281 3251
493 235 562 269 532

443 300 646 341 includimus
660 301 866 348 etquibusvis
889 313 943 348 pro
967 308 1106 347 tempore
1126 301 1190 335 eis-

442 351 513 386 dem
543 351 688 399 praelatis
711 350 749 385 de
783 350 903 386 Palatio
933 360 962 385 et
987 350 1190 385 familiaribus

442 401 602 436 concessis
629 413 683 435 seu
712 400 928 436 concedendis
955 401 1189 447 praerogatixis,

442 450 622 494 favoribus,
652 450 847 497 privilegiis,
875 450 1127 497 exemptionibus
1162 459 1189 485 et

442 500 582 544 indultis,
608 509 765 548 tamquam
790 513 897 535 eorum
928 512 1011 547 pars,
1046 499 1190 534 similiter

441 550 545 597 quoad
573 562 682 586 eorum
706 562 869 598 personas,
893 551 1053 597 potiantur
1068 558 1096 584 et
1113 562 1191 596 gau-

441 600 547 636 deant.

489 654 504 693 g
529 653 559 683 Τ.
577 648 786 697 Habeantque
800 650 830 684 in
846 649 966 685 Palatio
981 659 1087 685 nostro
1104 649 1191 697 Apo-

253 700 552 743 ⁵¹31b0=n1=n¹³rstotico
583 712 677 734 unam
713 700 909 735 mansionem
938 709 968 735 et
1001 700 1128 745 locum,
1159 701 1188 734 in

243 740 425 791 L’e'ss'fe’i't's'ff‘lss'
441 762 503 797 quo
525 749 658 795 singulis
680 749 792 785 diebus
820 750 988 785 convenire
1010 759 1041 785 et
1064 750 1190 790 morari

244 807 310 823 “¹⁰“
441 812 476 835 ac
498 800 536 835 de
559 799 643 834 dicto
670 812 779 835 eorum
802 799 906 835 officio
934 800 1191 835 incumbentibus

442 849 576 897 negotiis
599 857 730 885 tractare
751 858 781 884 et
809 850 1011 891 consultare·
1033 863 1069 885 ac
1095 849 1191 894 alias,

442 900 527 934 iuxta
549 900 724 946 antiquitus
751 909 909 935 serratum
934 912 989 948 per
1015 900 1192 956 praedictos

442 949 656 985 Romanorum
681 949 870 985 Pontificum
899 951 1104 991 secretarios
1137 963 1190 998 qui

443 1012 498 1046 pro
522 1008 663 1047 tempore
698 1000 846 1041 suerunt,
874 1000 991 1040 ritum
1019 1000 1134 1048 stylum
1163 1008 1192 1034 et

441 1049 585 1094 modum,
607 1050 787 1097 disponere,
805 1058 837 1084 ut
855 1062 926 1085 vere
944 1058 975 1084 ct
995 1059 1078 1091 actu,
1101 1049 1193 1085 nobis

441 1108 471 1133 et
498 1099 643 1134 Romano
676 1099 822 1135 Pontifici
860 1112 915 1147 pro
943 1108 1083 1147 tempore
1118 1101 1192 1135 exi-

441 1149 548 1189 stenti,
576 1150 607 1184 in
630 1149 713 1184 dicto
727 1149 847 1185 Palatio
870 1150 1055 1196 Apostolico
1077 1150 1194 1185 deser-

444 1199 564 1234 vientes
599 1199 729 1247 praelati
759 1207 790 1235 et
823 1199 994 1235 familiares
1027 1200 1193 1236 commode

443 1249 566 1296 possint
587 1258 617 1284 et
639 1249 784 1290 1111011111ς
808 1258 1000 1298 xoceturque
1022 1249 1110 1285 locus
1141 1250 1193 1284 1111-

445 1298 594 1340 iusmodi,
611 1308 641 1334 et
663 1299 702 1334 sit
717 1308 787 1335 actu
811 1298 987 1335 Secretaria
1001 1299 1194 1355 Apostolica,

445 1349 474 1382 in
498 1361 571 1396 qua
587 1357 618 1384 et
640 1349 727 1384 nullo
749 1349 810 1384 alio
834 1349 902 1385 loco
925 1349 998 1384 dicti
1020 1350 1116 1384 nostri
1134 1349 1195 1384 Pa-

445 1398 521 1443 latii,
542 1398 653 1434 saltem
677 1398 817 1446 publice,
841 1408 1047 1435 exerceantur
1070 1399 1116 1434 vel
1139 1411 1195 1434 ex-

445 1447 612 1494 pediantur
643 1461 864 1496 quaecumque
905 1449 942 1484 ad
976 1449 1195 1485 secretariatus

444 1497 580 1533 officium
604 1499 715 1545 quovis
743 1499 837 1534 modo
866 1499 1032 1547 pertinent.

493 1548 514 1595 S
532 1550 564 1582 8.
589 1548 873 1595 Plumbatoresque
893 1557 1074 1596 praesentes
1096 1548 1195 1595 etqui

421 1606 502 1645 pro
525 1607 668 1646 tempore
691 1607 795 1639 erunt
811 1598 872 1633 sub
893 1599 1196 1634 excommunicatio-

447 1648 495 1682 nis
521 1660 647 1696 poena,
671 1657 838 1684 tencantur
868 1661 978 1683 omnes
1000 1657 1030 1684 et
1057 1649 1197 1695 singulas

447 1696 547 1734 bullas
570 1707 686 1734 taxatas
707 1711 761 1746 per
782 1711 1018 1746 quemcumque
1041 1711 1078 1733 ex
1093 1699 1198 1733 omni-

447 1747 508 1782 bus
534 1748 713 1784 secretariis
741 1749 922 1796 praedictis,
943 1762 999 1784 seu
1022 1761 1198 1796 quoscum-

447 1809 508 1844 que
523 1797 600 1833 alios
614 1811 669 1846 per
681 1798 794 1833 dictam
810 1798 976 1834 Cameram
996 1806 1134 1834 nostram
1152 1810 1199 1833 se-

448 1855 564 1882 cretam
576 1848 751 1896 expeditas
765 1860 837 1883 cum
853 1849 988 1896 primum
1010 1849 1126 1883 luerint
1144 1860 1199 1896 per

449 1897 534 1945 ipsos
556 1897 748 1946 plumbatae,
776 1906 898 1945 portare
925 1898 962 1933 ad
991 1898 1197 1934 Secretariam

448 1947 604 1990 eamdem,
620 1956 650 1983 et
665 1948 787 1984 officiali
807 1960 860 1995 per
875 1948 1002 1983 eosdem
1015 1949 1200 1984 secr-etaiios

447 1997 487 2032 ad
504 1997 532 2032 id
549 1997 698 2045 deputato
714 2006 744 2033 et
767 1998 844 2033 nulli
873 1997 959 2033 alteri
989 2007 1199 2045 praesentare,

449 2055 483 2082 ut
510 2047 712 2094 singulariter
734 2047 877 2095 singulae
899 2060 971 2083 cum
996 2049 1135 2095 ipsarum
1154 2057 1200 2083 ta-

450 2101 495 2136 xis
517 2109 547 2137 et
574 2102 737 2137 tenoribus
751 2101 898 2141 describi,
915 2103 1028 2143 notari,
1043 2102 1199 2137 subscribi

448 2164 479 2190 et
501 2168 588 2192 more
622 2156 714 2192 solito
737 2156 877 2204 expediri
914 2168 969 2204 per
995 2157 1134 2204 aliquem
1163 2169 1199 2192 ex

451 2211 528 2259 ipsis
550 2212 728 2247 secretariis
750 2211 872 2260 possint
898 2219 928 2246 et
951 2211 1081 2246 valeant.

499 2270 515 2309 g
537 2269 569 2300 9.
599 2265 743 2302 Habeant
769 2277 897 2313 quoque
920 2266 1078 2301 secretarii
1104 2278 1202 2314 prac-

253 2324 437 2376 ,l·¹¹0‘³,‘‡,³,l“,⁰⁵¹‡'<{
452 2320 542 2366 dicti,
569 2333 625 2369 pro
648 2322 791 2368 personis
822 2321 962 2368 ipsorum
985 2329 1015 2356 et
1037 2321 1201 2356 cuiuslibet

254 2363 305 2408 ‘ff‘
321 2362 436 2414 ῖέρὲειιῖψ
454 2375 608 2423 ipsorum,
630 2387 668 2410 ex
695 2375 822 2423 speciali
847 2375 1008 2423 privilegio
1027 2376 1124 2422 (qnod
1149 2388 1203 2423 per

254 2423 284 2439 ¹²¹¹
455 2438 636 2477 praesentes
658 2430 703 2465 eis
725 2430 753 2465 in
778 2439 964 2478 perpetuum
989 2430 1202 2473 concedimus)

455 2485 486 2519 in
527 2484 786 2532 expeditionibus
824 2485 1008 2532 quarumvis
1042 2484 1201 2519 literarum

453 2539 710 2586 apostolicarum,
724 2541 829 2575 Gratis
840 2541 962 2586 ubique.
978 2538 1137 2574 Teneatur
1154 2551 1203 2573 re-

452 2593 686 2629 scribendarius
707 2594 744 2629 ad
769 2594 936 2629 taxandum
954 2593 1058 2629 literas
1077 2600 1204 2641 aposto-

452 2647 528 2683 licas
556 2661 611 2696 pro
634 2657 773 2697 tempore
801 2648 983 2696 deputatus,
1005 2648 1123 2695 absque
1139 2647 1203 2682 nllo

246 244 295 270 Α11.
314 243 343 271 C.
362 243 428 271 11187

260 1601 327 1621 Bullns
347 1601 370 1620 :td
392 1605 416 1620 eo

247 1632 430 1660 portentptumba-

248 1669 312 1685 10105.
330 1668 357 1683 ‹12-

1028 246 1215 269 Bt'LLAtuml
1241 245 1405 270 nonum!

1234 311 1340 336 nostro
1368 313 1421 335 seu
1445 300 1587 335 0111115115
1610 300 1738 336 alterius
1767 300 1930 342 mandato,
1954 301 1983 335 in

1232 351 1397 397 quibusvis
1426 350 1525 386 literis
1549 363 1698 398 personas
1721 351 1860 397 ipsorum
1879 362 1985 386 secre-

1234 402 1381 435 tariorum
1405 412 1459 435 seu
1488 401 1627 435 cuiusvis
1653 413 1761 435 eorum
1785 413 1984 436 concernen-

1234 450 1328 494 tibus,
1352 462 1527 498 apponere:
1544 452 1717 496 Fiatzspio
1732 463 1864 496 persona
1887 463 1982 485 secie-

1233 502 1330 538 larii.-
1357 513 1393 535 ac
1423 512 1587 548 personam
1617 501 1708 535 11111115
1737 501 1910 545 familiaris,
1927 514 1983 548 pro

1231 550 1373 597 quolibet
1397 551 1554 596 ipsorum:
1581 552 1686 584 Gratis
1704 563 1764 596 pro
1783 552 1860 585 Deo.

1281 600 1301 645 g
1329 602 1380 634 10.
1404 600 1568 635 Praeterea
1593 600 1738 635 volumus
1762 610 1793 635 ut
1817 600 1909 636 iidem
1930 613 1983 635 se-

1233 650 1369 689 cretarii,
1391 650 1655 696 quotiescumque
1683 659 1774 685 erunt
1797 663 1812 685 a
1841 649 1982 686 Romana

1233 699 1328 734 Curia
1350 699 1507 744 absentes,
1532 711 1588 747 pro
1615 700 1729 735 nostris
1747 708 1800 735 aut
1822 699 1918 735 SR
1947 700 1982 734 E

1235 750 1375 796 negociis
1402 750 1512 797 quetis
1535 748 1629 784 modo
1657 749 1856 797 peragendis,
1880 750 1983 805 quoad

1233 799 1523 834 emolumentorum
1547 799 1690 834 omnium
1719 799 1795 834 dicti
1824 800 1943 835 ollicii
1938 812 1985 834 111-

1235 857 1351 896 tegram
1370 850 1617 897 perceptionem,
1634 849 1809 884 habeantur
1824 859 1983 904 tamquam

1235 908 1430 946 praesentes:
1454 912 1479 934 51
1506 911 1589 940 vero,
1611 900 1798 946 pritatarum
1816 912 1919 934 reruni
1938 912 1986 946 ip-

1234 961 1341 984 sorum
1364 961 1455 984 causa
1477 949 1661 984 recedentes
1683 949 1722 984 ab
1745 950 1853 984 eadem
1877 949 1984 989 Curia,

1236 999 1381 1046 petierint
1405 1007 1524 1034 tantum
1543 998 1582 1033 ab
1601 1010 1709 1034 eorum
1732 999 1867 1046 collegio
1895 1000 1987 1034 licen-

1235 1049 1323 1092 tiam,
1350 1057 1380 1083 et
1403 1049 1616 1096 disposuerint
1650 1049 1735 1096 quod
1767 1050 1795 1084 in
1818 1049 1986 1084 ordinariis

1235 1098 1382 1134 oneribus
1409 1098 1501 1134 0111011
1535 1098 1649 1146 aliquis
1677 1099 1757 1134 alius
1789 1099 1827 1134 de
1855 1099 1986 1145 collegio

1235 1148 1349 1183 serviat
1372 1161 1428 1196 pro
1445 1148 1531 1196 ipsis,
1547 1149 1664 1196 pariter
1679 1149 1865 1194 habeantur,
1882 1148 1986 1196 quoad

1235 1198 1377 1233 eamdem
1418 1200 1654 1246 perceptionem
1683 1199 1986 1242 emolumentorum,

1237 1260 1292 1295 pro
1321 1248 1564 1296 praesentibus,
1603 1248 1641 1282 ad
1676 1261 1793 1283 annum
1827 1249 1985 1296 integrum

1236 1299 1409 1333 dumtaxat.
1437 1297 1477 1332 Et
1499 1298 1524 1332 si
1549 1299 1626 1333 sorte
1650 1298 1726 1333 ultra
1747 1311 1843 1333 unum
1868 1310 1986 1334 annum

1237 1347 1419 1382 distulerint
1453 1347 1491 1382 ad
1520 1347 1663 1383 eamdem
1701 1348 1829 1383 Curiam
1861 1348 1987 1391 redire,

1239 1410 1300 1432 non
1317 1397 1489 1445 percipiant
1505 1397 1717 1432 emolumenta
1742 1398 1911 1446 praedicta,
1928 1398 1986 1432 nisi

1237 1447 1363 1494 dempta
1387 1447 1495 1495 quinta
1518 1447 1679 1482 dumtaxat
1702 1448 1770 1483 eius
1794 1456 1892 1495 parte,
1907 1459 1988 1495 qnae

1238 1497 1328 1532 cedat
1360 1497 1389 1531 in
1419 1497 1583 1532 utilitatem
1611 1497 1806 1544 reliquorum
1834 1506 1865 1532 et
1891 1498 1988 1533 colle-

1238 1547 1290 1594 gio
1317 1555 1386 1581 actu
1417 1547 1627 1594 praesentium
1653 1547 1682 1581 in
1707 1548 1789 1583 dicta
1816 1546 1922 1583 Curia.

1287 1598 1307 1643 *δ’
1342 1599 1396 1630 11.
1427 1596 1495 1631 Pari
1525 1596 1620 1631 modo
1647 1597 1787 1632 volentes
1816 1605 1848 1632 ut
1878 1608 1989 1632 omnes

1241 1646 1363 1692 triginta
1406 1655 1435 1681 et
1470 1646 1602 1693 quilibet
1643 1647 1784 1694 ipsorum
1829 1647 1989 1683 secretarii

1241 1696 1404 1744 praedicti,
1436 1704 1497 1730 tam
1522 1705 1704 1744 praesentes
1726 1697 1756 1732 111
1786 1697 1867 1732 dicta
1894 1697 1989 1732 Curia

1240 1758 1334 1793 quam
1357 1746 1528 1791 absentes,
1563 1746 1658 1781 libere
1683 1747 1801 1794 possint
1829 1747 1867 1782 de
1898 1747 1991 1782 dictis

1240 1808 1349 1831 eorum
1372 1796 1484 1831 01110115
1511 1796 1700 1843 disponere,
1728 1809 1785 1832 uec
1809 1797 1909 1844 possit
1937 1805 1992 1832 aut

1241 1845 1353 1881 debeat
1368 1846 1552 1881 eorumdem
1575 1846 1750 1882 officiorum
1771 1847 1992 1893 resignationis

1243 1896 1392 1943 receptio,
1414 1896 1505 1931 etiam
1528 1896 1554 1930 si
1579 1896 1775 1942 resignantes
1798 1897 1855 1944 ipsi
1877 1896 1991 1931 infirmi

1241 1955 1271 1981 et
1296 1945 1505 1981 verisimiliter
1528 1944 1606 1980 infra
1630 1946 1736 1993 viginti
1764 1945 1886 1982 dierum
1912 1958 1992 1994 spa-—

1243 1996 1318 2030 tium
1338 1995 1499 2031 decessuri
1528 1995 1627 2030 forent
1654 2004 1685 2031 et
1703 1995 1910 2041 decederent,
1938 2008 1993 2043 per

1243 2045 1422 2080 Romanum
1450 2045 1636 2080 Pontificem
1659 2046 1768 2092 quavis
1793 2046 1912 2081 ratione
1935 2046 1993 2080 de—

1243 2100 1348 2146 negari
1367 2099 1413 2134 vel
1428 2099 1565 2140 dill'erri;
1587 2112 1658 2145 nec,
1673 2112 1729 2148 pro
1743 2100 1902 2147 signatura
1917 2112 1992 2147 sup-

1243 2154 1421 2201 plicationis
1447 2155 1661 2190 concessionis
1673 2155 1813 2190 eiusdem
1835 2167 1890 2202 per
1909 2155 1992 2189 resi—

1243 2210 1425 2257 gnationem
1448 2211 1597 2254 vacantis,
1611 2210 1795 2258 quicquam,
1811 2210 1889 2245 ultra
1909 2222 1994 2244 sum—

1244 2277 1326 2300 mam
1349 2273 1477 2300 centum
1499 2266 1690 2300 florenorum
1712 2265 1779 2300 auri
1793 2265 1831 2300 de
1847 2264 1992 2308 Camera,

1243 2319 1282 2354 ab
1296 2332 1345 2365 eo,
1367 2321 1417 2356 0111
1433 2320 1471 2355 110
1491 2320 1543 2355 1110
1556 2320 1603 2355 510
1622 2328 1750 2355 vacante
1766 2319 1993 2367 providebitur,

1244 2375 1337 2422 exigi.

1294 2434 1308 2473 g
1337 2431 1388 2463 ¹2.
1411 2429 1487 2474 Qui,
1506 2429 1530 2463 si
1554 2428 1655 2463 dictae
1670 2427 1764 2463 Sedis
1786 2427 1925 2463 notarius
1940 2433 1995 2462 aut

1245 2485 1275 2519 in
1303 2484 1476 2532 episcopali
1504 2484 1551 2519 vel
1575 2484 1683 2518 maiori
1707 2483 1918 2519 ecclesiastica
1949 2482 1995 2516 di-

1244 2539 1361 2586 gnitate
1383 2538 1572 2574 constitutus
1600 2550 1660 2572 non
1696 2538 1787 2573 suerit
1804 2565 1811 2578 ,
1837 2549 1891 2584 per
1918 2536 1993 2571 dieti

1245 2593 1462 2629 secretariatns
1496 2592 1592 2628 0111011
1627 2592 1886 2635 concessionem,
1922 2592 1992 2626 licet

1245 2648 1355 2692 solam,
1384 2647 1591 2683 nibilominus
1614 2647 1643 2681 in
1672 2647 1774 2683 dictae
1790 2645 1881 2681 Sedis
1905 2653 1993 2680 nota-

2000 246 2048 272 An.
2071 246 2099 272 C.
2115 246 2180 273 ¹¹187

2014 605 2119 625 Atmentez
2144 611 2181 631 pro

1998 644 2016 663 pt
2029 637 2127 657 vesentih.
2143 637 2182 656 ha-

1998 669 2093 688 beantur.

2018 1608 2045 1628 De
2063 1607 2137 1628 officiis
2159 1607 2186 1626 ti-

1981 1647 1986 1652 ·
2004 1640 2054 1659 nme
2065 1639 2177 1665 disponant

2021 2437 2081 2458 sedis
2097 2437 2190 2463 Apono-

1974 2483 1978 2487 ·
2009 2470 2062 2490 tieae
2072 2469 2148 2488 notarii
2158 2473 2191 2488 re-

2010 2503 2115 2528 putentur.
