2281 3251
237 251 287 277 An.
304 251 334 278 C.
355 250 420 278 t'i95

253 1342 332 1363 Canna
356 1342 416 1363 huius

234 1375 399 1395 constitutionis.

485 242 555 274 560

469 310 619 340 Alexander
640 311 781 346 episcopus
805 315 901 338 servus
924 315 1063 337 servorum
1082 308 1141 342 Dei,

567 361 600 388 ad
619 361 780 396 perpetuam
810 359 851 388 rei
880 358 1047 387 memoriam.

484 433 568 469 Inter
589 432 781 478 multiplices
807 443 910 475 curas,
933 442 1013 478 quae
1036 430 1126 466 nobis
1145 445 1181 467 ex

261 484 391 509 '’m“ffll‘m
434 484 626 533 apostolatus
648 482 749 517 ollieio
772 481 955 516 incumbere
982 481 1182 527 dignoscun—

434 543 495 579 tur,
511 534 593 569 illam
611 532 744 568 libenter
759 531 991 578 amplectimur,
1004 543 1058 578 per
1076 543 1182 578 quam,

435 583 620 631 provisionis
642 594 714 629 ope,
741 581 904 625 civitates,
932 589 1031 616 terrae
1059 590 1089 615 et
1118 580 1180 616 loca

433 634 595 670 Romanae
617 631 780 667 Ecclesiae
799 630 934 666 mediate
950 639 980 665 et
1003 630 1181 667 immediate

432 683 572 720 subiecta
609 683 638 717 iu
673 682 758 730 pacis
791 681 981 716 amoenitate
1010 688 1040 716 et
1066 682 1182 729 quietis

433 732 656 780 tranquillitate
679 731 800 766 vali-ant
820 731 1015 766 conservari:
1041 740 1069 766 et
1090 744 1181 767 nemo

431 784 489 819 sibi
514 784 563 818 ius
586 782 703 826 dicere,
726 794 761 817 ac
789 781 922 816 iustitiae
937 781 1052 817 limites
1079 790 1182 817 trans-

431 833 516 881 gredi
540 832 716 868 inordinata
739 830 897 867 voluntate
917 840 1106 878 praesumat;
1127 832 1179 867 sed

431 883 514 931 quod
548 883 608 918 sibi
642 881 740 917 credit
767 882 844 916 alter
870 882 1020 916 adversus
1047 881 1179 917 alterum

432 934 510 969 forte
533 940 714 980 competere
731 959 739 973 ,
767 943 873 967 coram
902 932 1006 966 iudice
1030 932 1179 967 iustitiam

432 983 583 1019 reddente
607 990 825 1030 prosequatur;
847 989 878 1016 et
899 982 992 1029 siqui
1011 981 1051 1017 ita
1075 990 1180 1017 teme-

432 1034 501 1068 rarii
525 1033 651 1077 fuerint,
675 1041 707 1067 ut
728 1044 820 1067 secus
842 1031 943 1067 facere
966 1040 1180 1079 praesumant,

431 1083 544 1120 debitis
567 1083 677 1131 poenis
710 1082 907 1126 alliciantur,
944 1094 982 1116 ne
1009 1082 1048 1117 de
1071 1094 1179 1117 eorum

430 1133 563 1169 nefanda
587 1132 762 1168 temeritate
777 1132 943 1176 laetentur,
965 1144 999 1167 ac
1021 1132 1090 1167 aliis
1104 1132 1181 1167 sub-

430 1183 504 1218 ditis
527 1191 687 1218 transeant
714 1182 744 1217 iu
767 1181 964 1229 exemplum,
987 1193 1045 1217 nec
1069 1182 1179 1218 incen-

432 1233 529 1269 tivum
556 1232 725 1282 praebeant
748 1231 968 1279 delinquendi.

479 1288 495 1328 ἓ
518 1286 550 1318 l.
573 1283 668 1324 Sane,
683 1282 776 1318 etiam
800 1290 968 1330 antequam
997 1281 1033 1316 ad
1057 1282 1179 1330 apicem

430 1333 547 1369 summi
580 1332 799 1381 apostolatus,
833 1332 936 1367 divina
964 1331 1084 1367 favente
1118 1333 1181 1367 ele-

430 1384 560 1428 mentia,
582 1383 737 1430 assumpti
765 1382 948 1427 fuissemus,
969 1381 1007 1417 ab
1027 1382 1093 1429 ipsa
1110 1382 1180 1417 faeti

430 1434 585 1470 evidentia
607 1440 637 1468 et
667 1445 772 1467 rerum
801 1432 1006 1480 experientia,
1035 1444 1106 1476 nos,
1128 1433 1180 1480 qui

430 1485 526 1532 longo
541 1492 683 1531 tempore
700 1482 910 1518 cardinalatus
933 1482 1054 1517 honore
1071 1482 1182 1523 functi,

432 1535 577 1570 novimus
603 1532 688 1581 quod
718 1534 748 1568 in
782 1533 871 1568 terris
893 1532 995 1568 eidem
1019 1532 1183 1568 Romanae

432 1585 592 1620 Ecclesiae
625 1583 760 1618 mediate
789 1583 834 1618 vel
869 1582 1050 1618 immediate
1077 1582 1183 1618 subie-

432 1636 500 1676 ciis,
528 1634 650 1670 dierum
666 1641 827 1668 crescente
849 1633 977 1678 malitia,
999 1632 1045 1668 sic
1060 1641 1182 1668 assueta

434 1685 573 1732 nequitia
601 1683 754 1719 malorum
780 1691 900 1718 mentes
923 1682 1087 1717 hominum
1111 1696 1183 1730 per-

435 1735 547 1779 vertit,
569 1733 653 1782 quod
677 1733 706 1767 in
731 1742 869 1781 apertam
900 1733 1042 1780 prosilire
1065 1733 1186 1768 violen-

435 1786 508 1820 tiam
525 1797 588 1819 non
611 1782 830 1828 formidantes,
847 1783 973 1831 saepius
992 1782 1069 1817 alter
1088 1783 1184 1818 insur-

434 1835 479 1882 git
506 1835 536 1869 in
565 1835 696 1870 alterum
714 1861 723 1878 ,
752 1843 782 1868 et
816 1833 895 1868 alius
923 1833 1007 1880 quod
1036 1832 1185 1868 adversus

434 1885 532 1920 alium
559 1884 619 1919 sibi
649 1882 753 1918 forsan
781 1890 961 1930 competere
992 1883 1185 1930 praesumit,

437 1935 493 1970 viis
515 1934 654 1981 pacificis
676 1942 706 1968 et
722 1933 799 1968 iuris
814 1933 923 1968 ordine
947 1933 1186 1981 praetermissis,

437 1984 594 2020 violentiis
621 1993 651 2019 et
678 1983 846 2019 conatibus
872 1983 1014 2018 obtinere
1046 1995 1107 2017 non
1133 1996 1187 2018 re—

438 2044 540 2074 retur,
555 2034 676 2070 Statum
693 2033 834 2069 eiusdem
849 2032 1011 2068 Romanae
1027 2032 1187 2067 Ecclesiae

437 2097 666 2132 saepenumero
691 2083 890 2132 perturbanS,
909 2095 943 2117 ae
963 2083 1108 2118 scandala
1126 2095 1186 2117 non

440 2148 532 2184 parva
559 2135 729 2180 suscitans,
751 2146 813 2169 non
841 2133 907 2168 sine
929 2134 1104 2168 animarum
1133 2145 1189 2179 pe-

441 2185 562 2232 riculo,
589 2185 750 2231 dignitatis
775 2192 805 2219 et
827 2184 1020 2219 auctoritatis
1048 2183 1188 2218 eiusdem

439 2237 601 2272 Romanae
628 2235 787 2271 Ecclesiae
819 2233 1009 2282 praeiudicio
1037 2241 1066 2269 et
1093 2232 1191 2268 detri-

441 2295 571 2331 mento,
600 2286 777 2334 pernicioso
799 2296 925 2332 quoque
957 2283 1102 2331 exemplo
1121 2311 1128 2324 ‚
1162 2292 1188 2317 et

441 2349 512 2373 cum
533 2335 680 2372 scandalo
699 2335 917 2383 plurimorum.
935 2333 1000 2370 Nos
1016 2334 1124 2380 igitur,
1136 2334 1189 2381 qui

442 2392 480 2427 de
508 2390 680 2426 incolarum
699 2418 707 2432 ,
731 2390 961 2437 provinciarum
980 2417 985 2430 ,
1007 2389 1166 2423 civitatum
1185 2417 1193 2431 ,

443 2455 610 2490 terrarum,
626 2453 798 2480 castrorum
812 2453 843 2480 et
865 2445 1005 2480 locorum
1031 2444 1192 2491 temporali

444 2500 586 2536 dominio
608 2500 747 2535 eiusdem
771 2500 934 2535 Romanae
957 2497 1118 2533 Ecclesiae
1151 2499 1193 2533 si(-

444 2555 659 2592 subiectorum
693 2567 842 2602 prospero
870 2562 900 2588 et
936 2552 1017 2588 felici
1045 2552 1195 2598 regimine

446 2618 531 2645 tanto
560 2609 797 2658 propensiorem
825 2621 930 2644 euram
958 2619 1067 2655 gerere
1093 2606 1196 2642 debe—

448 2677 542 2706 mus,
563 2671 680 2712 quanto
703 2663 826 2699 illorum
850 2674 924 2699 cura
951 2661 1120 2711 specialius
1145 2660 1196 2696 di-

1024 249 1209 274 numium!
1246 249 1408 273 nouam-n

1224 305 1386 351 guoscitur
1413 304 1504 340 nobis
1531 316 1600 341 esse
1634 306 1829 346 commissa3
1858 305 1976 352 quique

1225 367 1278 390 eos
1311 358 1429 401 (utpote
1460 355 1632 401 peculiares
1661 363 1786 390 nostros
1813 363 1843 389 ct
1875 355 1975 390 dictae

1225 404 1387 439 Ecclesiae
1404 404 1494 447 lilios)
1511 405 1540 439 in
1558 406 1734 440 visceribus
1752 405 1893 452 gerimus
1909 405 1975 440 cha·

1225 455 1335 498 ritatis,
1362 455 1525 500 cupientes
1548 464 1581 489 ut
1611 456 1800 502 provinciae,
1823 456 1975 493 civitates,

1225 512 1336 543 terrae,
1360 512 1458 538 eastra
1482 513 1512 538 et
1539 505 1605 539 loca
1630 505 1799 551 praedicta,
1822 505 1976 540 turbatio-

1226 553 1318 588 nibus
1338 553 1536 588 etscandalis
1558 555 1813 602 quibuscumque
1836 555 1976 598 semotis,

1225 604 1254 637 in
1292 615 1367 650 pace
1405 611 1433 637 et
1461 605 1628 639 concordia
1657 607 1905 652 conquiescant,
1940 616 1976 639 ac

1225 653 1383 700 prosperis
1405 654 1605 689 successibus
1619 655 1827 700 gratulentur,
1847 663 1977 689 temera-

1224 703 1408 750 riorumque
1437 715 1534 738 ausus
1563 704 1758 751 reprimere,
1785 712 1816 739 et
1847 717 1902 739 eos
1924 704 1974 739 tali

1225 754 1360 799 plectere
1384 765 1483 800 poena
1500 781 1509 797 ,
1538 762 1571 788 ut
1592 755 1704 789 ceteris
1728 755 1790 788 sint
1815 754 1843 788 in
1869 766 1976 789 exem-

1224 803 1322 850 plum,
1341 812 1371 837 et
1394 803 1518 837 tandem
1543 812 1646 839 metus
1670 816 1789 851 poenae
1811 804 1851 838 sit
1875 816 1975 850 poena

1224 853 1376 887 malorum
1392 881 1399 894 ,
1424 862 1508 888 motu
1534 855 1670 901 proprio,
1699 866 1759 888 non
1783 854 1821 888 ad
1845 854 1978 888 alicuius

1225 903 1315 937 nohis
1337 916 1433 949 super
1455 903 1513 938 hoc
1529 903 1650 938 oblatae
1674 904 1833 951 petitionis
1857 905 1977 938 instan-

1224 954 1310 997 tiam,
1338 953 1392 988 sed
1420 953 1458 988 de
1483 962 1586 988 nostra
1611 966 1694 988 mera
1717 962 1747 988 et
1771 962 1893 989 matura
1920 954 1977 988 de-

1224 1002 1408 1038 liberatione
1427 1031 1434 1043 ,
1457 1015 1493 1038 ac
1519 1016 1556 1037 ex
1583 1012 1668 1039 certa
1691 1004 1821 1038 scientia
1848 1012 1879 1038 et
1900 1015 1977 1050 apo-

1222 1053 1350 1088 stolicae
1385 1054 1547 1100 potestatis
1580 1054 1798 1100 plenitudine,
1823 1054 1977 1088 universis

1222 1111 1251 1137 et
1266 1102 1412 1150 singulis,
1440 1111 1501 1137 tam
1519 1103 1604 1139 laicis
1626 1116 1720 1151 quain
1744 1103 1976 1147 ecclesiasticis,

1223 1153 1450 1201 cuiuscumque
1480 1160 1577 1188 status
1610 1163 1640 1189 et
1667 1153 1806 1201 gradus,
1834 1153 1975 1193 ordinis,

1222 1203 1434 1242 excellentiae,
1453 1203 1614 1250 dignitatis
1635 1212 1664 1238 et
1684 1203 1895 1238 cardinalatus
1917 1202 1977 1238 ho-

1223 1265 1298 1288 nore
1321 1252 1527 1299 fulgentibus,
1554 1253 1690 1289 ducibus
1713 1265 1853 1301 quoque,
1876 1253 1977 1288 comi-

1224 1303 1320 1342 tibus,
1344 1302 1523 1343 baronibus,
1544 1316 1665 1339 necnon
1682 1302 1976 1342 communitatibus,

1225 1353 1480 1389 universitatibus
1490 1354 1661 1398 civitatnm,
1677 1362 1842 1393 terrarum,
1858 1361 1977 1388 castro-

1223 1415 1292 1437 rum
1315 1411 1345 1438 et
1367 1404 1499 1438 aliorum
1523 1415 1800 1451 quorumcumque
1822 1403 1976 1446 locorum,

1225 1452 1315 1487 nobis
1338 1462 1367 1488 et
1394 1453 1497 1488 eidem
1525 1454 1688 1489 Romanae
1711 1453 1873 1488 Ecclesiae
1904 1464 1977 1487 me-

1224 1503 1306 1538 diate
1330 1503 1375 1537 rel
1400 1503 1580 1538 immediate
1604 1504 1820 1539 subiectorum
1836 1530 1845 1547 ,
1867 1511 1978 1538 aucto-

1225 1553 1314 1588 ritate
1341 1554 1524 1601 apostolica,
1547 1563 1656 1589 tenore
1683 1553 1895 1601 praesentium
1924 1553 1978 1587 di—

1225 1604 1329 1638 stricte
1353 1604 1576 1652 praecipiendo
1600 1604 1787 1639 mandamus
1809 1611 1839 1638 et
1857 1602 1980 1638 inhibe-

1228 1666 1309 1688 mus.

1275 1708 1289 1747 g
1312 1706 1344 1738 2.
1369 1704 1414 1739 Ne
1430 1704 1544 1752 aliquis
1562 1716 1673 1739 eorum
1694 1711 1803 1739 contra
1826 1703 1921 1738 alium
1941 1702 1981 1738 si·
2008 1713 2180 1768 {mgffbgfifflgss‘

1994 1753 2012 1768 C!
2030 1753 2042 1767 [Ι
2059 1753 2065 1767 Ι
2093 1753 2104 1766 Δ
2167 1757 2179 1761 -

1228 1753 1324 1788 bimet
1347 1754 1396 1789 ius
1418 1753 1535 1794 dicere,
1558 1762 1610 1788 aut
1632 1766 1776 1800 guerram
1794 1753 1840 1788 vel
1864 1753 1980 1788 exerci-

1230 1912 1332 1938 nostra
1360 1912 1389 1938 el
1413 1915 1633 1938 successorum
1663 1912 1840 1938 ssOSll'Ol'llm
1864 1902 1983 1938 Roma-

1229 1966 1342 1988 norum
1379 1953 1571 1988 Pontificum
1594 1954 1746 1988 canonice
1775 1953 1958 1988 intrantium
1975 1980 1982 1992 ,

1229 2012 1281 2038 aut
1314 2003 1492 2039 officialium
1522 2011 1703 2038 nostrorum
1735 2011 1765 2038 et
1796 2002 1981 2038 eorumdem

1230 2069 1449 2093 successorum
1465 2057 1502 2092 ad
1520 2057 1550 2092 id
1574 2058 1782 2093 sufficientem
1806 2057 1982 2093 facultatem

1231 2112 1414 2147 habentium
1430 2112 1558 2160 speciali
1583 2112 1721 2157 licentia)
1736 2112 1838 2148 facere
1860 2111 1907 2147 vel
1922 2124 1985 2147 mo-

1232 2179 1314 2208 vere,
1342 2179 1377 2202 ae
1396 2179 1450 2215 per
1473 2167 1602 2203 hostiles
1625 2168 1770 2203 incursus
1791 2179 1845 2202 seu
1870 2166 1986 2202 violen-

1233 2222 1302 2263 tias,
1324 2221 1476 2264 ciritates‚
1500 2231 1611 2267 terraS,
1634 2231 1733 2258 castra
1759 2230 1789 2257 et
1808 2222 1874 2257 loca
1899 2233 1985 2269 prae-

1233 2276 1316 2311 dicta
1343 2288 1513 2324 occupare,
1541 2276 1688 2312 invadere
1715 2277 1761 2311 vel
1790 2277 1883 2312 etiam
1912 2276 1986 2311 reti-

1234 2343 1329 2372 nere,
1363 2343 1418 2366 seu
1453 2331 1587 2378 aliquem
1611 2330 1706 2365 domo
1736 2331 1878 2379 propria,
1909 2330 1986 2366 civi-

1233 2394 1294 2421 tate
1311 2414 1319 2430 ,
1343 2395 1444 2422 castro
1467 2387 1512 2421 vel
1546 2386 1615 2421 loco
1637 2385 1794 2433 expellere
1812 2413 1820 2426 ,
1848 2397 1960 2433 capere
1977 2412 1985 2428 ,

1235 2450 1354 2482 tenere;
1377 2448 1431 2476 aut
1451 2440 1489 2475 ad
1505 2439 1672 2475 vindictam
1692 2440 1737 2475 rel
1756 2440 1907 2475 ultionem
1929 2440 1987 2474 ali-

1236 2509 1329 2544 quam
1360 2496 1513 2544 prosilire,
1535 2496 1646 2543 quavis
1660 2496 1825 2531 occasione
1842 2495 1890 2530 vel
1910 2507 1987 2530 cau-

1237 2564 1287 2591 sa,
1315 2559 1540 2598 praesumant,
1574 2550 1628 2585 sed
1656 2550 1789 2597 quilibet
1817 2550 1866 2585 ius
1892 2562 1986 2585 suum

1238 2606 1285 2641 via
1310 2606 1384 2642 iuris
1406 2618 1510 2642 coram
1538 2605 1731 2654 competenti
1760 2604 1862 2641 iudice
1885 2616 1989 2652 prose·

1237 2668 1363 2708 quatur.

1993 251 2040 276 An.
2059 250 2088 277 C.
2107 250 2173 277 11193

2261 1012 2263 1020 -
2260 977 2263 988 „
2254 953 2259 962 ι
2244 397 2263 930 Αιᾲωφῖ-αᾴι-’.ι
2257 360 2259 362 .

1995 1781 2026 1798 tat
2039 1781 2060 1798 et
2071 1777 2179 1798 coaduna-

1228 1812 1308 1845 tum,
1335 1816 1391 1839 seu
1415 1803 1490 1838 alias
1513 1803 1694 1838 huiusmodi
1731 1802 1979 1838 coadunationes
1994 1810 2064 1846 tiones
2090 1808 2123 1829 *οἱ
2144 1809 2179 1850 ¹¹⁵?

1227 1862 1256 1888 et
1283 1858 1329 1897 (ut
1354 1854 1445 1900 vulgo
1461 1854 1521 1889 dici
1545 1853 1634 1896 solet)
1656 1853 1830 1888 cavalcatas
1854 1852 1924 1895 (nisi
1942 1852 1981 1888 de
1996 1843 2181 1900 ἶξῖ,’,ῗ.ῗῖζ,,“““
