2281 3251
264 259 313 285 An.
332 259 360 286 C.
380 260 444 286 1308

272 322 349 346 anpli·
373 326 401 340 tui
415 328 444 341 ns-

262 358 287 372 &ss
309 351 403 372 l'nutittct
425 357 445 372 ut

261 384 351 409 desuper
375 390 403 409 pru
417 391 446 402 ti-

263 415 312 432 ‹tr-w
329 416 433 439 digni-tm,

269 1114 307 1138 Qut
327 1116 441 1138 propterea

256 1145 283 1166 id,
296 1145 370 1169 poenis
386 1144 439 1163 adie-

257 1179 303 1196 t¹lt=.
321 1175 425 1202 prul-ittet,

508 249 578 282 >170

461 314 622 350 humiliter
643 313 855 360 supplicatum
893 321 925 347 ut
947 324 1058 347 omnes
1086 320 1115 346 et
1138 312 1209 346 sin—

461 364 550 410 gulas
579 375 729 410 personas
756 362 830 397 dicti
853 361 1002 402 Ordinis,
1024 362 1211 396 cuiuscum-

460 426 522 459 que
544 413 671 459 gradus,
699 419 810 455 status,
833 411 1025 446 conditionis
1049 411 1095 445 vel
1120 422 1210 457 prae—

460 462 659 501 eminentiae,
683 461 712 495 in
741 461 808 506 ipso
835 460 956 495 Ordine
984 472 1068 494 nunc
1095 468 1125 494 et
1154 473 1208 506 pro

460 520 600 558 tempore
627 511 823 553 existentes,
848 519 931 544 metu
959 522 1165 544 censurarum
1193 522 1207 543 a

460 561 640 606 praemissis
663 571 830 599 coercere;
859 569 889 593 et
916 571 988 593 cum
1018 571 1054 593 ex
1077 559 1209 593 diversis

458 609 527 644 aliis
544 609 732 649 Ordinibus,
752 610 846 643 etiarn
867 608 1070 650 Mendicaut.,
1096 621 1208 655 quam-

460 659 564 706 plures
585 659 622 693 ad
652 660 754 705 ipsum
777 658 931 693 Ordinem
959 658 1208 695 Cartusiensem.

459 717 567 755 utpote
594 708 759 743 strictioris
781 707 999 743 observantiae
1021 716 1051 742 et
1074 706 1210 754 Religio-

459 759 519 801 nis,
543 766 715 797 transeant,
738 757 822 804 quod
850 757 906 803 ipsi
936 757 982 791 sic
1011 765 1209 792 transeuntes

459 819 563 852 parem
587 819 657 842 cum
692 807 768 854 ipsis
799 806 947 841 fratribus
975 806 1048 841 dieti
1077 806 1208 841 Ordinis

457 855 670 891 Cartusieusis
703 864 818 891 statum
859 864 890 890 ct
921 855 1056 891 fructum
1093 856 1208 890 babere

458 906 591 952 possint,
614 918 649 940 ac
671 905 746 941 alias
769 906 797 939 in
823 905 1004 952 praemissis
1031 914 1208 952 opportune

457 955 622 1001 providere
637 955 675 990 de
698 955 891 1002 benignitate
906 954 1077 1002 apostolica
1101 955 1208 1002 digna-

456 1016 573 1039 remur.

504 1054 524 1101 ξ
547 1059 578 1089 5.
608 1053 672 1088 Nos
700 1054 805 1101 igitur,
833 1054 885 1100 qui
909 1053 1063 1089 Ordinem
1089 1053 1208 1100 praedi-

456 1111 540 1138 ctum
564 1112 593 1139 et
616 1103 700 1138 illius
724 1116 886 1150 personas,
910 1116 971 1138 non
988 1111 1149 1137 cessantes
1178 1103 1205 1136 in

457 1152 644 1188 humilitatis
675 1153 784 1200 spiritu
808 1161 838 1187 et
861 1153 1128 1200 contemplatione
1151 1165 1206 1186 su-

456 1203 598 1237 blimium
630 1202 768 1237 Domino
796 1202 952 1245 famulari,
980 1203 1009 1236 in
1035 1201 1206 1236 visceribus

455 1252 595 1298 gerimus
622 1252 807 1294 charitatis,
835 1251 1038 1286 Franciscum
1070 1251 1204 1298 priorem

454 1310 485 1335 et
505 1301 687 1336 definitores
715 1301 870 1348 praefatos
895 1313 931 1336 ac
966 1313 1075 1336 eorum
1098 1313 1207 1347 quem-

455 1350 555 1385 libeta
571 1350 734 1398 quibusvis
756 1351 1110 1393 excommunicationis,
1134 1363 1206 1385 sus-

455 1400 617 1447 pensionis
643 1409 671 1434 et
701 1400 856 1434 interdicti
897 1401 1029 1447 aliisque
1064 1399 1204 1434 ecclesia-

453 1450 540 1483 sticis
553 1449 732 1494 sententiis,
749 1450 894 1484 censuris
912 1457 941 1484 ct
960 1449 1081 1495 poenis,
1100 1461 1115 1482 a
1136 1450 1203 1483 iure

454 1498 499 1533 vel
513 1498 553 1533 ab
575 1499 714 1539 bomine,
737 1499 848 1545 quavis
859 1499 1023 1533 occasione
1046 1498 1092 1532 vel
1111 1510 1202 1533 causa

453 1547 533 1588 tatis,
546 1548 570 1582 si
586 1548 703 1595 quibus
721 1547 958 1595 quomodolibet
982 1547 1120 1582 innodati
1136 1548 1202 1582 exi-

451 1605 549 1641 stunt,
571 1598 609 1632 ad
632 1597 776 1632 effectum
802 1598 1014 1644 praesentium
1040 1597 1200 1632 dumtaxat

452 1647 741 1694 consequendum,
771 1647 879 1681 barum
904 1647 984 1682 serie
1007 1647 1204 1682 absolventes

451 1705 481 1730 et
512 1696 675 1731 absolutos
709 1696 774 1731 fore
811 1706 993 1741 censentes,
1021 1697 1201 1731 liuiusmodi

451 1745 737 1792 supplicationibus
760 1745 911 1784 inclinati,
934 1746 1018 1792 quod
1047 1759 1157 1781 omnes
1174 1755 1199 1780 et

450 1794 592 1841 singulae
621 1807 773 1842 personae
801 1795 874 1829 dicti
898 1795 1112 1830 Cartusieusis
1134 1796 1203 1830 Or-

450 1844 545 1889 dinis,
567 1845 798 1892 cuiuscumque
816 1845 944 1890 gradus,
958 1853 1056 1880 status
1079 1854 1109 1880 et
1130 1857 1203 1880 con-

450 1893 578 1929 ditionis
596 1895 640 1929 vel
656 1894 910 1941 praeeminentiae
932 1895 995 1929 sint
1009 1894 1055 1929 vel
1073 1895 1201 1930 fuerint.

451 1955 535 1978 nunc
558 1943 673 1991 inipso
695 1943 816 1978 Ordine
844 1952 873 1978 et
899 1956 955 1990 pro
978 1953 1119 1990 tempore
1135 1944 1201 1978 exi—

449 2000 581 2035 stentes,
601 2005 681 2040 quae
710 2006 765 2040 per
783 2005 817 2028 se
841 1993 891 2027 vel
914 1993 1009 2027 alium
1039 2006 1093 2028 seu
1112 1993 1200 2028 alios.

449 2042 568 2078 directe
596 2043 642 2078 vel
672 2043 836 2083 indirecte,
861 2042 984 2090 publice
1005 2042 1050 2077 vel
1079 2042 1201 2077 occulti¹

450 2096 686 2143 procuraverint
707 2096 842 2143 aliquam
864 2096 1051 2131 divisionem
1081 2097 1109 2130 in
1134 2097 1200 2144 ipso

449 2149 644 2185 Cartusiensi
665 2149 798 2194 Ordine,
818 2162 873 2185 seu
897 2151 1130 2197 exemptionem
1151 2151 1203 2185 ali-

448 2216 580 2250 quarum
604 2204 770 2239 domorum
799 2204 874 2239 dicti
902 2204 1117 2239 Cartusieusis
1140 2204 1202 2239 Or—

448 2257 532 2292 dinis
557 2266 587 2293 et
622 2258 722 2306 ipsius
749 2258 879 2293 Ordinis
908 2258 1037 2293 fratrum
1069 2270 1084 2293 a
1115 2271 1200 2294 eom—

448 2312 535 2346 muni
563 2312 741 2348 obedientia
766 2313 880 2360 prioris
895 2321 925 2347 et
951 2312 1076 2359 capituli
1103 2325 1201 2358 gene-

449 2365 523 2400 ralis
550 2366 798 2413 praedictorum,
820 2379 857 2402 eo
886 2367 953 2414 ipso
969 2366 1118 2402 omnibns
1132 2367 1203 2402 obe-

449 2420 578 2455 dientiis
599 2430 628 2456 et
654 2421 766 2457 officiis
789 2422 819 2456 in
843 2422 912 2468 ipso
935 2420 1060 2456 Cartus.
1082 2420 1202 2455 Ordine

450 2483 602 2522 perpetuo
625 2475 759 2522 privati,
786 2483 816 2510 et
838 2475 875 2511 ad
904 2475 1019 2511 similia
1048 2475 1202 2510 obedien—

449 2529 506 2563 tias
534 2537 565 2564 et
586 2529 685 2564 officia
710 2537 863 2577 perpetuo
880 2529 1034 2564 inhabiles
1056 2529 1201 2568 existant;

449 2594 484 2617 ac
507 2583 656 2618 omnibus
683 2591 713 2618 et
736 2584 870 2630 singulis
895 2584 1075 2631 privilegiis,
1104 2583 1202 2618 liber-

451 2637 587 2684 tatibus,
610 2637 879 2681 immunitatibus,
907 2637 1016 2685 gratiis
1043 2645 1072 2673 ct
1097 2637 1201 2671 indul-

1054 258 1238 280 ΒΓῌΛΠΙΓΜ
1269 257 1430 279 ΒΟΜΑΝΓΜ

2023 254 2072 282 An.
2091 255 2119 281 C.
2137 255 2202 282 ¹50ss

1255 312 1304 352 tis,
1319 311 1420 346 eidem
1437 310 1631 346 Cartusiensi
1648 309 1760 346 Ordini
1780 319 1810 346 et
1833 310 1916 346 illius
1931 322 2003 358 per-

1253 361 1339 395 sonis
1376 361 1405 394 iu
1429 372 1543 406 genere
1571 360 1616 395 vel
1641 361 1669 395 in
1693 361 1798 407 specie
1825 360 2003 408 quomodo—

1253 410 1327 444 libet
1361 410 1519 444 concessis
1542 418 1572 444 et
1593 410 1825 451 concedendis,
1858 411 1925 445 sine
1947 423 2002 458 spe

1254 459 1512 494 reliabilitationis
1539 459 1576 493 ad
1603 459 1664 499 illa,
1689 469 1841 507 perpetuo
1866 469 2002 498 careant;

1253 509 1423 555 literaeque
1446 509 1637 555 apostolicae
1665 509 1800 556 desuper
1823 510 2003 557 impetran-

1252 557 1321 597 dae,
1348 558 1480 604 gratiam
1502 558 1566 593 sive
1590 558 1739 593 iustitiam
1762 568 2001 596 concernentes,

1253 607 1370 641 nullius
1390 608 1452 641 sint
1476 608 1602 654 penitus
1625 607 1746 642 roboris
1769 609 1814 643 vel
1840 609 2002 647 momenti,

1251 656 1435 691 auctoritate
1458 657 1642 703 apostolica,
1655 665 1763 692 tenore
1788 659 2000 705 praesentium

1253 715 1405 753 perpetuo
1419 707 1588 741 statuimus
1609 715 1640 741 et
1661 705 1856 742 ordinamus.
1885 707 2003 743 Decer-

1252 764 1363 790 nentes
1398 768 1435 790 ex
1461 768 1546 790 nunc
1574 756 1696 790 irritum
1725 766 1755 790 et
1784 756 1876 791 inane
1905 758 2002 804 quic—

1251 804 1328 851 quid
1352 817 1442 840 sccus
1465 817 1563 852 super
1589 805 1638 840 liis
1665 817 1681 839 a
1703 817 1875 852 quoquam,
1890 808 2002 853 quavis

1251 855 1448 899 auctoritate,
1470 856 1606 890 scienter
1629 854 1678 890 vel
1699 854 1880 901 ignoranter
1901 856 2003 891 conti—

1251 904 1331 950 gerit
1357 905 1516 939 attentari.

1299 958 1314 996 ς
1338 956 1368 987 si.
1393 952 1440 987 Ac
1467 953 1585 988 eisdem
1616 953 1710 1001 priori
1739 962 1769 988 et
1791 954 1931 1001 capitulo
1946 968 2002 1001 ge·
2040 965 2062 1001 ei
2078 966 2202 1001 ‘praedit-n,

1251 1002 1360 1043 nerali,
1375 1002 1449 1037 dum
1475 1015 1530 1050 pro
1552 1012 1694 1050 tempore
1713 1003 1934 1049 celebrabitur,
1945 1017 2000 1039 seu
2019 1003 2082 1024 ”¹¹⁰⁸
2103 1001 2123 1017 ⁰¹
2142 1004 2202 1024 ‘⁸¹²¹'

2018 1028 2061 1047 tulo
2145 1044 2149 1047 .

1252 1051 1336 1086 illius
1363 1051 1582 1087 definitoribus
1610 1065 1665 1099 pro
1695 1061 1836 1100 tempore
1862 1029 2202 1088 εκὶειθη-(30·ΰὲᾔὶῘὲτὶ(ξέἑ

1251 1101 1347 1143 tibus,
1360 1102 1459 1148 quod,
1472 1102 1538 1148 ipso
1552 1102 1689 1148 capitulo
1704 1102 1842 1148 generali
1859 1102 2001 1142 durante,
2018 1090 2203 1146 fiili‘i's‘ss'f'iifsss'

1251 1163 1322 1185 cum
1352 1151 1518 1198 quibusvis
1542 1151 1682 1198 personis
1704 1160 1735 1186 et
1763 1151 1908 1187 fratribus
1927 1153 2000 1188 dicti
2017 1153 2201 1204 gjjjffib⁶¹mffijjj

1248 1200 1379 1235 Ordinis
1400 1200 1624 1242 Cartusieusis,
1639 1201 1733 1236 etiam
1750 1201 1776 1235 si
1801 1213 1838 1235 ex
1862 1201 1931 1236 aliis
1947 1202 2001 1237 Or·
2017 1192 2133 1239 :funditis
2196 1191 2201 1204 Ι

1248 1249 1387 1294 dinibus,
1415 1251 1507 1285 etiam
1542 1250 1807 1290 Mendieantibus‚
1830 1250 1868 1285 ad
1897 1251 1999 1299 ipsum

1249 1298 1402 1334 Ordinem
1439 1299 1676 1334 Cartusiensem
1715 1300 1940 1346 transiverint,
1975 1302 1999 1335 si

1248 1348 1325 1383 alias
1358 1349 1396 1383 ad
1431 1349 1491 1384 boc
1519 1349 1640 1384 ltabiles
1669 1350 1806 1390 fuerint,
1835 1362 1937 1397 usque
1962 1351 1999 1384 ad

1247 1410 1465 1445 quascumque
1480 1398 1554 1433 dicti
1578 1398 1709 1433 Ordinis
1732 1398 1910 1434 Cartusien.
1931 1399 1999 1434 obe-

1247 1447 1393 1490 dientias,
1421 1448 1514 1482 etiam
1537 1460 1646 1483 curam
1669 1448 1844 1483 animarum
1869 1448 1998 1484 fratrum

1246 1496 1319 1531 dicti
1348 1496 1480 1532 Ordinis
1509 1496 1633 1532 Cartus.
1664 1497 1816 1532 babentes
1850 1499 1886 1541 (si
1916 1498 1997 1533 aliud

1248 1546 1509 1593 impedimentum
1526 1547 1714 1582 canonicum
1733 1559 1795 1582 non
1809 1546 1935 1592 obstat),
1947 1560 2000 1582 as-

1245 1596 1343 1640 sumi,
1358 1604 1384 1631 et
1402 1596 1470 1631 illas
1486 1608 1647 1641 exercere,
1663 1608 1699 1631 ac
1714 1597 1817 1632 locum
1838 1606 1867 1631 et
1891 1609 1997 1633 vocem

1246 1645 1377 1680 activam
1401 1654 1430 1681 et
1459 1647 1636 1693 passivam,
1661 1655 1721 1680 tam
1746 1646 1776 1681 in
1805 1646 1889 1682 dicto
1911 1648 1998 1694 capi-

1247 1695 1312 1729 tulo
1339 1696 1490 1741 generali,
1514 1708 1607 1743 qnam
1631 1695 1780 1731 omnibus
1800 1696 1868 1731 aliis
1891 1705 2000 1732 tracta-

1246 1744 1331 1779 tibus
1354 1753 1383 1779 et
1408 1746 1541 1791 negotiis
1559 1747 1588 1780 in
1605 1746 1672 1792 ipso
1688 1745 1809 1780 Ordine
1825 1746 1999 1794 expedien-

1246 1794 1307 1838 dis,
1331 1807 1401 1829 cum
1431 1795 1498 1829 aliis
1534 1795 1681 1830 fratribus
1707 1795 1849 1830 eiusdem
1877 1795 1999 1831 Cartu—

1246 1843 1360 1878 sieusis
1383 1844 1514 1878 Ordinis
1537 1844 1652 1879 babere
1683 1845 1804 1892 possint
1826 1854 1856 1880 et
1879 1845 1996 1880 valeant

1246 1893 1466 1939 dispensandi,
1496 1894 1604 1928 eadem
1623 1894 1818 1935 auctoritate,
1843 1894 1997 1930 licentiam

1245 1950 1276 1976 et
1299 1942 1478 1977 facultatem
1507 1943 1713 1978 concedimus
1734 1956 1788 1990 per
1806 1952 1998 1990 praesentes.

1294 1992 1368 2035 ξ5.
1391 1992 1460 2026 Nou
1490 1992 1691 2027 obstantibus
1725 1992 1822 2028 felicis
1851 1993 2000 2028 recorda-
2036 2001 2124 2036 verosa}
2149 2000 2199 2021 ⁶¹0-

1246 2041 1339 2075 tionis
1362 2040 1536 2076 Clementis
1557 2042 1659 2089 Papae
1674 2043 1788 2089 quinti,
1812 2043 2000 2089 praedeces-
2014 2031 2198 2088 BssfiffifffifJJJJ

1245 2095 1324 2129 soris
1348 2096 1457 2136 nostri,
1480 2108 1577 2143 super
1595 2096 1654 2131 boc
1682 2097 1713 2131 in
1741 2096 1875 2132 concilio
1902 2096 1999 2132 Vien—
2014 2094 2198 2145 ζζῗξξζῗζζξυξζξζζ

1245 2149 1334 2182 nensi
1363 2149 1444 2184 edita
1460 2177 1469 2194 ,
1492 2162 1572 2196 quae
1601 2150 1711 2197 incipit
1741 2152 1776 2184 Ut
1797 2152 1998 2196 professores.

1244 2210 1274 2237 et
1296 2203 1365 2237 aliis
1388 2204 1570 2250 apostolicis
1591 2204 1874 2239 constitutionibus
1892 2232 1899 2244 ,
1924 2217 1999 2239 ner-

1246 2269 1306 2292 non
1335 2257 1586 2293 Cartusieusium
1615 2267 1645 2293 et
1676 2258 1808 2294 aliorum
1838 2258 1997 2293 Ordinum

1246 2311 1476 2358 praedictorum
1521 2313 1713 2357 iuramento,
1760 2312 1998 2348 confirmatione

1245 2365 1416 2412 apostolica
1434 2366 1478 2401 vel
1495 2367 1604 2414 quavis
1627 2367 1772 2402 firmitate
1795 2367 1853 2401 alia
1873 2366 1995 2402 robora-

1246 2421 1282 2455 tis
1296 2421 1420 2456 statutis
1434 2430 1464 2456 et
1487 2422 1785 2467 consuetudinibus,
1806 2434 1842 2457 ac
1862 2421 1922 2456 illis
1938 2423 1997 2457 suli

1244 2474 1500 2522 quibuscumque
1529 2476 1693 2511 tenoribus
1715 2476 1878 2511 concessis
1901 2476 1996 2523 privi-

1244 2529 1347 2575 legiis,
1375 2528 1598 2576 indulgentiis,
1629 2529 1758 2565 indultis
1784 2542 1820 2564 ae
1843 2530 1941 2564 literis
1960 2543 1994 2564 a·

1245 2583 1433 2629 postolicis,
1462 2583 1606 2630 quibus,
1639 2591 1796 2630 qnatenus
1831 2584 1861 2618 in
1889 2583 1994 2630 aliquo

1246 2636 1426 2683 praemissis
1454 2637 1598 2679 obstent,
1624 2637 1683 2672 illis
1704 2637 1780 2672 alias
1804 2637 1832 2671 in
1858 2649 1914 2672 suo
1938 2649 1995 2673 ro—
