2281 3251
247 262 294 288 An.
317 261 345 288 C.
362 260 426 287 ¹075

491 249 562 282 240

444 317 512 351 sitis
541 315 717 359 interdicto,
747 314 850 350 divina
875 314 974 349 officia
997 313 1194 349 celebrantes

445 366 491 401 vel
515 365 724 412 suscipientes
746 364 889 399 ordinem
912 364 957 398 sic
973 363 1071 410 ligati,
1089 372 1192 398 notam

446 415 683 463 irregularitatis
704 415 850 450 similiter
874 414 1091 448 incurrissent:
1112 422 1141 447 et
1165 413 1192 447 in

445 465 593 501 omnibus
607 465 674 500 aliis
691 464 815 500 casibus
829 464 921 499 etiarn
932 472 960 498 et
973 474 1066 498 causa
1082 463 1194 498 cuius—

445 527 583 563 cumque
609 515 779 554 simoniae,
805 514 1076 562 qualitercumque
1099 524 1195 559 gene—

447 566 551 601 raliter
586 565 632 600 vel
669 564 848 612 specialiter
882 562 957 598 Sedi
995 561 1195 610 Apostolicae

448 615 613 651 reservatis
640 614 793 661 (exceptis
826 613 989 648 dumtaxat
1016 612 1196 647 haeretico-

448 678 534 705 rum,
558 664 765 712 relapsorum,
793 662 1080 702 schismaticorum,
1108 661 1196 696 defe-

450 715 584 750 rentium
615 713 771 761 prohibita
794 712 831 747 ad
856 711 1000 747 infideles
1028 720 1056 746 et
1094 712 1198 746 literas

448 763 637 813 apostolicas
652 762 897 807 falsificantium,
914 774 994 806 quos
1016 762 1146 796 omnino
1160 763 1196 796 ad

447 813 590 850 eamdem
615 812 729 848 Sedem
747 813 860 846 remitti
877 811 1045 855 volumus),
1068 811 1199 846 absolu-

449 864 542 899 tionis
569 871 598 898 et
620 862 867 909 dispensationis
891 861 1091 905 beneficium,
1115 862 1197 896 iuxta

448 926 578 950 casuum
590 912 778 959 exigentiam
791 911 911 947 valeant
922 911 1088 959 impartiri.
1099 911 1199 946 Cano-

449 965 510 999 nici
525 975 597 999 vero
624 972 653 997 et
680 961 752 1007 alii,
768 973 848 1010 quos
871 974 927 1010 pro
945 969 1083 1009 tempore
1099 969 1200 996 rector

449 1013 616 1061 generalis,
644 1012 819 1047 visitatores
845 1020 875 1047 et
900 1011 1020 1058 priores
1038 1011 1199 1059 praedicti,

450 1065 480 1098 in
497 1063 642 1112 proprios
655 1061 823 1097 habuerint
846 1061 1059 1100 confessores,
1081 1061 1198 1096 eisdem

451 1114 574 1154 rectori,
599 1111 812 1147 visitatoribus
838 1119 867 1146 et
896 1111 1053 1158 prioribus
1075 1110 1201 1146 absolu-

451 1163 544 1199 tionis
571 1170 601 1198 et
630 1161 877 1210 dispensationis
899 1161 1080 1196 huiusmodi
1111 1161 1203 1196 bene-

452 1213 557 1248 ficium
592 1212 684 1248 etiam
721 1210 896 1247 concedere
928 1212 1058 1258 possint.
1091 1210 1130 1245 Et
1170 1218 1201 1245 ut

451 1262 613 1298 canonicis
634 1261 735 1298 dictae
763 1261 1016 1307 congregationis
1030 1261 1133 1295 omnis
1152 1272 1203 1294 va-

451 1312 543 1360 gandi
559 1312 716 1347 adimatur
727 1312 862 1351 occasio,
871 1320 901 1346 et
913 1323 952 1346 ne
968 1311 1024 1357 ipsi
1035 1310 1071 1346 ad
1085 1309 1202 1345 Sedem

452 1362 644 1410 praedictam
681 1360 824 1397 veniendi
854 1372 908 1395 seu
945 1359 1126 1396 recurrendi
1149 1372 1203 1394 su-

455 1424 540 1448 mere
569 1411 688 1457 valeant
725 1411 948 1448 occasionem,
983 1409 1205 1446 definitoribus

453 1462 580 1510 capituli
604 1461 761 1508 generalis
787 1461 947 1496 dumtaxat
970 1459 1111 1496 eiusdem
1147 1458 1204 1494 Or-

452 1516 554 1558 dinis,
581 1528 654 1551 cum
677 1515 840 1564 quibusvis
869 1515 1012 1563 personis
1047 1514 1203 1550 defectum

454 1570 603 1606 natalium
624 1583 660 1606 ex
673 1570 826 1606 adulterio
852 1570 1032 1605 incestuoso
1047 1578 1076 1605 et
1096 1569 1207 1617 quovis

453 1625 512 1661 alio
529 1625 648 1661 nefario
672 1633 701 1660 et
724 1625 832 1661 illicito
860 1625 942 1660 coitu
973 1625 1205 1672 provenientem

455 1680 656 1728 patientibus;
671 1692 795 1715 necnon
811 1680 922 1715 rectori
938 1688 967 1715 et
983 1678 1206 1721 visitatoribus,

455 1748 526 1771 cnm
544 1735 581 1770 iis
596 1735 649 1782 qui
665 1747 701 1769 ex
725 1735 835 1781 quavis
857 1746 950 1769 causa
974 1737 1206 1781 (praeterquam

457 1789 618 1826 homicidii
643 1789 826 1830 voluntarii,
851 1788 1019 1835 bigamiae,
1034 1787 1208 1822 mutilatio-

457 1845 505 1880 nis
533 1843 748 1879 membrorum
777 1844 964 1890 irregulares
981 1842 1103 1886 forent),
1121 1849 1209 1889 post-

457 1910 551 1947 quam
580 1898 856 1945 congregationem
888 1897 988 1945 ipsam
1018 1896 1150 1943 ingressi
1180 1905 1207 1930 et

458 1953 542 1988 illam
577 1964 725 2000 expresse
753 1951 884 1999 professi
913 1950 1040 1995 fuerint,
1058 1959 1210 1998 perpetuo

457 2007 663 2055 dispensandi
682 2006 863 2047 u1‚det'ectu
880 2013 911 2042 et
930 2005 1211 2052 irregularitatibus

458 2062 640 2099 huiusmodi
658 2074 719 2097 non
731 2060 940 2101 obstantibus,
951 2059 989 2095 ad
1004 2072 1210 2108 quoscumq,

458 2118 550 2153 etiam
596 2129 701 2153 sacros
729 2125 759 2152 et
791 2115 1042 2164 presbyteratus,
1085 2114 1211 2149 ordines

462 2172 650 2221 promoveri,
673 2179 704 2206 et
725 2172 755 2206 in
774 2171 834 2206 illis
849 2171 942 2206 etiam
967 2169 996 2204 in
1020 2169 1125 2205 altaris
1153 2170 1213 2204 mi—

461 2227 590 2263 nisterio
613 2226 788 2261 ministrare
810 2233 841 2260 et
863 2224 900 2260 ad
923 2236 1141 2273 quaecumque
1165 2223 1213 2258 os-

466 2282 546 2323 ficia,
558 2280 848 2317 administrationes
872 2291 927 2314 seu
940 2278 1106 2325 dignitates
1121 2290 1212 2326 prae-

461 2337 561 2372 dictae
589 2335 842 2383 congregationis
864 2342 917 2370 aut
949 2333 1033 2368 illius
1054 2333 1214 2368 Ecclesia-

463 2404 553 2436 rum,
587 2390 851 2425 monasteriorum
880 2396 908 2424 et
945 2388 1085 2423 locorum
1119 2388 1212 2434 recipi

465 2455 493 2481 et
513 2445 645 2485 assumi,
661 2444 743 2492 illaq.
763 2456 870 2491 gerere
895 2451 925 2479 et
945 2455 1091 2479 exercere
1119 2442 1214 2477 libere

463 2510 491 2535 et
520 2500 603 2536 licite
636 2507 665 2534 et
692 2498 811 2546 absque
845 2498 1081 2547 dispensatione
1115 2496 1216 2532 dictae

463 2555 567 2597 Sedis,
576 2555 702 2603 quoties
710 2566 791 2602 opus
803 2553 907 2599 fuerit,
916 2554 1048 2595 valeant,
1057 2552 1215 2587 licentiam

466 2620 495 2646 et
512 2610 691 2646 facultatem
715 2609 862 2645 similiter
889 2607 1094 2644 concedimus
1121 2615 1150 2642 et
1167 2607 1215 2641 in-

465 2664 646 2713 dulgemus.

1048 258 1145 280 urna
1152 258 1232 280 RH'M
1262 259 1328 281 ROB
1335 259 1421 280 ANt'n

1284 318 1298 357 ,Ε
1325 317 1383 349 24.
1419 314 1546 349 Necnon
1577 323 1610 349 ut
1643 314 1700 362 ipsi
1725 315 1885 359 canonici,
1912 315 1988 350 alias

1236 372 1339 399 tamen
1366 364 1489 403 idonei,
1523 377 1577 411 per
1610 364 1788 412 superiores
1810 377 1987 412 congrega-

1236 414 1328 449 tionis
1348 414 1533 461 praedictae,
1553 427 1587 450 ac
1610 414 1750 450 locorum
1773 427 1902 450 suorum
1930 428 1985 462 pro

1236 473 1376 511 tempore
1399 463 1569 511 deputandi
1589 463 1627 499 ad
1643 464 1857 500 confessiones
1878 465 1984 499 omni-

1236 526 1289 548 um
1312 521 1341 548 et
1364 514 1560 560 singulorum
1579 513 1742 561 utriusque
1765 526 1872 558 sexus,
1888 514 1984 549 libere

1236 572 1266 598 et
1293 563 1387 607 licite,
1417 572 1477 598 tam
1507 564 1536 597 in
1557 563 1633 598 locis
1657 564 1796 611 ipsorum
1814 564 1986 599 canonico-

1238 625 1306 647 rum
1329 625 1422 660 quam
1441 620 1537 651 extra,
1561 612 1680 649 audire.
1708 626 1744 649 ac
1762 613 1987 649 confitentibus

1239 662 1417 697 huiusmodi
1455 674 1510 709 pro
1547 663 1725 698 commissis
1763 663 1986 710 poenitentiam

1240 712 1359 758 possint
1375 712 1538 758 iniungere
1551 712 1898 756 salutarem,eteisdem
1912 724 1989 748 con-

1240 761 1398 797 fitentibus
1428 761 1644 797 Eucharistiae
1671 770 1902 797 sacramentum
1923 790 1931 805 ,
1959 763 1987 796 in

1239 811 1379 847 ecclcsiis
1407 811 1562 859 praefatae
1598 812 1865 858 congregationis,
1893 811 1989 848 libert¹

1239 871 1267 897 et
1291 862 1374 897 licite
1393 861 1539 896 similiter
1554 861 1730 898 ministrare
1748 861 1882 909 possint,
1898 874 1992 910 prae-

1240 920 1381 959 terquam
1417 912 1445 945 in
1480 911 1557 946 sesto
1584 911 1838 947 Resurrectionis
1864 911 1991 947 Domini

1242 963 1338 997 nostri
1367 961 1437 996 lesu
1461 960 1592 996 Christi.

1289 1013 1377 1055 525.
1393 1011 1432 1046 Et
1447 1023 1533 1049 cum,
1549 1011 1629 1046 sicut
1645 1011 1839 1059 accepimus,
1858 1023 1993 1058 congre-

1241 1062 1340 1107 gratio
1364 1062 1429 1109 ipsa
1453 1061 1483 1096 in
1507 1060 1608 1095 insula
1630 1061 1830 1102 Tremitana,
1858 1061 1888 1096 in
1912 1063 1990 1097 mari

1242 1111 1416 1152 Adriatico,
1440 1111 1469 1145 in
1494 1111 1635 1158 partibus
1661 1111 1780 1152 Italiae,
1805 1123 1900 1158 prope
1918 1123 1994 1158 pro-

1243 1161 1376 1196 vinciam
1404 1160 1538 1208 Apuliae
1566 1163 1759 1197 consistente
1786 1169 1816 1196 et
1854 1161 1949 1208 longe
1979 1174 1993 1196 a

1244 1218 1323 1246 terra
1352 1210 1508 1251 distante,
1542 1211 1665 1257 insigne
1692 1210 1803 1246 habeat
1833 1219 1994 1246 monaste-

1244 1261 1338 1305 rium,
1365 1260 1403 1295 ad
1425 1260 1507 1308 quod
1527 1261 1654 1307 saepius
1677 1260 1824 1295 maritimi
1848 1268 1879 1294 et
1901 1261 1994 1295 navi-

1244 1319 1365 1357 gantes,
1391 1319 1422 1344 ut
1445 1310 1521 1345 inibi
1551 1320 1672 1357 portum
1702 1310 1867 1358 recipiant,
1895 1310 1997 1345 decli-

1245 1368 1371 1401 nant,ct
1387 1360 1469 1394 nulla
1494 1360 1522 1394 in
1547 1360 1626 1395 dicta
1644 1360 1743 1395 insula
1758 1359 1868 1395 existat
1889 1360 1997 1395 eccle-

1245 1410 1300 1454 sia,
1330 1419 1451 1457 praeter
1479 1409 1577 1456 ipsius
1606 1410 1787 1445 monasterii
1819 1409 1995 1445 ecclesiam.

1245 1460 1291 1495 Ne
1307 1459 1502 1495 declinantes
1518 1460 1698 1495 huiusmodi
1715 1459 1938 1495 ecclesiasticis
1951 1472 1998 1494 ca-

1247 1517 1333 1545 reant
1353 1510 1573 1549 sacramentis,
1599 1509 1833 1556 congregationi
1863 1517 1893 1544 et
1907 1521 1997 1545 cano·

1248 1560 1327 1595 uicis
1355 1559 1525 1608 praedictis
1551 1560 1664 1606 pariter
1686 1558 1893 1595 concedimus
1923 1559 2000 1607 ipsis

1247 1610 1477 1645 declinantibus
1502 1621 1538 1645 ac
1553 1609 1772 1653 servitoribus,
1786 1621 1866 1656 quos
1881 1608 1918 1644 ad
1933 1621 2001 1644 ser-

1247 1661 1357 1695 vitium
1382 1659 1561 1694 monasterii
1587 1660 1732 1705 retinent,
1755 1659 1892 1705 possint,
1907 1659 1999 1694 etiam

1249 1711 1278 1745 in
1310 1710 1388 1745 festo
1423 1710 1696 1754 Resurrectionis,
1732 1709 1949 1744 Eucharistiae
1971 1717 2000 1744 et

1249 1760 1353 1796 omnia
1371 1760 1428 1794 alia
1449 1759 1661 1795 ecclesiastica
1684 1766 1879 1795 sacramenta
1902 1758 2002 1794 mini-

1249 1819 1359 1846 strare.
1387 1809 1517 1845 Necnon
1533 1821 1605 1845 cum
1631 1809 1745 1857 pyratis
1766 1817 1795 1844 et
1819 1808 1933 1843 ceteris
1953 1820 2000 1844 ex-

1251 1859 1495 1895 communicatis
1518 1859 1697 1894 humaniter
1731 1858 1935 1899 conversari,
1968 1870 2003 1893 ac

1251 1910 1370 1945 eisdem
1395 1910 1424 1943 in
1448 1909 1531 1944 dicto
1558 1909 1628 1944 loco
1652 1909 1732 1944 vitae
1756 1908 1932 1943 necessaria
1948 1920 2003 1943 ex-

1252 1960 1375 2000 hibere,
1395 1971 1467 1994 cum
1497 1958 1623 1994 difficile
1650 1958 1823 1994 admodum
1846 1957 1926 1993 foret
1950 1970 2001 1993 ca-

1252 2015 1376 2051 nonicis
1403 2023 1432 2049 et
1455 2015 1597 2062 personis
1619 2013 1759 2049 eiusdem
1783 2013 1856 2054 loci,
1880 2021 2003 2061 pyratas

1255 2069 1436 2106 huiusmodi
1454 2069 1582 2114 evitare,
1611 2077 1740 2116 propter
1753 2080 1862 2103 eorum
1878 2068 2005 2115 saepius

1253 2133 1281 2160 et
1310 2124 1465 2159 dictorum
1486 2123 1712 2159 canonicorum
1737 2134 1791 2170 per
1817 2121 1884 2156 illas
1902 2129 2006 2169 partes

1255 2178 1434 2218 transitum,
1458 2190 1528 2213 cum
1558 2178 1647 2213 facile
1673 2176 1842 2212 admodum
1871 2175 2006 2211 invicem

1254 2245 1348 2280 saepe
1371 2232 1535 2267 casualiter
1561 2231 1768 2275 conveniant,
1801 2238 1832 2265 et
1860 2230 1918 2265 nisi
1948 2229 2006 2277 ipsi

1254 2288 1395 2323 canonici
1412 2300 1483 2323 cum
1498 2287 1589 2322 dictis
1603 2285 1717 2334 pyratis
1732 2285 1912 2320 humaniter
1926 2296 2008 2330 age-

1255 2351 1334 2383 rent,
1358 2342 1396 2377 ab
1423 2343 1467 2378 eis
1496 2341 1708 2389 multipliciter
1729 2339 1844 2375 offendi
1868 2347 2006 2387 possent.

1256 2397 1429 2432 dummodo
1456 2396 1529 2431 dicti
1558 2395 1699 2431 canonici
1730 2406 1792 2429 non
1820 2393 2006 2442 participent

1256 2465 1327 2488 cum
1356 2451 1446 2486 dictis
1470 2450 1587 2499 pyratis
1622 2457 1674 2484 aut
1695 2449 1764 2484 aliis
1785 2447 2004 2484 excommuni-

1257 2507 1335 2542 catis
1356 2506 1388 2541 in
1403 2505 1546 2550 crimine,
1569 2511 1696 2552 propter
1711 2503 1794 2552 quod
1817 2515 2005 2538 excommu-

1258 2561 1426 2597 nicationis
1441 2559 1626 2595 sententiam
1652 2559 1858 2594 incurrerent.

1295 2633 1334 2669 (l)
1350 2632 1467 2668 Intellige
1480 2631 1588 2668 praevia
1600 2629 1797 2658 ordinariorum
1807 2627 2008 2666 approbatione,

1260 2678 1289 2700 ut
1305 2673 1369 2701 infra
1390 2673 1415 2700 in
1433 2673 1468 2700 Pii
1490 2672 1511 2699 V
1531 2671 1655 2705 constit„
1676 2671 1797 2698 nomam.

2004 260 2052 286 An.
2075 260 2104 287 C.
2119 258 2185 286 11176

2008 326 2107 347 canonici
2119 326 2142 346 ad
2150 332 2183 347 au-

2002 359 2088 378 din-das
2099 357 2185 378 contos—

2001 395 2071 410 stou&
2082 394 2118 415 per
2129 394 2183 409 0011·

2000 426 2056 446 ῼΓο,-
2085 425 2183 446 superin-

2001 458 2034 472 [οε
2050 453 2119 477 doput.
2146 450 2164 470 ·t

2023 1020 2117 1041 facultas
2139 1025 2194 1040 con—

2009 1051 2106 1072 versandi
2144 1055 2190 1071 rum

2010 1084 2091 1108 piratis,
2108 1085 2149 1101 etc.
2185 1087 2198 1093 ⁸
