2281 3251
95 304 145 331 An.
163 303 192 331 C.
211 304 278 331 141ιὸ

102 999 160 1021 Dubii
171 1002 231 1027 primi
238 1001 276 1022 de-

92 1031 187 1052 clamito.

933 298 1092 322 EUGENIUS
1114 299 1147 321 lv
1170 298 1217 321 1¹1².

292 365 322 392 et
343 368 382 391 an
407 354 505 401 quod,
520 354 558 389 de
581 367 642 389 non
662 353 845 389 amovendis
872 361 925 388 aut
948 361 1043 388 trans·

293 404 430 442 ferendis
452 404 598 439 fratribus
625 417 680 450 per
708 404 886 450 generalem
907 404 1042 450 priorem

293 455 391 503 ipsius
412 453 556 495 Ordinis,
578 454 608 488 in
633 453 798 500 praedictis
814 454 929 488 uostris
946 453 1042 486 literis

292 504 482 543 statuimus,
505 504 542 538 ad
571 503 654 538 illius
686 503 833 548 generale
869 502 1041 549 capitulum

292 553 507 593 extendatur,
546 552 713 599 dictusque
753 553 910 598 generalis
947 552 1042 598 prior,

293 603 361 637 loco
384 614 501 649 poenae
523 614 578 636 seu
604 602 830 649 poenitentiae,
845 602 980 648 aliquem
1004 613 1041 635 ex

292 652 439 687 fratribus
466 651 646 685 huiusmodi
670 651 826 685 societatis
848 663 863 685 a
886 651 967 685 dicta
990 663 1042 684 so-

291 702 402 736 cietate
429 700 466 734 ad
503 708 628 748 tempus
663 712 824 735 removere
848 700 957 743 valeat,
987 712 1042 746 pro

293 760 379 798 parte
402 751 542 798 priorum
571 758 600 784 et
620 750 749 785 fratrum
770 750 929 784 societatis
953 761 1042 796 prae-

291 801 458 843 dictorum,
483 799 573 834 nobis
601 799 659 833 fuit
695 799 855 833 humiliter
881 799 1042 845 supplica-

292 858 371 893 tum,
400 858 433 884 ut
454 861 549 896 super
588 849 637 883 his
664 857 842 895 opportune
878 847 1040 895 providere

291 899 329 934 de
357 899 552 944 benignitate
578 899 750 945 apostolica
772 898 986 944 dignaremur.

340 949 360 996 g
382 950 415 982 2.
435 948 499 982 Nos
521 948 626 994 igitur,
650 948 687 982 ad
711 960 821 981 omnes
839 948 868 980 in
893 947 1041 993 praemis-

291 999 335 1033 sis
348 999 570 1044 ambiguitates
583 1006 612 1032 et
627 997 759 1030 dubium
774 996 1041 1041 sulmiovendum,

291 1056 322 1083 et
350 1056 382 1082 ut
405 1048 526 1095 priores
554 1056 583 1082 et
620 1046 729 1080 fratres
764 1046 922 1080 societatis
950 1057 1041 1091 prae-

292 1097 405 1140 dictae,
431 1097 498 1143 qui,
527 1104 558 1131 nt
585 1096 769 1142 accepimus
786 1123 793 1135 ,
821 1094 881 1128 sub
905 1095 1038 1140 regulari

293 1147 393 1194 ipsius
403 1145 533 1180 Ordinis
555 1144 751 1180 observantia
772 1144 922 1184 viventes,
936 1144 974 1177 de
990 1144 1040 1177 (lie

292 1197 323 1230 in
351 1195 433 1230 diem
463 1195 613 1228 virtutum
651 1193 770 1228 meritis
803 1205 837 1227 ac
872 1193 1041 1227 fructuosis

290 1243 442 1290 operibus
470 1243 669 1289 multiplicari
699 1249 892 1281 noscuntur,
916 1242 1039 1276 liberari

290 1305 306 1327 a
334 1293 447 1336 noxiis,
469 1304 524 1326 sua
551 1292 714 1326 Altissimo
738 1299 807 1326 vota
835 1291 978 1332 reddere,
1006 1304 1041 1326 ac

291 1354 496 1388 personarum
522 1354 654 1376 numero
673 1341 797 1376 facilius
818 1342 1039 1387 augumentari

291 1391 430 1431 valeant,
470 1391 635 1438 providere
668 1390 819 1429 volentes,
858 1391 1040 1426 liuiusmodi

290 1440 577 1488 supplicationibus
611 1440 765 1484 inclinati,
803 1453 857 1487 per
889 1440 1039 1475 vicarium

290 1490 390 1525 dictae
413 1491 573 1525 societatis
596 1503 651 1537 pro
673 1497 815 1536 tempore
837 1490 1038 1528 existentem,

290 1553 363 1575 cum
381 1540 597 1575 visitatoribus
610 1539 773 1586 praefatis,
792 1540 940 1586 quotiens
956 1540 1042 1586 ipsos

291 1590 321 1625 in
349 1590 418 1625 loco
442 1591 472 1624 in
495 1602 558 1637 quo
587 1589 765 1636 praedictus
795 1590 930 1623 vicarius
952 1601 1042 1624 com-

291 1639 465 1674 morabitur
491 1640 602 1674 adesse
624 1638 801 1685 contigerit,
823 1638 961 1685 alioquin
987 1651 1042 1686 per

290 1701 324 1724 se
340 1689 458 1736 ipsum,
483 1701 580 1736 super
604 1688 805 1735 poenitentiis
828 1700 865 1722 ex
893 1701 1040 1734 quacum-

290 1751 351 1786 que
373 1751 485 1782 causa,
508 1739 600 1773 etiam
641 1747 768 1785 propter
809 1750 967 1772 recessum
1003 1738 1042 1772 ab

291 1789 356 1835 ipsa
378 1788 549 1827 societate,
577 1788 624 1821 vel
654 1788 711 1822 alia
739 1787 879 1833 graviora
909 1787 1041 1822 crimina

289 1845 320 1872 et
342 1850 502 1878 excessus,
525 1837 671 1872 fratribus
686 1837 844 1871 societatis
861 1837 1041 1871 huiusmodi

291 1887 446 1933 impositis
473 1888 520 1922 vel
549 1886 761 1934 imponendis,
785 1886 815 1920 in
839 1894 903 1921 toto
931 1886 977 1920 vel
1011 1887 1040 1920 in

292 1945 391 1984 parte,
406 1949 441 1972 ae
456 1937 668 1971 concedendis
685 1936 774 1971 libris
795 1943 882 1970 extra
900 1935 1040 1982 ipsorum

291 1994 467 2022 conventus
488 1998 544 2021 seu
580 1986 705 2026 domos,
733 1986 819 2020 iuxta
853 1985 983 2020 modum
1013 1994 1042 2021 et

292 2035 424 2071 formam
452 2037 612 2070 literarum
635 2048 691 2070 seu
719 2035 961 2070 concessionum
988 2048 1042 2082 per

291 2085 441 2121 dilectum
466 2085 563 2119 filium
588 2086 772 2132 magistrum
808 2084 985 2119 Gerardum
1003 2085 1042 2120 de

291 2135 455 2176 Arimino,
485 2143 560 2169 tunc
592 2134 770 2180 generalem
800 2134 937 2181 priorem
967 2134 1041 2170 dicti

290 2188 440 2230 Ordinis,
463 2188 611 2223 fratribus
647 2188 827 2235 praedictae
853 2188 1012 2223 societatis
1033 2216 1042 2232 ,

290 2243 382 2278 etiam
394 2243 454 2278 sub
468 2242 807 2278 excommunicationis
821 2254 932 2290 poena,
946 2255 1041 2290 quam

290 2308 383 2333 secus
395 2296 545 2333 facientes
557 2310 594 2332 eo
611 2298 679 2344 ipso
695 2297 869 2334 incurrent,
880 2308 1043 2341 concessa,

291 2352 451 2386 dumtaxat
478 2359 510 2386 et
537 2363 599 2386 non
627 2351 715 2390 alias,
742 2358 795 2385 aut
817 2350 886 2384 aliis
905 2350 1043 2395 casibus,

291 2405 484 2452 dispensare.

341 2459 361 2507 S
388 2462 420 2494 ὅ.
449 2459 488 2494 Et
509 2472 583 2504 una,
605 2459 686 2494 duae
711 2459 758 2494 vel
779 2458 883 2506 plures
905 2466 934 2493 et
952 2471 1045 2505 quae-

108 2521 166 2543 Dubii
191 2520 279 2542 secun‘ss
293 2513 368 2549 libet
379 2514 543 2549 societates
558 2514 686 2549 fratrum
707 2513 781 2548 dicti
798 2512 942 2553 Ordinis,
959 2525 1045 2559 prae-

95 2552 217 2574 declaratio.

294 2568 396 2603 dictae
418 2569 576 2603 societatis
593 2568 748 2616 generalis
773 2567 884 2614 prioris
921 2578 1044 2601 necnon

294 2621 450 2669 generalis
473 2622 600 2670 capituli
617 2622 759 2657 eiusdem
782 2620 914 2656 Ordinis
936 2628 966 2655 et
993 2632 1047 2655 eu-

294 2676 422 2712 iuslibet
448 2676 576 2712 alterius
601 2676 725 2712 lieentia
753 2687 850 2723 super
871 2674 921 2709 his
943 2674 1046 2709 nulla-

1742 287 1759 318 7
1766 287 1786 319 5

1087 360 1179 387 tenus
1204 352 1373 399 requisita,
1402 358 1432 386 et
1454 351 1709 398 quibuscumque
1744 364 1834 385 mau-

1086 403 1158 438 dato
1180 415 1216 437 ae
1244 400 1456 449 prohibitione
1480 414 1535 448 per
1557 401 1735 447 generalem
1757 402 1835 447 prio-

1087 464 1150 486 rem
1181 460 1210 486 et
1238 451 1383 498 generale
1418 451 1592 496 capitulum
1630 449 1834 489 huiusmodi,

1085 510 1137 536 aut
1151 502 1276 535 illorum
1291 501 1424 534 alterum
1440 500 1468 533 in
1483 500 1674 534 contrarium
1689 512 1745 546 pro
1761 508 1836 532 tem-

1087 563 1159 596 pore
1184 551 1272 585 faetis
1295 562 1494 596 nequaquam
1518 548 1719 583 obstantibus
1735 576 1742 588 ,
1776 550 1835 582 sul)

1086 601 1187 634 modis
1209 608 1239 634 et
1267 600 1385 643 toi-inis,
1409 610 1532 632 necnon
1557 599 1657 644 pactis
1695 607 1724 632 et
1759 611 1836 632 con-

1086 649 1309 688 ventionibus,
1338 649 1376 682 de
1412 648 1528 694 quibus
1560 647 1587 681 ei
1613 646 1778 690 videbitur,
1802 660 1836 681 se

1085 699 1176 733 unire
1199 706 1225 732 et
1255 709 1436 745 aggregare,
1466 697 1614 744 ipsosque
1645 697 1779 743 priorem
1807 705 1834 730 et

1084 748 1242 782 societatis
1271 747 1452 781 huiusmodi
1488 746 1521 781 S.
1545 746 1674 781 Antonii
1702 754 1731 780 et
1759 745 1836 780 San-

1084 805 1151 830 ctae
1193 797 1308 831 Mariae
1349 796 1460 830 domos
1499 795 1672 842 praedictas
1692 823 1699 835 ,
1741 796 1834 830 etiam

1084 846 1201 892 alisque
1225 846 1379 880 dictorum
1398 845 1510 891 prioris
1527 854 1556 879 et
1572 845 1713 891 capituli,
1727 845 1837 879 cuius-

1084 907 1219 941 cumque
1241 895 1370 929 alterius
1393 895 1526 933 lieentia,
1554 894 1726 929 dimittere.

1132 944 1152 991 g
1175 947 1206 977 4.
1235 945 1364 978 Necnon
1391 945 1474 990 prior
1498 956 1552 989 pro
1582 952 1736 990 tempore,
1762 956 1834 978 eum

1084 994 1220 1039 generali
1235 994 1370 1039 capitulo
1386 993 1459 1027 dicti
1476 993 1617 1033 Ordinis,
1631 1002 1680 1027 aut
1697 994 1835 1039 ipsorum

1083 1043 1215 1088 quilibet
1238 1043 1277 1077 de
1301 1056 1353 1089 per
1376 1056 1420 1085 se,
1440 1052 1605 1089 antequam
1623 1045 1667 1086 (t)
1684 1055 1719 1077 ex
1740 1043 1838 1077 fratri-

1085 1092 1143 1126 bus
1158 1093 1258 1127 dictae
1280 1093 1450 1132 societatis,
1466 1093 1504 1125 ab
1528 1093 1593 1138 ipsa
1617 1093 1767 1126 societate
1787 1104 1838 1126 re-

1084 1154 1221 1182 movere,
1249 1150 1301 1175 aut
1324 1142 1460 1188 aliquem
1478 1154 1514 1176 ex
1531 1141 1678 1175 fratribus
1693 1141 1836 1175 eiusdem

1083 1190 1468 1238 Ordinis,cuiuscumque
1489 1190 1604 1236 gradus
1620 1190 1665 1225 vel
1686 1191 1839 1225 conditio-

1085 1240 1133 1274 nis
1173 1241 1309 1284 existat,
1352 1240 1391 1275 ad
1429 1240 1619 1287 praedictam
1653 1241 1836 1274 societatem

1084 1289 1130 1323 vel
1165 1289 1301 1337 aliquam
1344 1290 1442 1336 ipsius
1488 1289 1616 1323 domum
1659 1289 1838 1333 transferre,

1083 1338 1203 1386 absque
1227 1339 1332 1374 vicarii
1370 1351 1424 1385 pro
1455 1347 1596 1385 tempore
1643 1347 1672 1373 et
1712 1339 1839 1373 maioris

1085 1390 1182 1434 partis
1204 1388 1333 1423 fratrum
1364 1388 1522 1423 societatis
1548 1388 1734 1423 eorumdem
1758 1401 1838 1422 cou-

1084 1449 1192 1477 sensu,
1215 1439 1326 1485 quavis
1349 1438 1440 1472 etiam
1471 1437 1646 1471 rationabili
1671 1450 1775 1472 eausa.
1800 1438 1839 1472 Et

1085 1487 1152 1533 ipse
1175 1488 1331 1533 generalis
1359 1488 1444 1533 prior
1478 1500 1533 1533 pro
1557 1495 1710 1533 tempore,
1744 1487 1836 1522 etiam

1084 1549 1240 1571 consensu
1259 1537 1416 1583 generalis
1432 1536 1560 1583 capituli
1578 1536 1709 1571 Ordinis
1728 1536 1838 1571 huius-

1086 1586 1181 1625 modi,
1204 1587 1339 1633 aliquem
1363 1599 1399 1620 ex
1424 1586 1570 1620 fratribus
1590 1586 1768 1633 praedictae
1790 1598 1839 1621 so-

1084 1636 1217 1676 cietatis,
1240 1645 1537 1683 quantumcumque
1577 1635 1768 1682 culpabilem
1808 1643 1838 1670 et

1083 1685 1304 1730 criminosum,
1328 1694 1414 1720 extra
1437 1685 1549 1719 domos
1567 1685 1664 1731 ipsius
1683 1686 1838 1719 societatis

1084 1736 1199 1781 punire
1228 1735 1291 1769 ullo
1319 1747 1469 1782 umquam
1495 1743 1634 1780 tempore
1658 1734 1838 1769 nullatenus

1085 1785 1196 1831 possit,
1235 1785 1290 1820 sed
1327 1785 1429 1831 ipsum
1467 1785 1495 1818 in
1532 1783 1652 1818 eisdem
1675 1784 1838 1824 domibus,

1083 1834 1160 1868 alias
1184 1835 1266 1869 iuxta
1289 1834 1399 1881 culpas
1422 1842 1451 1868 et
1478 1833 1628 1868 demerita
1658 1833 1769 1880 ipsius,
1789 1847 1839 1868 se—

1084 1884 1225 1918 eundum
1265 1884 1432 1918 canonicas
1466 1883 1647 1918 sanctiones
1685 1892 1715 1918 et
1747 1884 1839 1918 insti—

1085 1941 1149 1967 tuta
1174 1933 1320 1980 praedicti
1343 1932 1496 1974 Ordinis,
1526 1933 1635 1980 puniat
1661 1945 1697 1967 ac
1725 1933 1838 1979 punire

1085 1983 1207 2018 debeat.

1133 2037 1148 2075 g
1176 2035 1208 2067 5.
1237 2033 1415 2072 Praeterea,
1439 2031 1525 2079 quod
1551 2031 1657 2066 nullus
1679 2043 1715 2066 ex
1739 2031 1838 2065 fratri-

1086 2082 1145 2116 bus
1160 2082 1260 2117 dietae
1274 2082 1449 2125 societatis,
1472 2082 1702 2128 cuiuscumque
1725 2090 1836 2120 status,

1084 2131 1201 2177 gradus
1228 2132 1275 2166 vel
1298 2131 1488 2167 conditionis
1510 2131 1620 2165 existat
1644 2131 1673 2164 in
1696 2131 1761 2177 ipsa
1784 2142 1837 2164 so—

1086 2182 1208 2221 cietate,
1230 2194 1285 2216 seu
1319 2182 1420 2228 aliqua
1444 2180 1542 2227 ipsius
1564 2180 1675 2220 domo3
1703 2179 1836 2226 quibus-

1086 2243 1222 2277 cumque
1252 2230 1530 2277 exemptionibus,
1560 2229 1814 2264 immunitatibus
1830 2256 1837 2266 .

1088 2280 1269 2327 privilegiis,
1293 2280 1401 2326 gratiis
1418 2288 1446 2313 et
1459 2279 1588 2313 indultis
1607 2291 1838 2325 quorumcum-

1086 2342 1148 2377 que
1176 2338 1319 2364 teuorum
1343 2329 1489 2368 existant,
1517 2329 1574 2369 eis,
1604 2329 1633 2362 in
1657 2329 1763 2375 specie
1791 2327 1836 2361 vel

1087 2380 1116 2414 in
1140 2391 1267 2426 genere,
1290 2391 1305 2413 a
1333 2378 1417 2413 Sede
1439 2377 1642 2424 Apostolica,
1681 2390 1735 2412 seu
1763 2377 1838 2411 alias

1089 2441 1144 2476 pro
1167 2436 1308 2474 tempore
1343 2427 1525 2467 concessis,
1550 2427 1591 2461 uti
1620 2435 1650 2460 et
1683 2425 1838 2472 gaudere,

1086 2487 1140 2512 aut
1161 2478 1200 2512 ad
1222 2478 1343 2523 aliquas
1365 2477 1546 2522 dignitates,
1574 2476 1838 2522 przeeminentias,

1087 2527 1378 2562 administrationes
1406 2526 1451 2559 vel
1475 2526 1577 2559 ollicia
1593 2525 1665 2559 dicti
1693 2523 1838 2560 Ordinis,

1088 2586 1172 2612 extra
1214 2576 1330 2610 dictam
1362 2575 1558 2617 societatem,
1594 2585 1838 2621 quaecumque,

1088 2634 1304 2674 quotcumque
1344 2632 1373 2658 et
1408 2624 1652 2671 qualiacumque
1695 2622 1811 2656 fuerint
1829 2648 1838 2665 ,

1123 2687 1163 2722 (l)
1184 2687 1244 2721 Leg.
1266 2686 1283 2712 f.
1302 2694 1459 2718 quemquam
1481 2684 1518 2720 (n.
1536 2684 1585 2719 T.).

1850 296 1899 323 Λη.
1918 297 1946 323 C.
1966 298 2032 323 ttttt3

1865 951 1923 971 nutui
1934 952 1991 971 terni
2002 952 2036 971 de*

1852 982 1939 1002 tltit'alm

1866 2037 1981 2057 prohibitio
2013 2044 2037 2057 u-

1853 2069 1908 2088 tendi
1919 2069 1992 2093 gratiis
2003 2071 2035 2088 aut

1853 2101 1996 2126 consequendi
2008 2100 2038 2119 di·

1853 2131 1943 2155 gnitates
1978 2134 2036 2150 extra

1852 2161 2037 2183 sni-ieiaiemssbs-

1852 2197 1892 2217 que
1909 2192 1994 2212 licentia
