2281 3251
203 231 252 255 An.
270 229 302 254 Γ..
319 230 384 256 11178

226 611 356 630 Preoenuium

209 1351 245 1373 nit·
283 1351 379 1372 ponlil‘!

194 1389 325 1404 commissu.
342 1384 379 1403 de-

195 1416 281 1434 minant
297 1415 321 1433 au
347 1415 380 1433 in-

195 1446 356 1471 ιμιίῐιῚΙιῘ-ιΙθΗ
351 1449 380 1464 tl·

195 1481 213 1495 ιί
230 1476 322 1495 munit-us
333 1476 380 1495 ossi·

194 1508 277 1527 rudium
299 1511 318 1525 et
341 1513 378 1531 gu-

194 1539 329 1557 bernaturum
341 1544 378 1557 ex-

194 1573 225 1588 tra
241 1569 321 1588 (jurium

448 219 519 252 260

440 283 553 314 Statum
587 284 834 314 ecclesiasticum.
861 301 900 306 —
932 283 1153 313 13.‹2tausu1;.2-

441 332 655 371 derogatoriae.

461 399 559 428 smus
574 400 717 436 episcopus
740 406 837 428 servus
865 406 1006 428 servorum
1030 399 1090 432 Dei.

531 449 565 477 ad
592 450 754 484 perpetuam
782 449 822 478 rei
847 448 1016 477 memoriam.

448 519 512 554 Etsi
543 528 729 554 cunctorum
755 519 1006 554 christifidelium
1022 531 1151 566 prospe-

400 569 443 603 ris
477 569 682 604 successibus
715 577 856 604 assuetae
890 569 1014 615 pietatis
1049 568 1151 603 officie

399 618 537 664 cogitare
567 627 755 662 teneamur,
786 618 825 652 de
848 617 1021 653 incolarum
1046 626 1148 652 tamen

402 667 645 714 provinciarum,
658 668 832 707 civitatum,
847 675 1014 711 terrarum,
1029 675 1150 702 castro—

402 729 470 751 rum
493 724 523 751 et
559 716 698 751 locorum
723 716 886 763 temporali
914 716 1056 751 dominio
1083 716 1147 752 Ro-

402 777 512 801 manae
534 765 696 800 Ecclesiae
733 765 913 800 immediate
936 766 1147 801 subiectorum

402 826 552 862 prospero
575 824 604 850 et
633 815 714 849 felici
739 816 891 862 regimine
915 823 1000 850 tanto
1016 827 1148 863 propen-

397 865 514 899 siorem
538 876 644 898 curam
672 876 793 911 gerere,
821 873 850 899 et
877 864 914 899 ad
945 865 1068 899 illorum
1093 877 1148 900 re-

397 914 502 957 gimen
531 913 753 960 deputatorum
783 926 839 961 pro
861 922 1003 960 tempore
1025 914 1148 949 officia-

398 963 474 997 lium
500 963 606 1007 vitam,
630 964 707 997 ritus
721 972 751 997 et
772 975 876 998 mores
899 963 1051 997 solertiori
1076 976 1147 998 cura

396 1011 542 1046 ordinare
563 1011 743 1055 debemus,
774 1020 892 1059 quanto
923 1012 1046 1047 illorum
1075 1026 1147 1047 cura

395 1061 564 1108 specialius
603 1061 694 1096 nobis
737 1061 918 1097 immediate
953 1061 1150 1108 dignoscitur

395 1122 464 1145 esse
485 1110 666 1149 commissa,
691 1122 811 1157 nosque
833 1123 900 1151 eos,
928 1119 1038 1157 utpote
1059 1123 1149 1158 pecu

394 1159 487 1195 liares
520 1159 622 1195 dictae
644 1159 806 1194 Ecclesiae
829 1160 921 1199 filios,
938 1172 1012 1208 prae
1035 1161 1148 1196 ceteris

394 1209 533 1255 gerimus
556 1209 586 1243 in
610 1209 786 1244 visceribus
807 1209 978 1244 charitatis.

443 1258 464 1305 g
488 1260 518 1292 1.
541 1257 673 1293 Dudum
702 1258 873 1304 siquidem,
897 1271 968 1293 cum
995 1259 1033 1293 ad
1056 1271 1149 1293 auris

396 1315 518 1341 nostras
556 1307 748 1354 pervenisset
789 1307 872 1362 quod
922 1308 1063 1342 nonnulli
1111 1321 1146 1342 ex

370 1356 647 1402 'praesidentibus
675 1357 857 1403 provin‹·,iis
879 1357 1067 1396 civitatibus,
1087 1365 1148 1391 ter—

396 1409 449 1452 ris,
471 1410 582 1445 castris
603 1420 633 1445 et
657 1410 732 1444 locis
746 1410 902 1457 praefatae
916 1410 1095 1446 Ecclesiae
1090 1424 1149 1446 im-

396 1462 529 1498 mediate
557 1463 721 1508 subiectis,
743 1472 772 1498 et
801 1464 831 1498 in
868 1465 915 1498 eis
948 1465 1148 1511 magistratus

396 1527 452 1562 pro
471 1516 562 1551 nobis
584 1525 614 1551 et
641 1517 750 1552 eadem
774 1516 916 1552 Ecclesia
939 1527 1097 1564 gerentes,
1113 1531 1147 1552 ac

393 1570 444 1604 alii
471 1569 631 1613 officiales,
661 1571 804 1618 propriae
831 1571 943 1606 salutis
970 1571 1071 1612 obliti,
1095 1584 1147 1606 va-

394 1624 511 1672 riisque
523 1625 688 1660 affectibus
702 1625 887 1672 praepediti,
902 1625 1055 1660 nonnulla
1065 1638 1147 1661 com-

393 1677 516 1714 mittere
538 1691 599 1714 non
628 1688 829 1726 expaverant,
856 1691 938 1726 quae
966 1680 994 1714 iu
1023 1692 1145 1727 oppro-

393 1732 496 1767 brium
521 1733 675 1780 praefatae
695 1732 865 1775 Ecclesiae,
891 1745 926 1768 ae
946 1733 1144 1769 subditorum

394 1795 572 1822 nostrorum
607 1787 758 1821 damnum
783 1788 896 1833 pariter
922 1798 950 1822 et
981 1789 1146 1825 iacturam

393 1841 569 1876 redundare
593 1841 825 1877 noscebantur:
850 1854 907 1876 nos
923 1850 998 1876 tunc
1013 1842 1147 1877 nonnul-

393 1895 440 1930 los
464 1895 545 1930 viros
568 1894 696 1942 probos,
719 1907 756 1930 ex
779 1895 888 1930 multis
914 1896 1044 1939 electos,
1072 1908 1146 1943 svn-

392 1948 482 1983 dicos
514 1957 545 1983 et
577 1949 814 1983 commissarios
847 1949 884 1983 ad
921 1949 1143 1997 inquirendum

392 2002 431 2036 de
459 2002 532 2045 vita,
556 2001 700 2037 moribus
727 2010 757 2036 et
779 2003 931 2049 regimine
953 2003 1144 2049 guberuato-

393 2067 460 2090 rum
478 2064 506 2090 et
516 2055 649 2091 aliorum
673 2055 854 2091 officialium
871 2068 1144 2104 quorumcumqur¹

394 2109 424 2143 in
449 2110 629 2156 provinciis,
651 2110 843 2154 civitatibus,
859 2110 961 2150 terris,
985 2112 1095 2145 castris
1115 2120 1143 2145 et

393 2162 470 2198 locis
493 2164 671 2211 praedietis,
698 2165 826 2210 quaevis
850 2163 950 2198 officia
987 2176 1143 2199 exercen—

393 2216 470 2251 tium
482 2226 512 2251 et
526 2229 729 2265 quocumque
740 2218 866 2252 nomine
877 2227 1142 2265 nuncupatorum,

392 2272 549 2318 aequaris
572 2272 723 2318 dignitate
746 2280 774 2306 et
791 2271 910 2307 bonore
928 2272 1142 2318 fungentium,

392 2333 421 2359 et
443 2325 635 2360 audiendum
655 2325 800 2372 querelas
823 2326 965 2360 oninium
989 2335 1018 2360 et
1037 2327 1143 2372 singu-

393 2379 492 2412 lorum
517 2378 556 2413 de
578 2379 622 2413 eis
655 2379 755 2426 palam
780 2379 826 2413 vel
849 2388 970 2414 secrete
991 2380 1141 2426 conqueri

394 2432 578 2473 volentium,
593 2441 623 2467 et
640 2432 731 2468 nobis
752 2445 833 2480 quae
862 2433 1037 2467 invenirent
1064 2432 1143 2466 fido-

393 2485 462 2520 liter
478 2485 691 2525 referendum,
712 2486 749 2520 ad
773 2487 933 2521 universas
956 2486 1142 2533 provincias,

392 2539 543 2579 civitates,
572 2548 681 2579 terras,
705 2549 805 2574 castra
834 2549 863 2574 et
886 2541 952 2575 loca
986 2540 1140 2587 praedicta

392 2592 539 2628 duximus
553 2592 772 2628 destinandos.
787 2593 833 2629 Ex
843 2606 979 2641 quorum
995 2602 1142 2641 postmo-

979 228 1165 252 Bruanium
1188 227 1348 250 nonnul

1195 283 1271 316 duni
1297 282 1448 317 relatione
1469 281 1552 317 fideli
1568 281 1777 327 cognovimus
1811 281 1940 327 legatos,

1194 332 1287 366 etiam
1310 332 1349 366 de
1372 332 1477 373 latere,
1499 331 1736 378 gubernatores,
1761 338 1941 377 potestates,

1195 389 1332 415 rectores
1365 389 1395 415 et
1429 380 1507 415 alios
1533 379 1694 423 officiales,
1729 389 1803 414 tunc
1832 388 1861 414 et
1885 391 1942 425 pro

1195 438 1334 476 tempore
1367 429 1534 476 deputatos
1560 430 1589 463 iu
1615 429 1942 475 provinciis,civitati-

1194 478 1263 517 bus,
1286 479 1390 522 terris,
1413 479 1523 513 castris
1545 486 1574 512 et
1598 477 1675 512 locis
1703 477 1882 524 praedictis,
1911 478 1940 511 in

1194 528 1312 564 multis.
1327 540 1342 562 a
1358 529 1424 562 iure
1442 527 1601 562 communi
1622 537 1652 562 et
1675 527 1782 561 tradita
1806 527 1851 561 eis
1865 538 1942 561 nor-

1194 588 1254 615 ma,
1273 577 1369 611 sorma
1388 585 1418 611 et
1441 577 1550 611 ordine
1568 588 1622 622 per
1641 576 1847 622 provinciales
1869 588 1942 610 con-

1194 625 1385 660 firmationes
1411 639 1426 660 a
1449 625 1592 660 Summis
1616 624 1822 660 Pontificibus
1850 637 1942 672 prae-

1192 674 1412 710 decessoribus
1453 675 1566 709 nostris
1592 682 1622 708 et
1656 674 1786 719 legatis
1821 674 1874 721 qui
1911 675 1940 708 iu

1194 725 1363 771 provinciis
1383 724 1459 770 ipsis
1482 735 1538 770 pio
1553 733 1694 778 tempore
1716 722 1842 762 suerint,
1859 723 1942 759 circa

1193 786 1320 808 suorum
1345 773 1516 808 officiorum
1550 773 1769 807 executionem
1800 772 1942 808 deviasse

1192 832 1221 857 et
1237 823 1373 866 deviare,
1392 831 1481 869 prout
1500 821 1590 856 nobis
1603 822 1733 856 relatum
1750 821 1850 856 suerat
1870 831 1942 857 ante

1192 873 1373 907 missionem
1397 872 1600 919 syndicorum
1623 870 1821 905 eorumdem.

1239 922 1259 967 ἓ
1286 924 1318 955 9..
1347 921 1523 968 Cupientes
1546 921 1651 967 igitur,
1670 920 1842 955 emendatis
1858 932 1942 968 prae·

1192 971 1303 1008 teritis„
1327 983 1365 1004 ne
1384 970 1453 1005 talia
1477 978 1698 1016 perpetrentur
1714 970 1743 1004 in
1768 979 1940 1016 posterum,

1193 1032 1248 1066 pro
1281 1032 1392 1067 posse.
1426 1028 1639 1065 opportunum
1667 1019 1816 1054 adbibere
1838 1031 1940 1054 reme-

1191 1069 1291 1124 dium,
1320 1069 1377 1103 bac
1403 1069 1521 1103 salubri
1542 1069 1571 1102 in
1594 1076 1780 1116 perpetuum
1811 1069 1939 1103 valitura

1191 1119 1415 1153 constitutione
1472 1118 1639 1152 statuimus
1688 1126 1719 1151 et
1757 1117 1941 1153 ordinamus

1190 1168 1273 1214 quod
1294 1168 1346 1214 qui
1371 1180 1455 1202 nunc
1473 1176 1546 1201 sunt
1569 1176 1598 1201 (t
1622 1179 1677 1214 pro
1693 1175 1833 1214 tempore
1848 1176 1942 1202 erunt

1191 1230 1220 1250 iu
1250 1217 1439 1261 provinciis
1479 1216 1672 1256 civitatibus
1702 1217 1804 1260 terris,
1831 1217 1942 1251 castris

1190 1274 1219 1299 ct
1248 1266 1323 1300 locis
1347 1266 1514 1312 praedictis
1553 1266 1694 1311 deputati
1719 1265 1824 1311 legati,
1846 1266 1939 1300 etiam

1191 1314 1230 1348 de
1254 1315 1361 1354 latere,
1388 1314 1616 1361 gubernatores
1638 1324 1793 1349 eteorum
1818 1315 1941 1349 locum-

1192 1373 1347 1403 teueutes,
1369 1373 1533 1398 teneantur
1555 1373 1583 1397 et
1607 1364 1741 1398 debcant
1765 1363 1896 1398 tirmiter
1911 1372 1941 1398 et

1191 1413 1409 1447 iuviolabiliter
1430 1413 1609 1456 observare,
1623 1421 1650 1446 et
1666 1417 1831 1459 <quantum
1850 1413 1942 1446 ineis

1189 1467 1246 1496 esti
1272 1475 1327 1508 per
1359 1462 1448 1505 alios,
1471 1463 1507 1495 ad
1531 1475 1612 1508 quos
1633 1470 1767 1508 spectat,
1789 1462 1942 1497 tenaciter

1190 1511 1346 1545 observari
1375 1511 1475 1545 facere
1503 1523 1615 1545 omues
1648 1520 1678 1545 et
1701 1511 1845 1556 singulas
1868 1523 1941 1557 pro-

1191 1560 1339 1594 vinciales
1361 1560 1603 1594 constitutiones
1618 1559 1793 1606 praedictas
1811 1571 1827 1594 a
1846 1559 1942 1595 Sum-

1190 1610 1248 1644 mis
1271 1609 1479 1643 Pontificibus
1508 1608 1806 1656 praedecessoribus
1826 1610 1940 1643 nostris

1188 1671 1224 1693 ac
1247 1659 1374 1705 limgatis
1404 1668 1435 1693 ut
1474 1659 1668 1713 praeseiQtur
1691 1658 1790 1693 editas
1817 1658 1938 1693 dudum

1190 1720 1245 1754 per
1260 1708 1360 1743 bonae
1378 1708 1547 1742 memoriae
1570 1707 1736 1754 Egidium
1753 1707 1938 1762 ewpiscopum

1188 1756 1410 1798 δ’ὼίιιοηεοῃι,
1434 1758 1464 1791 in
1488 1735 1633 1791 eisdem&
1635 1757 1816 1803 provinciis,
1837 1757 1939 1791 civita-

1189 1806 1285 1846 tibus,
1314 1807 1415 1845 terris,
1442 1807 1552 1841 castris
1579 1814 1608 1840 et
1632 1806 1709 1841 locis
1735 1805 1939 1853 Apostolicae

1188 1854 1281 1890 Sedis
1309 1855 1458 1901 legatum,
1487 1856 1515 1889 in
1540 1867 1637 1889 unum
1662 1855 1809 1890 volumen
1834 1855 1863 1890 in
1883 1867 1939 1890 sex

1189 1904 1284 1939 libros
1316 1905 1498 1939 distinctum
1529 1904 1675 1939 collectas
1713 1912 1744 1938 et
1781 1904 1938 1948 redactas,

1186 1966 1258 1988 eum
1274 1953 1502 1996 additionibus,
1522 1953 1808 1988 modificationibus
1823 1962 1853 1989 et
1867 1966 1939 1989 cor-

1188 2003 1380 2037 rectionibus
1395 2031 1404 2047 ,
1438 2015 1519 2050 quae
1542 2003 1679 2050 desuper
1711 2012 1898 2038 emanarunt
1919 2016 1935 2037 a

1187 2056 1286 2091 bouac
1310 2058 1479 2092 memoriae
1502 2056 1660 2097 Gabriele,
1689 2057 1768 2091 tituli
1793 2056 1826 2091 S.
1855 2056 1937 2092 Cte—

1187 2110 1316 2153 mentis,
1353 2110 1535 2158 presbytero
1573 2110 1721 2145 cardinali
1755 2118 1785 2145 et
1821 2110 1936 2158 inclyto

1185 2164 1334 2211 episcopo
1358 2164 1540 2208 Albanensi,
1555 2176 1591 2199 ac
1613 2164 1761 2211 Philippo
1784 2165 1936 2211 episcopo

1187 2217 1366 2256 portuensi,
1395 2227 1469 2252 tunc
1498 2218 1578 2252 tituli
1601 2217 1736 2253 Sanctae
1757 2217 1934 2255 Susannae.

1186 2270 1367 2318 presbytero
1378 2272 1541 2316 cardinali,
1554 2271 1719 2315 etloanne,
1731 2271 1809 2305 tituli
1825 2271 1933 2306 Sancti

1185 2324 1372 2370 Clementis,
1395 2326 1487 2360 etiam
1513 2325 1695 2373 presbytero
1717 2325 1880 2370 cardinali,
1904 2326 1932 2359 iu

1187 2379 1347 2425 provincia
1385 2388 1488 2414 nostra
1516 2379 1671 2414 Marcbiae
1705 2378 1934 2421 Anconitanae,

1184 2432 1286 2467 dietae
1299 2433 1392 2468 Sedis
1413 2433 1589 2473 successive
1612 2433 1733 2479 legatis,
1759 2443 1787 2467 ct
1809 2445 1825 2468 a
1841 2433 1933 2468 nobis

1185 2488 1362 2534 nostrisque
1389 2486 1625 2522 successoribus
1653 2486 1804 2521 Romanis
1823 2486 1933 2522 Ponti-

1185 2539 1297 2574 ficibus
1323 2553 1378 2588 pro
1402 2549 1542 2587 tempore
1571 2539 1777 2580 emanabunt,
1794 2548 1825 2574 et
1841 2552 1931 2587 prae-

1183 2594 1290 2628 sertim
1319 2593 1636 2641 subquintadecima,
1656 2594 1694 2628 de
1717 2593 1931 2641 prohibitione

1958 223 2009 250 An.
2028 223 2057 250 C.
2076 222 2142 250 t¹i78

1970 929 1992 950 Ει
2009 929 2069 949 ninia
2089 930 2141 955 tpsln

1955 959 2143 986 ottirmtibusproe-

1955 991 2006 1017 cipit
2022 990 2143 1010 observan-

1956 1023 2004 1041 tium
2035 1021 2141 1041 constitu-

1956 1051 2035 1070 tionum
2053 1050 2144 1076 ‚Egisti--

1955 1088 2027 1102 narum
2044 1087 2090 1102 eum
2102 1087 2142 1102 en-

1955 1117 1999 1134 rum
2015 1112 2142 1133 declaratio-

1956 1145 2026 1164 nibus,
