2281 3251
251 282 298 308 An.
317 282 344 308 C.
365 283 429 309 llil-⁷1

252 541 322 567 Dorum-
347 542 432 561 ΙἰιαιιἼι.

266 791 345 811 Panas
359 796 409 814 aut·
414 796 432 809 n

289 826 308 842 ot
321 823 403 841 minnan
408 822 435 842 di;

268 1355 356 1376 Statutin
376 1355 441 1376 dero-

257 1386 329 1411 gandi:

272 1489 343 1510 Edicta
367 1496 444 1518 propo-

259 1522 328 1542 nendi.

273 2091 366 2113 Nuttitnt.
379 2093 399 2112 in
409 2091 448 2112 bac

264 2123 324 2145 Curia
334 2129 374 2144 non
381 2125 448 2144 atten-

266 2155 352 2174 undu,

280 2492 359 2519 Appen.
372 2498 424 2519 qua
429 2492 454 2512 rto

271 2524 346 2543 danda.

498 272 568 304 6¹6

450 346 517 384 post
553 338 673 372 illarum
703 336 861 371 incursum
894 333 991 381 possit
1021 333 1202 378 intromitti,

450 387 503 422 sed
527 387 683 422 ab÷0tun0
707 385 752 419 vel
780 384 1005 420 condemnatio
1021 392 1073 418 aut
1094 384 1202 418 remis-

450 438 496 473 sio
523 437 688 472 dumtaxat
715 435 752 469 ad
777 443 805 469 te
829 435 1014 482 pertincant.

499 487 518 533 ἓ
543 488 572 521 6.
593 486 721 520 Necnon
745 484 968 531 delinquentes
985 495 1202 531 quoscumque

451 537 565 572 citandi
594 544 623 570 et
646 535 732 569 citari
750 534 896 573 faciendi,
920 534 1012 568 etiarn
1029 546 1085 581 pro
1105 534 1202 580 prima

452 587 518 622 vice
535 614 542 627 ,
568 586 604 620 ad
629 585 758 619 domum
787 584 897 619 solitae
923 583 1128 618 habitationis
1150 595 1203 618 eo-

452 649 532 677 rum,
555 647 635 683 quae
657 634 762 670 citatio
778 634 907 681 perinde
924 634 1022 668 valeat
1039 645 1074 668 ac
1089 633 1113 668 si
1130 633 1204 668 suis-

451 695 519 722 sent
543 684 750 732 personaliter
775 683 974 730 apprehensi.

499 736 518 783 S
541 739 572 770 7
596 735 749 782 Ipsosque
766 734 987 789 dilinquentes
1009 733 1053 768 vel
1072 732 1205 767 rebelles

452 795 503 821 aut
522 785 751 822 inobedientes
772 784 979 831 pecuniarum
1003 796 1037 818 ac
1063 783 1205 837 privatio-

453 836 500 870 nis
523 835 708 878 officiorum,
731 842 760 868 et
783 834 865 878 alii·,
888 833 926 867 de
951 833 1068 881 quibus
1097 833 1181 867 tibi

452 885 578 921 debitur
591 893 621 919 et
645 884 808 932 placuerit,
834 884 943 931 poenis
961 854 1205 927 condemnandi,

454 935 650 976 mulctandi,
684 943 715 969 et
744 946 862 982 poenas
890 934 984 982 ipsas,
1009 941 1070 968 tam
1094 946 1109 968 a
1139 933 1206 967 iure

453 985 614 1021 communi
637 997 732 1032 quani
761 997 798 1019 ex
821 992 937 1019 statuto
963 983 1007 1018 vel
1031 992 1208 1018 consuetu—

453 1036 526 1070 dine
563 1044 615 1070 aut
647 1035 725 1070 alias
757 1033 999 1082 quomodolibet
1029 1034 1206 1080 impositas,

453 1095 482 1121 et
507 1094 566 1120 tam
592 1085 733 1132 corporis
760 1084 932 1129 asslictivas,
954 1096 1055 1131 usque
1078 1083 1116 1118 ad
1139 1083 1209 1118 ulti-

455 1148 539 1170 mum
570 1135 762 1182 supplicium
793 1134 961 1177 inclusive,
990 1146 1082 1180 quani
1114 1146 1208 1180 pecu-

455 1186 581 1230 niarias,
605 1198 660 1232 pro
683 1185 778 1220 modo
800 1185 911 1231 culpae
926 1184 1140 1231 qualitateque
1161 1182 1209 1217 de-

455 1235 532 1279 licti,
561 1247 686 1280 causae,
710 1234 768 1270 loci
792 1243 821 1270 et
845 1233 1160 1282 personae,augendi
1180 1241 1209 1267 et

456 1285 632 1320 minuendi.

505 1335 571 1383 58.
589 1335 723 1370 Statutis
738 1334 844 1379 Urbis,
857 1335 971 1369 totiens
993 1334 1140 1381 quotiens
1156 1333 1210 1367 tibi

460 1385 614 1420 uidebitur
635 1393 665 1420 et
681 1384 828 1432 placebit
851 1384 1033 1430 derogandi.

507 1436 527 1483 g
548 1437 581 1470 9.
606 1435 781 1481 Edictaqne
803 1446 838 1469 ac
861 1434 999 1478 decreta,
1023 1433 1211 1488 proclamita

459 1498 514 1521 seu
547 1485 747 1520 bannimenta
772 1493 800 1518 et
833 1491 958 1528 statuta,
986 1483 1132 1531 quotiens
1159 1482 1213 1517 tibi

461 1536 637 1583 placuerit,
670 1543 699 1569 et
730 1534 790 1569 sub
817 1534 1075 1581 quibuscumque
1104 1533 1215 1580 poenis

459 1598 495 1621 ac
509 1593 617 1621 contra
639 1596 870 1632 quoscumque,
890 1583 1035 1625 faciendi,
1060 1591 1089 1618 et
1110 1594 1215 1630 quae-

459 1647 595 1683 (rumque
617 1635 674 1670 alia
699 1647 752 1681 per
775 1645 1012 1682 quoscumque,
1039 1634 1131 1668 etiam
1160 1645 1216 1680 per

460 1699 518 1722 nos
544 1685 644 1720 editas
671 1693 701 1720 et
728 1684 863 1729 edenda,
886 1683 1122 1731 interpretandi,
1145 1695 1216 1717 mu-

460 1736 545 1772 tandi
573 1744 603 1771 et
629 1734 805 1779 alterandi,
834 1747 889 1782 pro
913 1735 996 1770 bono
1025 1733 1110 1781 pacis
1137 1742 1167 1767 et
1186 1746 1217 1768 u-

460 1786 570 1821 tilitate
604 1784 829 1825 subditorum,
855 1792 884 1819 et
913 1785 1108 1819 correctione
1136 1783 1216 1817 deli-

459 1845 580 1871 ctorum
609 1847 644 1870 ac
674 1834 858 1869 inductione
887 1834 1042 1869 bonorum
1078 1846 1215 1874 morum,

459 1887 596 1934 plenam,
624 1885 754 1920 liberam
779 1892 808 1919 et
827 1883 1055 1924 omnimodam,
1080 1883 1217 1918 auctori-

460 1944 520 1971 tate
536 1935 722 1983 apostolica,
745 1943 853 1969 tenore
871 1934 1085 1982 praesentium
1106 1945 1218 1968 conce-

461 1986 565 2021 dimus
589 1985 779 2021 facultatem.

510 2036 530 2083 g
568 2037 621 2070 10.
653 2034 848 2076 statuentes,
879 2045 1046 2082 processus
1075 2042 1147 2067 tuos
1172 2032 1217 2067 vel

462 2087 643 2122 auditorum
670 2097 727 2120 seu
750 2084 995 2120 locatenentium
1022 2093 1161 2123 tuorum,
1188 2083 1216 2116 in

463 2137 567 2171 causis
590 2135 771 2183 praemissis
800 2135 845 2169 vel
874 2134 1040 2169 sententiis
1068 2132 1219 2177 serendi«,

464 2186 503 2221 ob
531 2186 608 2221 iuris
639 2185 780 2220 ordinem
808 2185 965 2231 telamque
1000 2183 1192 2218 iudiciariam

464 2236 630 2283 dictaeque
662 2235 815 2271 Gamerae
849 2243 880 2269 et
913 2234 1076 2269 Romanae
1105 2232 1220 2268 Curiae

465 2286 578 2334 stylum
602 2294 654 2319 aut
676 2285 957 2323 consuetudinem,
981 2284 1042 2318 illis
1066 2296 1126 2317 non
1151 2295 1220 2317 ser-

467 2336 558 2379 vatis,
581 2336 738 2390 perviam
757 2335 910 2370 nullitatis
926 2333 971 2368 vel
988 2333 1064 2368 alias
1086 2345 1222 2380 quomo-

467 2385 609 2420 dolibet
605 2386 782 2431 impugnari
799 2397 852 2420 seu
877 2384 1015 2419 revocari
1040 2395 1101 2418 non
1119 2395 1221 2438 posse.

517 2435 536 2481 S
569 2437 622 2469 11.
645 2434 711 2469 Nec
734 2448 750 2469 a
775 2434 976 2482 processibus
998 2442 1028 2468 et
1055 2433 1224 2468 sententiis

469 2484 650 2520 huiusmodi
685 2485 716 2518 in
751 2485 854 2519 causis
875 2483 1034 2528 civilibus,
1063 2494 1162 2538 usque
1186 2481 1222 2516 ad

470 2547 627 2570 summam
655 2534 766 2569 decem
797 2534 984 2569 ducatorum
1016 2546 1104 2574 auri,
1132 2539 1163 2567 et
1195 2532 1223 2565 in

470 2585 573 2619 causis
592 2583 808 2619 criminalibus
830 2592 860 2619 et
883 2583 1064 2618 mercedum
1093 2581 1226 2616 nullate-

473 2647 531 2668 nus
566 2646 620 2681 per
648 2634 784 2682 aliquem
813 2633 964 2681 appellari
993 2633 1040 2668 vel
1063 2631 1227 2668 reclamari

476 2695 578 2731 posse.

1049 278 1234 302 tit‘LtARttffl
1264 279 1304 300 w·
1310 279 1423 301 ᾸΙΑΝΗΙ

1292 333 1392 373 ste.
1420 331 1485 367 Nec
1507 343 1620 368 causae
1647 344 1662 367 a
1686 339 1716 367 te
1739 330 1784 367 vel
1814 331 1998 367 locatenen-

1245 382 1329 417 tibus
1351 395 1405 418 seu
1428 382 1623 418 auditoribus
1645 383 1705 417 tuis
1727 382 1848 418 aioeari
1866 382 1998 428 possint,

1245 433 1302 467 nisi
1332 442 1417 467 motu
1444 433 1571 480 proprio
1600 440 1718 478 nostro,
1738 441 1768 467 et
1791 440 1820 467 te
1843 433 1931 479 prius
1947 443 1999 467 ac-

1245 483 1360 517 cersito
1388 491 1418 518 et
1440 482 1559 517 audito

1293 533 1313 580 g
1348 535 1404 567 45.
1439 532 1625 567 Mandantes
1661 531 1798 578 praefato
1828 532 1999 568 camerario

1247 591 1377 623 nostro,
1407 594 1529 617 necnon
1564 581 1686 616 dilectis
1721 581 1794 617 filiis
1829 582 2000 629 praelatis,

1248 632 1503 679 praesidentibus
1525 640 1555 667 et
1582 631 1706 666 clericis
1733 631 1886 667 Camerae
1909 644 2001 679 prae-

1246 683 1367 727 dictae,
1388 682 1485 717 Urbis
1507 682 1645 717 senatori
1669 688 1698 716 et
1721 681 2000 717 conservatoribus

1247 741 1277 767 et
1299 732 1372 767 aliis
1402 732 1439 767 ad
1473 744 1554 788 quos
1576 738 1695 779 spectat
1726 739 1755 766 et
1785 732 1944 778 pertinet
1966 743 2002 767 ac

1247 791 1387 830 spectare
1409 792 1440 818 et
1456 782 1610 830 pertinere
1627 781 1740 828 poterit
1763 781 2004 828 quomodolibet

1249 833 1446 873 infuturum,
1470 841 1502 867 ut
1527 840 1555 867 te
1574 831 1611 867 ad
1627 832 1745 866 dictum
1767 831 1903 866 officium
1922 831 2004 866 eius-

1248 895 1308 930 que
1332 882 1480 924 liberum,
1510 892 1542 917 ιιι
1570 882 1792 930 praemittitur,
1814 881 2003 916 exercitium

1249 945 1371 968 necnon
1387 932 1537 978 honores,
1553 944 1648 967 onera
1671 939 1701 966 et
1720 930 1934 967 emolumenta
1951 931 2006 965 bu-

1249 982 1386 1018 iusmodi
1404 983 1555 1030 recipiant
1580 990 1610 1017 et
1632 981 1812 1022 admittant,
1829 993 1864 1016 ac
1886 982 1916 1016 in
1934 993 2005 1017 om-

1250 1033 1344 1068 nibus
1365 1045 1447 1080 quae
1474 1033 1510 1067 ad
1534 1032 1672 1068 officium
1702 1032 1806 1080 ipsum
1835 1032 2005 1079 pertinent,

1250 1083 1317 1124 tibi,
1341 1083 1434 1118 veluti
1459 1094 1610 1130 personae
1624 1089 1747 1117 nostrae
1764 1082 1921 1128 propriae,
1943 1081 2007 1117 effi-

1250 1134 1366 1168 caeiter
1388 1141 1528 1180 pareant,
1551 1132 1704 1167 obediant
1726 1140 1756 1166 et
1779 1131 1955 1166 intendant.

1300 1184 1320 1231 g
1344 1184 1399 1217 ¹4
1422 1183 1574 1217 Volentes
1595 1182 1708 1238 pariter
1730 1190 1759 1216 ct
1781 1188 1958 1217 statuentes
1971 1192 2008 1217 ac

1252 1233 1290 1268 de
1312 1233 1504 1281 apostolicae
1533 1233 1696 1280 potestatis
1722 1231 1921 1278 plenitudine
1950 1230 2009 1267 de-

1252 1291 1419 1319 cernentes
1453 1283 1536 1330 quod
1579 1283 1608 1317 in
1638 1283 1687 1326 iis,
1720 1293 1801 1329 quae
1825 1293 1881 1329 per
1903 1290 1932 1316 te
1960 1280 2007 1316 iel

1253 1334 1347 1367 alium
1371 1345 1427 1368 seu
1450 1333 1527 1368 alios
1543 1344 1599 1380 pei
1614 1340 1644 1367 te
1663 1330 1863 1379 deputandos
1890 1341 1920 1366 et
1936 1330 2010 1366 sub-

1253 1382 1448 1429 delegandos
1471 1391 1524 1418 tuo
1551 1383 1679 1418 nomine
1707 1384 1737 1416 in
1767 1380 1869 1417 officio
1898 1381 2009 1416 huius-

1255 1434 1338 1468 modi
1360 1441 1526 1479 gerentur,
1553 1433 1592 1467 ab
1619 1432 1744 1479 aliquo,
1779 1431 2010 1480 cuiuscumque

1256 1483 1448 1518 conditionis
1482 1496 1537 1517 seu
1574 1482 1769 1517 auctoritatis
1791 1481 1918 1526 existat,
1945 1480 2010 1516 ullo

1257 1545 1407 1581 umquam
1445 1542 1604 1580 tempore
1641 1532 1741 1567 ullave
1770 1533 1940 1567 occasione
1961 1531 2009 1566 vel

1257 1596 1349 1619 causa
1374 1583 1533 1618 molestari
1557 1590 1609 1617 aut
1631 1580 1897 1637 quomodolibet'
1891 1581 2012 1630 inquie-

1258 1634 1314 1669 tari
1344 1646 1406 1669 non
1430 1633 1544 1678 valeas,
1573 1645 1630 1668 uec
1653 1641 1684 1668 tu
1712 1640 1766 1668 aut
1786 1644 1845 1679 ipsi
1867 1631 1906 1666 de
1923 1642 2012 1679 prae-

1257 1685 1363 1719 missis
1396 1683 1460 1719 ullo
1496 1695 1646 1730 umquam
1683 1692 1826 1729 tempore
1858 1681 2011 1717 rationem

1259 1735 1390 1770 reddere
1412 1742 1463 1769 aut
1486 1733 1662 1781 s>ndicatui
1684 1741 1766 1768 stare
1790 1732 1937 1767 tenearis.

1306 1784 1326 1832 S
1352 1787 1407 1820 ¹5.
1429 1784 1468 1819 Et
1487 1783 1572 1831 quod
1589 1783 1727 1818 officium
1752 1781 1936 1817 huiusmodi
1959 1792 2014 1829 per

1259 1846 1287 1870 te
1315 1835 1362 1869 vel
1390 1834 1468 1869 alios
1496 1833 1684 1874 exercendo,
1708 1841 1738 1867 ct
1767 1845 1821 1880 per
1843 1843 2014 1880 quascum—

1258 1896 1319 1932 que
1342 1885 1535 1932 captionem,
1559 1883 1773 1918 detentionem
1791 1894 1846 1917 seu
1862 1889 2013 1916 torturam

1259 1946 1537 1991 quorumcumque
1570 1934 1757 1968 clrricorum
1795 1932 1842 1967 iel
1882 1931 2015 1978 pritile-

1259 1987 1427 2032 giatorum,
1452 1992 1560 2019 contra
1580 1996 1660 2030 quos
1692 1983 1786 2018 etiam
1812 1981 1894 2016 nulla
1918 1993 2016 2029 prae-

1260 2035 1387 2070 cesserit
1411 2012 1550 2073 iiifimia
1578 2033 1632 2068 sed
1662 2033 1727 2068 sola
1752 2032 1891 2076 indicia,
1914 2031 2017 2066 nullas

1260 2097 1409 2121 censuras
1433 2084 1478 2119 vel
1504 2096 1620 2131 poenas
1644 2095 1698 2130 pei
1726 2081 2016 2126 comminationem,

1261 2135 1518 2170 commissionem
1553 2134 1599 2168 vel
1630 2133 1867 2180 impositionem
1896 2143 2018 2179 poenae

1210 2211 1218 2227 ι
1262 2189 1434 2238 corporalis
1452 2217 1459 2229 ‚
1483 2188 1692 2223 mutilationis
1720 2186 1936 2222 membrorum
1966 2196 2018 2220 aut

1262 2245 1415 2293 ‹apitalis,
1433 2243 1484 2278 ubi
1503 2244 1597 2278 etiam
1616 2242 1780 2289 sanguinis
1799 2240 1910 2276 effusio
1926 2239 2019 2275 suerit

1263 2298 1403 2335 facienda
1421 2299 1465 2333 vel
1490 2298 1554 2333 fieri
1579 2296 1756 2344 contigerit,
1771 2303 1824 2330 ant
1846 2295 1871 2330 si
1889 2294 2018 2330 fortuitu

1265 2353 1310 2387 iel
1334 2353 1409 2388 alias
1435 2353 1547 2400 quavis
1569 2363 1662 2386 causa
1689 2357 1884 2390 occurreret,
1907 2349 1954 2385 vel
1988 2350 2017 2383 in

1265 2417 1382 2443 tortura
1411 2420 1466 2442 seu
1495 2407 1659 2454 [innitione
1677 2418 1733 2454 per
1754 2414 1784 2440 te
1807 2405 1853 2439 vel
1874 2404 1912 2439 de
1930 2416 2020 2439 man-

1266 2463 1338 2498 dato
1361 2472 1414 2498 tuo
1442 2461 1596 2506 facienda,
1624 2461 1725 2508 aliqua
1755 2459 1893 2495 membra
1923 2459 2020 2494 muti-

1266 2517 1335 2558 lari,
1365 2525 1419 2553 ant
1446 2517 1583 2564 aliquem
1620 2514 1658 2549 ab
1689 2515 1745 2549 bac
1768 2514 1838 2549 luce
1870 2513 2021 2559 migrare,

1267 2584 1322 2607 seu
1346 2571 1511 2618 sanguinis
1533 2570 1720 2605 effusionem
1742 2568 1820 2609 fieri,
1841 2567 1936 2602 ullam
1954 2579 2024 2615 pro-

1269 2635 1374 2674 pterea
1391 2625 1630 2673 irregularitatis
1642 2623 1690 2660 vel
1706 2622 1852 2658 infamiae
1865 2621 2021 2657 maculam

1270 2680 1333 2715 sive
1363 2688 1468 2715 notam
1493 2687 1524 2714 tu
1545 2687 1575 2714 et
1591 2679 1635 2714 tui
1655 2677 1806 2726 praedicti
1830 2689 1892 2713 non
1916 2677 2024 2712 ineur-

2013 277 2064 303 An.
2081 276 2109 304 C
2130 277 2196 304 {5¹21

2025 337 2103 360 Causae
2120 345 2162 360 uon
2177 345 2196 360 a

2011 376 2050 391 το
2054 371 2128 392 undae.

2026 544 2133 566 officiales
2154 550 2200 565 on-

2014 581 2052 598 nes
2072 576 2090 596 ei
2104 578 2199 603 pareant

2034 1195 2156 1223 syndicum
2167 1197 2208 1216 nt·-

2022 1232 2045 1248 ro
2056 1233 2098 1248 non
2112 1228 2208 1251 ιουοιιπς

2033 1792 2215 1820 Ιποιιιιιῐίιιιοι

2029 1830 2072 1847 non
2087 1823 2184 1846 ineunti.
