2281 3251
227 251 266 278 An
300 250 410 277 c.1500
473 240 544 274 380

255 711 263 723 ¹
301 711 411 756 ¹¹¹¹H'JUJ·
428 703 596 738 Francisco
620 701 769 745 Remulo,
787 700 902 735 clerico
928 698 1078 738 Nardm..
1102 710 1178 745 pro-

269 1609 377 1631 clausulae

248 1642 401 1667 derogator-tao.

424 306 634 352 assignamus.
658 302 870 338 Decernentes
897 299 1044 335 eumdem
1067 299 1175 334 Ludo-

426 356 530 390 vicum
553 354 590 389 ad
614 353 751 388 osticium
777 350 970 390 huiusmodi,
993 349 1126 397 eiusque
1145 349 1175 382 li-

425 406 535 441 berum
551 403 745 441 exercitium,
768 413 889 436 necnon
914 400 1066 443 honores,
1081 411 1173 433 onera

424 464 454 490 et
481 454 693 490 emolumenta
733 451 856 498 aliaque
893 449 1089 497 praemissa.
1122 461 1175 495 pvi·

425 505 528 540 dictos
550 501 764 551 praesidentes
780 499 996 547 recipiendum
1017 507 1047 534 et
1062 498 1176 533 admit-

425 554 556 590 tendum
589 552 677 596 sore,
705 560 795 599 prout
824 562 880 584 uos
908 549 994 584 illum
1023 561 1059 584 ex
1093 560 1175 582 nuut-

426 604 594 650 recipimus
621 610 650 637 et
672 601 878 637 admittimus.

474 653 494 701 S
528 655 560 687 5.
596 652 762 695 Quocirca,
790 651 904 685 dilecto
934 649 995 684 [ilio
1029 648 1176 695 magistro

428 753 581 788 tonotario
615 759 722 786 nostro
739 779 748 790 ,
777 762 832 797 pro
860 749 952 785 nobis
979 759 1009 784 et
1034 747 1200 782 Romana*

428 802 568 838 Ecclesia
591 800 687 837 Urbis
708 800 922 847 gubernatori,
941 808 971 834 et
994 799 1024 833 in
1047 797 1176 833 Camern

429 851 599 900 praedicta,
635 863 692 898 pro
719 849 834 885 dilecto
862 849 927 884 lilio
953 847 1116 896 Rapbaele
1143 847 1176 882 S.

428 901 555 949 Georgii
577 901 615 936 ad
645 900 757 936 Velum
787 900 928 934 Aureum
952 899 1086 934 diacono
1108 909 1178 933 cat·-

428 951 536 996 dinali,
548 951 719 988 camerario
737 959 856 994 nostro,
871 949 1110 989 locumtenenti‚
1125 959 1179 995 pm·

428 1001 598 1050 apostolica
615 1001 743 1049 scripta,
762 1008 848 1035 motu
874 999 967 1035 simili
992 997 1180 1033 mandamus

428 1060 586 1099 quatenus
603 1051 772 1099 praemissa
786 1050 892 1085 omnia
907 1057 938 1085 et
959 1048 1096 1096 singula,
1115 1047 1178 1090 ubi.
1199 1057 1202 1076 ι

429 1101 557 1149 quando
579 1110 609 1137 et
631 1101 754 1149 quoties
775 1112 856 1147 opus
879 1099 997 1143 suerit,
1027 1098 1178 1145 publicari

430 1152 533 1192 saciat,
555 1151 738 1186 auctoritate
762 1158 865 1185 nostra
892 1149 1010 1184 dictum
1039 1147 1179 1183 Ludovi-

430 1214 515 1246 cum,
537 1201 576 1236 ad
598 1200 745 1236 effectum
768 1199 967 1244 huiusmodi,
984 1199 1115 1245 eiusque
1136 1197 1181 1232 li-
1200 1221 1202 1223 -

429 1252 543 1287 berum
565 1251 747 1286 exercitium
775 1262 810 1284 ac
832 1249 970 1284 bonores
984 1277 992 1290 ,
1026 1260 1121 1283 onera
1151 1256 1179 1280 et
1200 1263 1203 1277 ι

430 1302 643 1337 emolumenta
660 1328 668 1341 ‚
695 1301 819 1347 aliaque
841 1299 1010 1346 praemissa
1033 1297 1129 1344 recipi
1153 1306 1180 1330 vt

430 1351 565 1393 admitti,
588 1351 671 1386 iuxta
685 1349 761 1385 dicti
774 1349 891 1384 decreti
904 1348 1129 1384 continentiam
1153 1356 1179 1381 et

432 1411 586 1445 tenorem,
608 1413 671 1436 nou
695 1400 882 1447 permittens
908 1411 995 1444 eum,
1021 1410 1078 1446 per
1101 1397 1179 1432 dile-

431 1460 499 1487 ctos
521 1451 601 1486 filios
630 1449 815 1486 secretarios
846 1457 969 1484 nostros
995 1461 1050 1484 seu
1079 1459 1181 1494 quos—

431 1513 569 1549 cumque
590 1499 680 1545 ali0s‚
702 1499 851 1547 desuper,
873 1499 985 1547 quovis
1005 1496 1100 1533 modo
1114 1509 1182 1531 mo-

432 1551 550 1586 lestari.
565 1549 822 1586 Contradictores
846 1557 899 1583 etc.

481 1601 501 1649 g
527 1603 560 1635 4.
583 1600 652 1636 Non
675 1599 873 1635 obstantibus
895 1606 947 1633 etc.

483 1650 567 1685 Nulli
590 1662 665 1697 ergo
687 1658 739 1684 etc.

483 1700 597 1736 Datum
622 1699 740 1735 Romae
763 1699 844 1748 apud
868 1697 1019 1733 Sanctum
1041 1697 1182 1740 Petrum.

436 1850 638 1899 pontificatus
659 1849 756 1885 nostri
780 1861 863 1884 anno
891 1861 985 1884 nono.

454 1912 515 1944 Dat.
531 1912 578 1944 die
593 1911 631 1943 22
646 1911 822 1952 septembris
839 1911 925 1948 1500,
941 1916 1021 1951 pont.
1041 1919 1116 1941 anno
1132 1918 1168 1939 ix.

769 2059 852 2095 XlV.

438 2136 640 2171 Minimorum
672 2146 723 2169 seu
750 2134 960 2167 Eremitarum
986 2132 1145 2169 Ordinem,
1168 2141 1187 2163 α

486 2186 600 2220 Sancto
627 2185 792 2218 Francisco
819 2185 855 2217 de
891 2183 993 2217 Paula
1015 2192 1110 2226 nuper
1135 2181 1186 2213 in-

487 2237 637 2273 stitutum,
649 2235 818 2280 privilegiis
830 2240 856 2267 et
866 2233 977 2278 gratiis
992 2233 1122 2269 donans,
1136 2242 1185 2274 ap·

483 2286 610 2331 probem
623 2285 772 2329 Regulam
785 2283 901 2317 noviter
912 2283 1110 2327 reformatam
1121 2292 1188 2313 con-

487 2337 604 2381 firmat,
625 2335 667 2368 ad
679 2336 836 2380 ipsumque
859 2332 1102 2367 Mendicantt'um
1124 2330 1187 2364 Or-

489 2386 596 2419 dinum
616 2385 851 2430 praerogativas
873 2390 899 2417 et
920 2382 1126 2427 indulyentias
1140 2392 1190 2413 ex-

491 2435 584 2469 tendit
607 2436 664 2478 (1).

708 2503 921 2534 summumst

443 2562 631 2594 Prooemium.
649 2579 688 2584 —
707 2562 733 2591 t.
752 2561 781 2591 B.
802 2561 977 2591 Franciscus
990 2557 1188 2589 eremitorium

483 2610 512 2639 in
531 2608 594 2638 loco
613 2608 647 2638 de
666 2606 755 2637 Paula
779 2607 922 2642 aedificat,
940 2615 974 2635 ex
999 2603 1190 2642 concessione

478 2671 517 2708 (Ξ)
534 2671 572 2699 Ex
592 2670 696 2707 Regest.
715 2670 740 2697 in
760 2669 867 2697 Archiv.
892 2669 965 2695 Vatic

1200 1281 1203 1314 l

434 1763 518 1786 anno
544 1749 773 1786 lncarnationis
804 1748 983 1784 dominicae
1016 1759 1151 1782 men

434 1800 702 1849 quingentesimo,
724 1799 848 1834 decimo
868 1798 1016 1833 kalendas
1035 1797 1182 1839 octobris.

999 243 1136 267 Butam
1143 243 1186 266 [tt
1212 241 1371 265 ROMANUM

1256 294 1473 335 archiepiscopi
1502 292 1662 324 Cosentini.
1690 307 1730 314 —
1756 289 1834 320 Haec
1864 289 1967 320 sedulo

1258 341 1426 375 examinari,
1452 339 1678 377 confirmarique
1697 336 1844 367 mandavit
1869 334 1967 366 Sixtus

1257 385 1290 415 tv
1309 385 1448 425 episcopo
1464 383 1492 414 S.
1510 383 1609 419 Marci,
1626 399 1665 405 —
1679 381 1734 418 Qui
1753 381 1840 411 etiam
1860 379 1969 418 reperit

1257 431 1443 460 donatiouem
1473 438 1538 458 vere
1559 428 1674 464 factam,
1702 427 1824 466 locaque
1848 425 1969 455 iurisdi-

1257 476 1346 505 ctioni
1367 474 1394 505 S.
1415 473 1498 504 Sedis
1518 477 1674 503 reservata.
1691 489 1730 494 —
1748 470 1846 501 Sixtus
1869 470 1968 510 itaque

1258 520 1444 550 donationem
1474 523 1629 557 ceteraque
1651 517 1749 547 omnia
1773 515 1909 546 firmavit.
1930 530 1970 536 —

1257 564 1284 594 ⁹2.
1315 564 1520 595 Eremitorium
1547 562 1777 599 Consentinum,
1807 560 1968 596 ecclesias,

1259 609 1319 639 loca
1340 614 1368 638 et
1386 609 1459 638 bona
1480 608 1576 638 omnia
1597 612 1625 637 et
1643 615 1784 646 personas
1809 605 1863 635 soli
1887 605 1968 642 Apo—

1260 654 1380 684 stolirae
1409 652 1477 683 Sedi
1509 652 1677 682 immediate
1709 651 1840 682 subiecta
1871 651 1970 681 decla-

1260 699 1340 733 ravit,
1355 715 1394 720 —
1408 698 1435 728 3.
1451 697 1543 734 Quam
1569 696 1795 727 declarationem
1817 695 1852 725 ad
1869 696 1970 735 acqui-

1260 743 1348 773 renda
1379 744 1406 773 in
1441 747 1589 782 posterum
1628 741 1795 771 eremitar-ia
1833 740 1969 770 extendit.

1258 805 1297 810 —
1324 789 1351 818 4.
1381 787 1458 818 llaec
1484 787 1580 817 omnia
1610 786 1793 817 confirmavit
1824 784 1970 814 lnnocen—

1261 834 1318 862 tius
1338 831 1408 862 Ylll.
1434 850 1473 855 —-
1497 833 1523 862 5.
1544 831 1572 861 Β.
1591 832 1688 870 itaque
1707 829 1882 860 Franciscus
1900 837 1972 859 non-

1260 877 1340 907 nulla
1360 887 1411 916 pro
1428 878 1492 907 suis
1512 876 1665 907 heremitis
1697 874 1828 905 condidit
1853 877 1970 904 statuta.

1260 939 1298 945 —
1315 922 1342 953 6.
1365 921 1402 951 Ea
1423 921 1605 952 confirmavit
1628 920 1799 950 Alexander.
1818 936 1857 942 —
1876 919 1901 949 7.
1920 916 1972 949 Or-

1260 968 1322 997 dini
1340 976 1407 997 vero
1426 966 1560 996 concedit
1588 965 1686 995 onmia
1705 969 1732 995 et
1751 963 1866 1003 singula
1886 963 1974 1003 privi-

1260 1012 1333 1051 legia
1353 1010 1495 1042 Ordinurn
1515 1010 1803 1040 Mendicantium.—
1820 1008 1846 1038 8.
1866 1007 1972 1038 Beatus

1261 1057 1438 1087 Frunciscus
1465 1060 1571 1085 statuta
1591 1059 1674 1084 antea
1699 1052 1847 1083 efformata
1876 1052 1973 1083 resor-

1262 1106 1329 1137 mat,
1345 1101 1451 1140 datque
1469 1099 1609 1129 fratribus
1627 1098 1703 1128 tertii
1719 1096 1850 1134 Ordinis,
1866 1114 1904 1119 —
1918 1096 1976 1127 Ea-

1261 1156 1318 1186 que
1332 1146 1425 1185 Papae
1442 1146 1563 1185 porrigit
1577 1143 1789 1180 confirmanda,
1801 1160 1840 1164 —
1850 1142 1878 1173 9.
1891 1141 1974 1178 Quod

1261 1190 1388 1229 benigue
1411 1190 1546 1220 concedit
1575 1188 1714 1219 Pontifex.
1742 1205 1780 1210 -
1809 1188 1854 1218 10.
1880 1186 1976 1217 Tenor

1262 1241 1389 1280 Regulae
1408 1246 1436 1270 et
1458 1240 1665 1280 capitulorum.
1686 1256 1724 1260 —
1743 1239 1788 1268 11.
1807 1237 1877 1277 Cap.
1896 1237 1916 1268 Ι.
1935 1237 1974 1268 De

1262 1291 1447 1320 observantia
1479 1290 1645 1320 divinorum
1676 1292 1910 1328 praeceptorum.
1935 1304 1974 1310 --

1264 1340 1310 1369 1-2.
1335 1339 1402 1379 Cap.
1424 1338 1458 1368 ll.
1480 1338 1518 1368 De
1537 1339 1634 1368 divino
1653 1338 1759 1373 officio,
1781 1337 1926 1367 sacrificio
1945 1342 1973 1366 et

1262 1389 1400 1419 laudibus
1423 1389 1539 1419 divinis.
1557 1406 1596 1410 —
1615 1387 1657 1418 13.
1677 1386 1744 1427 Cap.
1764 1385 1811 1416 lll.
1830 1385 1868 1416 De
1890 1386 1978 1417 diffe-

1263 1439 1356 1468 rentia
1381 1437 1499 1468 habitus
1519 1437 1718 1477 professorum
1742 1440 1770 1466 et
1792 1435 1976 1472 novitiorum.

1263 1499 1296 1518 ac
1319 1489 1508 1518 distinctione
1527 1487 1692 1517 oblatorum
1715 1490 1743 1515 et
1765 1485 1975 1515 tertiariorurn.

1263 1556 1301 1560 —
1321 1539 1366 1568 14.
1383 1537 1450 1577 Cap.
1466 1536 1511 1566 tv.
1531 1536 1569 1566 De
1587 1535 1766 1575 recipiendis
1785 1534 1820 1564 ad
1837 1532 1976 1564 Ordinem

1264 1592 1292 1617 et
1313 1587 1430 1627 quando
1450 1586 1553 1616 fratres
1581 1584 1705 1615 orationi
1725 1588 1753 1614 et
1784 1583 1976 1614 taciturnitati

1264 1637 1401 1668 insistere
1435 1636 1593 1666 habebunt.
1628 1651 1667 1656 —
1700 1634 1745 1664 15.
1773 1633 1840 1672 Cap.
1874 1632 1907 1663 V.
1939 1633 1978 1663 De

1264 1686 1468 1726 superioribus
1494 1685 1613 1715 Ordinis
1639 1688 1667 1714 et
1695 1684 1729 1713 de
1757 1682 1924 1713 obedientia
1951 1688 1980 1713 et

1266 1736 1427 1767 reverentia
1452 1736 1523 1775 ipsis
1541 1733 1715 1765 exbibenda.
1733 1750 1772 1755 —
1791 1732 1836 1763 16.
1848 1732 1917 1773 Cap.
1933 1732 1979 1763 vl.-

1266 1786 1304 1816 De
1328 1785 1580 1827 praedicatoribus
1613 1793 1646 1813 ac
1678 1783 1876 1813 saecularium
1911 1791 1980 1812 con·

1267 1835 1429 1866 sessoribus
1463 1834 1630 1873 ceterisque
1654 1831 1840 1862 officialibus.
1867 1848 1905 1854 —
1933 1832 1978 1862 17.

1266 1884 1333 1924 Cap.
1351 1884 1409 1914 Vll.
1428 1884 1466 1914 De
1489 1888 1657 1923 paupertate
1685 1882 1807 1911 fratrum
1831 1885 1858 1911 et
1880 1889 1978 1912 rerum

1266 1934 1510 1974 expropriatione.
1524 1950 1564 1955 —
1575 1932 1621 1962 18.
1636 1931 1704 1970 Cap.
1720 1929 1789 1960 Vlll.
1805 1929 1845 1961 De
1861 1930 1981 1970 dispen-

1267 1985 1381 2015 satione
1413 1983 1665 2022 eleemosynarum
1683 1980 1982 2021 pecuniariarum.—

1268 2034 1315 2064 19.
1335 2034 1401 2073 Cap.
1421 2032 1463 2063 tx.
1482 2032 1520 2062 De
1544 2032 1665 2062 ieiunio.
1686 2030 1784 2062 -ΞΟ,
1807 2029 1873 2070 Cap.
1889 2028 1920 2059 X.
1942 2029 1982 2059 De

1268 2082 1404 2122 capitulis
1436 2087 1464 2112 et
1487 2081 1681 2112 electionibus
1712 2079 1920 2120 praelatorum.
1943 2095 1982 2101 —

1267 2127 1315 2157 21.
1343 2127 1410 2167 Cap.
1432 2127 1452 2157 l.
1477 2127 1516 2157 De
1539 2126 1644 2156 officiis
1668 2134 1735 2164 erga
1764 2124 1855 2154 Deum
1889 2132 1980 2162 gene-

1268 2174 1363 2204 ratim.
1400 2191 1438 2195 —
1466 2172 1514 2202 222.
1547 2171 1615 2210 Cap.
1651 2170 1683 2201 ll.
1715 2169 1754 2200 De
1788 2169 1886 2200 divino
1919 2167 1983 2199 offi-

1269 2219 1314 2248 cio
1343 2224 1370 2248 et
1395 2219 1513 2248 servitio
1536 2217 1751 2247 defunctorum.
1778 2231 1817 2237 ·-
1841 2214 1888 2244 23.
1914 2211 1982 2253 Cap.

1268 2262 1315 2292 Ill.
1341 2262 1380 2293 De
1412 2263 1599 2293 consessione
1632 2267 1659 2291 et
1695 2259 1902 2291 communione
1935 2257 1981 2288 sa-

1271 2313 1383 2343 cienda.
1401 2330 1440 2335 —
1457 2313 1505 2342 ⁶24.
1523 2312 1590 2351 Cap.
1614 2310 1658 2340 tv.
1677 2309 1715 2339 De
1735 2309 1859 2339 vanitate
1879 2307 1981 2337 mundi

1271 2361 1418 2401 fugienda.
1441 2379 1479 2384 -—
1497 2361 1544 2391 ⁶25.
1566 2360 1634 2399 Cap.
1658 2359 1688 2389 Υ.
1707 2358 1746 2388 De
1769 2358 1899 2394 ieiuniis,
1925 2357 1980 2386 ab-

1271 2412 1407 2442 stinentia
1427 2416 1455 2442 et
1473 2410 1610 2451 operibus
1634 2408 1866 2439 misericordiae.
1880 2424 1920 2430 —
1934 2406 1981 2437 26.

1270 2461 1338 2501 Cap.
1361 2461 1405 2492 Π.
1433 2461 1472 2491 De
1493 2459 1688 2496 vestimentis,
1714 2458 1842 2489 cordone
1866 2462 1893 2488 et
1915 2466 1982 2497 pro-

1273 2510 1409 2541 fessione.
1424 2527 1465 2534 —-·
1480 2510 1527 2540 27.
1547 2509 1614 2549 Cap.
1633 2508 1691 2539 Vll.
1706 2508 1744 2538 De
1763 2507 1980 2538 correctoribus

1272 2564 1300 2590 et
1325 2559 1550 2590 correctricibus
1577 2557 1765 2593 annualibus,
1787 2565 1820 2586 ac
1848 2555 1883 2586 de
1910 2564 1981 2595 pace

1273 2610 1400 2640 fraterna
1427 2614 1455 2640 et
1477 2609 1506 2639 in
1529 2609 1604 2638 bono
1625 2606 1852 2647 perseverantia.
1879 2622 1917 2627 -
1934 2604 1981 2634 v328.

1272 2659 1438 2690 Clausulae.

1979 230 2029 260 An.
2045 231 2073 257 C.
2092 231 2156 259 1501
