2281 3251
265 266 314 293 Αιι.
333 267 362 292 ⁴3.
380 267 446 293 t¹t72

287 1563 307 1583 ui
319 1562 376 1584 tratri
395 1563 440 1583 eius

258 1593 349 1619 vesttgia
364 1594 439 1614 imitari

254 1626 275 1644 et
299 1623 376 1644 santae
401 1623 441 1645 Ec-

254 1654 334 1675 etesiae
354 1654 440 1675 muttum

253 1685 356 1710 prodesse
397 1691 438 1706 non

254 1718 347 1736 cessant.

262 2103 302 2125 Pro
319 2104 434 2126 celebrior!

248 2136 311 2162 igitur
331 2135 351 2156 S.
368 2135 436 2157 Fran-

249 2167 300 2187 eisct
309 2165 434 2191 testivttate,

248 2197 281 2216 cui
300 2201 323 2217 se
339 2195 436 2217 Pontifex

248 2228 337 2248 maximo
375 2228 436 2248 devi-

247 2261 302 2278 ctum
312 2264 360 2279 exse
371 2260 436 2285 prol}-

247 2292 309 2314 blut,
367 2289 370 2292 ’

511 256 582 289 2¹0

462 321 580 358 vandas
616 322 740 356 animas
775 321 874 368 ipsius
907 320 1078 356 Salvatoris
1117 321 1214 356 nostri

463 371 601 420 pretioso
620 383 731 406 cruore
754 371 945 417 redemptas,
970 371 1166 405 aberrantem
1187 371 1216 404 li·

463 421 579 456 delium
617 420 739 468 plebem
763 420 800 454 ad
824 421 932 455 salutis
959 432 1053 465 opera
1076 420 1217 454 excitan—

463 471 534 505 dam
565 470 838 515 erudiendumque
873 478 902 503 et
932 481 989 503 suo
1018 470 1214 515 reintegran-

462 520 532 555 dam
549 520 691 558 Auetori,
711 519 909 553 ordinatione
925 531 1062 565 superna
1082 518 1217 552 destina-

463 578 524 609 ttts,
544 570 624 603 inter
640 568 825 603 admiranda
846 569 944 614 ipsius
966 580 1074 614 opera,
1093 568 1214 614 Spiritu

463 619 617 654 Paraclito
654 618 835 664 inspirante,
860 630 970 652 novam
995 620 1124 652 l'ratrum
1153 618 1214 652 Mi-

463 680 574 703 norum
593 667 792 714 Religionem
810 679 942 706 sacram,
961 667 998 701 ad
1012 667 1070 702 Dei
1090 667 1214 702 laudem

461 725 491 752 ct
517 717 662 763 gloriam,
691 717 853 751 militantis
881 716 1040 751 Ecclesiae
1068 716 1214 751 decorem

461 779 497 801 ac
532 766 639 813 populi
672 766 835 800 christiani
870 766 1059 813 profectum,
1088 766 1118 800 iu
1140 778 1215 812 agro

462 815 624 850 dominico
655 823 796 862 {empore
830 823 1010 862 opportuno
1045 815 1214 861 plantavit,

463 865 597 900 instituit
620 872 650 899 et
681 877 774 911 supra
799 873 931 911 petram,
959 876 1039 911 quae
1067 864 1213 899 Christus

461 922 519 954 est,
543 922 697 961 perpetuo
713 913 872 957 stabilivit,
893 922 923 948 ut
944 914 1113 961 praecipua
1137 914 1215 948 viro-

462 976 529 998 rum
551 964 667 1010 insigni
689 963 910 1007 sanctimonia,
934 963 1087 1002 moribus,
1109 963 1214 998 scien-

461 1013 500 1047 tia
523 1021 617 1060 atque
640 1012 806 1047 virtutibus
829 1012 1058 1060 praeditorum,
1081 1012 1213 1047 foecun-

460 1061 557 1097 ditate
573 1070 602 1097 et
619 1062 845 1096 numerositate
863 1062 1054 1106 exuberans,
1071 1061 1214 1096 fructuo-

459 1123 512 1146 sos
536 1111 678 1158 palmites
695 1123 733 1146 ex
747 1111 818 1146 Vite
832 1110 912 1146 Vera
938 1111 1137 1158 produceret,
1159 1111 1211 1158 qui

459 1160 578 1196 Christi
616 1160 763 1195 vexillum
797 1172 852 1208 per
884 1160 991 1195 orbem
1028 1160 1210 1195 uuiversum

460 1210 584 1255 vehere,
607 1222 734 1254 nomeu,
749 1209 835 1257 quod
857 1219 904 1245 est
922 1222 1020 1256 super
1042 1221 1137 1245 omne
1159 1221 1212 1244 no-

460 1271 544 1300 men,
567 1259 692 1295 cunctis
713 1259 861 1306 gentibus
885 1259 1080 1306 praedicare,
1092 1259 1211 1294 saluta-

459 1309 546 1343 ribus
569 1309 701 1356 insuper
723 1309 864 1353 monitis,
891 1307 1163 1344 exhortationibus
1181 1317 1212 1343 et

456 1358 610 1405 exemplis
645 1358 798 1393 diabolica
831 1357 939 1393 fraude
967 1357 1117 1404 deceptos
1143 1357 1210 1392 Deo

455 1406 652 1448 lucrifacere,
674 1416 704 1441 et
733 1420 748 1441 a
772 1407 900 1453 maligni
928 1407 1026 1442 hostis
1058 1407 1210 1442 servitute

455 1457 591 1503 eripere,
611 1455 716 1491 studio
743 1456 902 1491 indefesso
925 1455 1165 1491 contenderent.

503 1505 524 1553 S
551 1507 584 1540 ⁶2.
612 1505 890 1547 Quemadmodum
918 1505 994 1540 haec
1022 1505 1122 1552 ipsius
1160 1506 1210 1540 in—

455 1554 519 1589 cliti
550 1556 648 1602 patris
683 1555 824 1602 germina
850 1563 881 1590 et
908 1555 1112 1601 vestigiorum
1141 1555 1210 1590 eius

455 1603 576 1651 providi
595 1612 777 1640 sectatores,
799 1603 1008 1639 benedicente
1032 1604 1208 1649 Altissimo,

455 1652 621 1700 multiplici
643 1654 672 1687 iu
696 1653 790 1688 domo
809 1653 936 1688 Domini
960 1661 990 1687 et
1011 1653 1119 1699 gratiis
1141 1666 1209 1700 per-

455 1702 516 1737 l'usi
545 1703 747 1743 coelestibus,
776 1703 868 1749 longe
893 1703 1017 1749 lateque
1045 1703 1208 1737 universas

455 1752 597 1787 nationes
625 1752 804 1787 mortalium
834 1760 1054 1798 penetranteS,
1089 1751 1206 1786 Christi

453 1800 660 1847 Evangelium
703 1813 737 1835 ac
776 1813 865 1836 verae
903 1802 973 1835 sulci
1015 1802 1205 1836 documenta

451 1851 574 1885 cunctis
595 1850 744 1898 gentibus
767 1851 930 1890 nunciare,
958 1851 1060 1886 eidem
1089 1850 1207 1886 Eccle-

450 1899 516 1934 siae
537 1899 732 1935 antemuralc
760 1900 967 1939 constituere,
989 1912 1025 1935 ac
1049 1912 1104 1947 pro
1128 1900 1204 1935 virili

450 1960 508 1983 suo
535 1949 628 1989 tueri,
652 1949 775 1984 munire
802 1957 832 1983 et
853 1950 1005 1996 ampliare
1042 1961 1104 1984 nou
1133 1961 1206 1984 ces-

449 2006 530 2032 sant.

499 2047 519 2094 S
555 2050 586 2083 5.
615 2047 650 2082 In
682 2047 777 2083 huius
812 2047 906 2095 igitur
933 2048 1098 2083 solemniis
1131 2048 1203 2083 almi

452 2102 547 2150 patris
586 2101 808 2149 seraphicique
829 2101 1009 2145 Francisei,
1032 2114 1125 2149 quem
1150 2115 1206 2137 su-

452 2168 581 2204 premus
608 2156 659 2190 ille
687 2156 934 2199 Paterfamilias,
966 2168 1020 2202 pro
1049 2156 1205 2203 multipli-

450 2217 519 2245 cato
547 2221 618 2244 cum
651 2209 777 2245 talentis
803 2209 862 2244 sibi
885 2209 1013 2244 creditis
1051 2209 1205 2244 innume-

451 2264 597 2299 rabilium
645 2266 821 2299 animarum
869 2264 974 2301 lucro,
1020 2266 1205 2311 praeclaris-

449 2330 511 2365 que
524 2318 694 2353 virtutibus
715 2318 796 2357 aliis,
814 2329 927 2352 corona
948 2318 1066 2363 gloriae
1082 2318 1203 2353 interna

449 2371 590 2407 claritate
613 2372 804 2419 magnificat,
823 2380 853 2407 et
876 2373 964 2419 qnasi
989 2372 1147 2406 lucernam
1174 2373 1202 2405 iu

447 2425 544 2461 domo
562 2425 690 2461 Domini
715 2427 1001 2474 positam,summ0
1025 2426 1203 2461 devotionis·

446 2480 555 2516 studio
582 2480 705 2516 censuit
733 2493 748 2515 a
772 2481 896 2516 eunctis
926 2481 1073 2515 fidelibus
1107 2493 1204 2514 vene—

446 2535 527 2570 rari:
555 2535 742 2583 cupientes,
778 2545 866 2582 prout
901 2536 1004 2582 operis
1040 2545 1069 2570 et
1107 2536 1201 2569 oflicii

448 2589 544 2624 nostri
568 2589 710 2625 debitum
734 2602 802 2625 esse
825 2590 1052 2637 conspicimus,
1073 2598 1203 2637 propter

449 2643 546 2680 mirae
581 2644 754 2679 sanctitatis
786 2644 1028 2690 excellentiam,
1052 2645 1202 2679 virtutum

1052 266 1240 290 antarum!
1265 267 1427 290 ROMANFM

2233 0 2281 170 l

2251 168 2270 213 ὲ

2031 266 2080 294 *tn
2099 266 2128 293 c.
2143 266 2212 294 im
2243 235 2275 324 ξ

1259 334 1387 356 suarum
1411 320 1591 362 cumulum,
1612 321 1804 368 exigentiam
1828 320 2013 357 meritorum

1259 379 1288 405 et
1316 371 1398 406 hauc
1420 370 1621 416 Religionem
1649 378 1811 414 sanctam,
1841 370 1879 405 ad
1915 370 2015 405 extir-

1260 421 1379 467 pandas
1400 420 1558 460 haereses,
1585 420 1858 455 schismaticorum
1882 427 1912 454 et
1941 419 2015 454 infi-

1259 470 1378 504 delium
1407 468 1618 504 confutandos
1644 481 1783 513 errores,
1814 468 2012 504 credentium

1259 531 1332 554 vero
1367 519 1566 566 profectum,
1605 518 1776 553 salubriter
1810 519 2013 560 institutam,

1258 577 1412 615 quantum
1437 568 1528 602 nobis
1549 580 1586 602 cx
1609 568 1670 602 alto
1694 567 1891 611 conceditur,
1919 579 2014 603 vene-

1259 618 1411 652 rationem
1440 628 1611 663 congruam
1634 627 1665 652 et
1687 617 1841 652 honorem
1864 617 2014 660 adiicere,

1257 679 1294 701 ac
1321 676 1407 702 tanto
1429 666 1602 701 confessori
1635 667 1784 712 glorioso,
1808 678 1863 713 pro
1880 666 2014 701 summis

1259 717 1287 750 in
1309 728 1366 750 nos
1386 715 1560 754 beneficiis,
1585 716 1768 762 praesertim
1795 715 1835 750 ab
1858 716 1934 762 ipsis
1956 728 2014 750 cu-

1258 765 1402 803 nabulis,
1437 776 1510 800 cum
1539 765 1641 798 vitalis
1675 765 1808 811 spiritus
1841 765 1872 799 in
1907 773 2014 800 nostro

1259 814 1449 861 corpusculo
1470 813 1627 861 palpitans
1643 815 1784 860 extingui
1809 814 1952 860 protinus
1967 814 2014 847 vi-

1257 864 1399 903 deretur,
1422 864 1522 918 ipsius
1551 863 1694 910 protinus
1722 864 1841 898 meritis
1868 872 1898 898 et
1921 865 2016 898 inter-

1256 913 1400 948 cessione
1422 913 1572 960 pristinae
1589 912 1723 948 restituti
1739 912 1858 947 fuimus
1873 913 2012 952 sanitati:

1256 975 1328 997 cum
1357 970 1388 997 et
1419 961 1490 996 aliis
1513 961 1684 1008 gratiarum
1708 961 1800 996 donis
1822 971 1852 997 et
1883 963 2014 997 futuro-

1257 1025 1326 1046 rum
1356 1011 1549 1059 praesagiis,
1581 1023 1662 1066 quae
1690 1011 1776 1046 cordi
1801 1019 1908 1047 nostro
1935 1012 2013 1047 insi-

1255 1061 1332 1096 dent
1354 1070 1384 1097 et
1406 1072 1557 1095 memoria
1593 1061 1709 1107 iugiter
1740 1061 1926 1116 retinemus,
1946 1070 2010 1096 tum

1254 1111 1328 1158 quia
1364 1110 1498 1145 diversis
1525 1109 1724 1157 temporibus
1745 1109 1828 1155 aliis,
1857 1110 1888 1145 in
1920 1110 2012 1146 variis

1256 1160 1352 1195 nostri
1388 1159 1530 1207 corporis
1554 1158 1679 1194 morbis·
1703 1167 1734 1193 et
1761 1158 1908 1194 humanis
1930 1160 2010 1196 casi-

1255 1209 1313 1245 bus
1336 1208 1511 1247 constituti
1535 1208 1692 1256 praesidio
1721 1209 1821 1256 ipsius
1847 1209 1885 1244 B.
1909 1208 2011 1244 Fran-

1253 1259 1339 1299 cisci,
1361 1259 1416 1306 qui
1440 1270 1496 1293 nos
1518 1258 1555 1292 ad
1571 1269 1691 1293 sacram
1708 1257 1907 1305 Religionem
1928 1271 2009 1306 prae-

1253 1307 1384 1348 dictam,
1402 1307 1491 1355 quasi
1513 1306 1585 1342 data
1612 1319 1720 1347 manu,
1739 1319 1795 1355 pro
1814 1320 1870 1343 sua
1895 1309 2008 1355 pietate

1255 1357 1386 1402 vocavit,
1407 1364 1438 1392 et
1459 1355 1499 1391 ad
1515 1356 1596 1391 hanc
1619 1368 1719 1404 usque
1741 1356 1841 1398 diem,
1863 1369 1933 1392 eum
1954 1357 2010 1393 ho-

1254 1406 1348 1441 minis
1367 1384 1533 1452 titriusque
1554 1405 1666 1446 salute,
1684 1406 1821 1442 Domino
1835 1415 2008 1463 annuente,

1253 1455 1411 1502 perduxit
1433 1455 1529 1490 adiuti
1557 1462 1587 1490 et
1615 1454 1734 1490 liberati
1763 1456 1938 1492 extitimus.

1294 1505 1370 1561 ἓ4.
1392 1504 1454 1540 Pro
1469 1504 1561 1539 cuius
1583 1505 1746 1550 memoria,
1769 1506 1840 1541 eius
1863 1505 2004 1542 habitum
2036 1521 2118 1543 restam
2139 1523 2207 1550 ipsiu·

1251 1565 1281 1590 et
1293 1554 1432 1601 insignia
1445 1553 1481 1588 ad
1499 1560 1674 1589 extremum
1693 1567 1792 1603 usque
1807 1555 1891 1591 diem
1910 1556 2005 1592 corde
2020 1553 2210 1608 ξζζξοζῖῗῶῗζζῖ

1252 1604 1367 1651 iugiter
1398 1612 1521 1650 gestare
1547 1603 1726 1648 statuimus,
1753 1605 1847 1640 etiam
1872 1616 1929 1652 pro
1956 1605 2006 1640 lus
2020 1614 2155 1641 derv-coer
2161 1619 2208 1636 ser·

1250 1653 1388 1700 acceptis
1398 1631 1577 1687 Ubeneficiis
1601 1652 1782 1700 possibilem
1815 1653 1905 1689 nobis
1926 1667 2005 1701 gra-
2019 1644 2207 1702 {iiiiifelliiss

1250 1703 1418 1738 titudinem
1446 1702 1596 1749 aliquam,
1623 1714 1700 1738 suae
1727 1704 1872 1751 quamvis
1893 1705 2003 1740 excel-
2020 1710 2062 1728 ω’·

1251 1753 1365 1787 lentiae
1386 1752 1551 1799 imparem,
1566 1763 1621 1797 pro
1636 1753 1706 1787 eius
1726 1753 1824 1799 gloria
1839 1760 1870 1788 et
1884 1752 2005 1790 honore

1249 1802 1491 1848 animarumque
1505 1800 1618 1844 salute,
1640 1802 1764 1837 sincero
1782 1811 1812 1837 et
1830 1801 1920 1837 hilari
1940 1803 2006 1838 ani—

1249 1864 1301 1887 mo
1329 1850 1500 1891 exhibere,
1540 1862 1662 1886 necnon
1697 1851 1797 1898 ipsius
1830 1851 2005 1888 festivitatis

1248 1901 1331 1936 diem
1372 1899 1553 1944 celebrem,
1592 1900 1756 1947 magisque
1789 1900 1938 1936 devotum
1974 1909 2006 1938 et

1248 1949 1369 1986 cunctis
1388 1947 1535 1983 fidelibus
1556 1949 1783 1996 acceptabilem
1811 1950 2005 1987 constituere

1248 2001 1279 2034 in
1309 1999 1468 2037 futurum,
1499 1997 1538 2033 de
1565 1998 1793 2046 omnipotentis
1820 1998 1877 2035 Dei
1901 2001 2005 2036 mise-

1249 2048 1381 2084 ricordia
1413 2059 1449 2082 ac
1472 2047 1634 2083 beatorum
1658 2048 1742 2084 Petri
1758 2056 1788 2084 et
1803 2048 1895 2084 Pauli
1917 2062 2004 2098 apo-

1247 2102 1401 2138 stolorum
1425 2102 1610 2138 auctoritate
1641 2102 1764 2147 confisi,
1793 2103 1948 2140 universis
1974 2112 2005 2140 et

1247 2157 1380 2203 singulis
1413 2157 1581 2205 utriusque
1607 2169 1703 2193 sexus
1726 2157 1871 2193 fidelibus
1899 2158 2004 2194 ubili-

1249 2211 1299 2245 bet
1325 2211 1516 2251 constitutis,
1539 2223 1612 2246 vere
1630 2211 1866 2258 poenitentibus
1885 2221 1913 2247 et
1931 2225 2004 2247 eon-

1247 2262 1355 2303 sessis,
1390 2265 1441 2311 qui
1471 2264 1614 2300 eiusdem
1649 2265 1776 2311 gloriosi
1811 2266 2002 2302 confessoris

1249 2318 1407 2353 Francisci
1439 2319 1636 2354 festivitatem
1666 2319 1758 2359 lianc,
1785 2331 1880 2366 quam
1909 2319 2001 2355 dein-

1247 2385 1321 2419 ceps
1351 2373 1512 2420 perpetuis
1545 2372 1657 2407 suturis
1690 2373 1888 2420 temporibus
1914 2374 2001 2409 cele-

1247 2426 1334 2461 brem
1358 2439 1458 2471 esse,·
1478 2435 1511 2461 ut
1546 2425 1657 2461 festum
1681 2426 1797 2474 duplex
1832 2439 1847 2461 a
1876 2428 2001 2463 cunctis

1247 2480 1426 2515 christianis
1455 2479 1623 2520 celebrari,
1656 2480 1695 2515 ab
1721 2481 1871 2528 omnique
1902 2493 1997 2529 opere.

1246 2535 1348 2571 servili
1391 2535 1553 2580 abstineri,
1589 2542 1618 2569 et
1640 2535 1700 2570 sub
1738 2536 1934 2572 observantia
1969 2544 1999 2572 et

1247 2597 1413 2637 praecepto
1428 2588 1659 2637 comprehendi
1677 2589 1824 2624 volumus
1841 2596 1872 2624 et
1890 2597 1998 2625 tenore

1248 2644 1461 2691 praesentium
1479 2643 1687 2685 declaramus,
1703 2643 1816 2680 devote
1837 2643 2000 2680 celebran-
