2281 3251
222 265 271 292 Αη.
290 263 317 289 C.
341 263 407 290 ta39

256 2448 374 2470 Exordium.

471 252 518 285 4⁶2.

473 317 540 363 Ego
567 316 726 356 Beranda.
760 317 931 363 episcopus
965 314 1174 357 Portueusis,

421 366 590 401 cardinalis
611 366 826 409 Placentinus,
846 365 1040 412 supradictas
1062 363 1175 397 delini·

421 417 524 451 tiones
547 428 634 451 veras
656 425 685 451 et
712 417 882 451 catholicas
904 427 973 449 csse
1000 414 1121 448 assirmo
1144 420 1174 446 et

421 466 606 513 subscripsi.

470 515 538 562 Ego
561 515 598 550 N.
623 516 702 550 tituli
729 514 763 549 S.
787 514 912 551 Crucis,
942 511 1045 559 presb.
1074 510 1173 549 card.,

421 565 611 612 supradictis
638 564 877 599 delinitionibus
906 572 1064 608 tamquam
1094 560 1174 594 veris

421 623 448 648 et
472 615 637 649 catholicis
663 614 847 659 subscripsi.

471 664 538 711 Ego
560 663 596 699 F.
625 664 706 698 tituli
731 662 763 697 S.
787 661 980 699 Clementis,
1012 659 1175 707 presbyter

421 714 601 757 cardinalis,
628 712 820 760 supradictis
852 709 1092 746 delinitionibus
1125 722 1174 742 me

421 763 605 809 subscripsi.

470 812 537 858 Ego
559 813 597 846 A.
623 812 667 845 tit.
691 810 725 845 S.
744 810 855 850 Marci,
880 809 1044 857 presbyter
1072 807 1175 843 cardi·

422 861 512 900 ualis,
536 861 721 907 subscripsi.

471 911 536 955 Ego
559 910 616 945 lul.
641 911 685 944 tit.
702 909 735 944 S.
754 908 903 953 Sabinae,
919 908 1082 956 presbyter
1105 919 1176 941 car-

421 961 548 1000 dinalis,
572 972 622 994 nie
643 960 829 1005 subscripsi.

470 1009 538 1056 Ego
561 1009 698 1056 Prosper
719 1009 765 1043 tit.
789 1008 822 1043 S.
847 1007 975 1054 Georgii
998 1007 1035 1040 :nl
1060 1006 1174 1041 Velum

420 1060 576 1102 Aureum,
595 1059 749 1094 diaconus
768 1058 939 1093 cardinalis
953 1058 990 1091 de
1006 1056 1175 1100 Columna,

420 1109 604 1155 subscripsi.

470 1158 537 1205 Ego
559 1158 748 1193 Dominicus
765 1157 799 1193 S.
818 1157 936 1192 Mariae
960 1157 989 1190 in
1014 1154 1070 1190 Via
1089 1155 1176 1196 Lata,

422 1208 455 1242 S.
478 1206 517 1243 R.
541 1207 578 1242 E.
601 1208 755 1242 diaconus
777 1207 875 1246 card..
902 1205 1088 1252 subscripsi.

482 1268 543 1299 Dat.
565 1270 612 1299 die
635 1269 652 1298 ὓ
672 1269 734 1299 iulii
752 1268 838 1304 1439,
855 1267 958 1307 pontis.
978 1276 1054 1298 anno
1077 1276 1114 1297 ix.

1002 261 1188 284 ut·t.t..ttttrar

761 1428 862 1464 xxlt.

425 1504 589 1548 Est-emptio
610 1515 751 1536 sororum
772 1504 834 1536 sive
858 1503 1041 1536 inont'ali'um
1072 1502 1175 1536 Ordi-

471 1555 518 1586 nis
539 1553 574 1586 S.
603 1553 711 1587 Clarae
752 1566 770 1587 α
799 1553 1010 1586 iurisdictione
1035 1560 1061 1585 el
1087 1564 1177 1596 supe-

469 1603 609 1636 riort'late
631 1604 863 1636 ordinariorum
886 1610 911 1635 et
939 1603 1075 1636 aliorum
1097 1613 1177 1647 quo-

468 1664 682 1697 rumcumque,
704 1660 730 1686 et
752 1664 771 1686 a
797 1653 948 1686 solutione
973 1652 1177 1696 pedagiorum

469 1709 494 1735 et
518 1703 721 1747 quarumlibet
743 1703 1015 1736 contributionum.

695 1780 910 1812 SUMMARIUM

421 1842 588 1873 Exordium.
616 1860 654 1865 —
683 1844 708 1872 l.
727 1842 867 1873 Moniales
897 1842 926 1872 S.
952 1841 1054 1872 Clarae
1081 1840 1177 1880 Papae

461 1892 684 1927 conqueruntur
705 1887 741 1917 de
770 1886 991 1925 gravaminibus
1015 1886 1072 1917 sibi
1102 1886 1177 1916 alias

462 1932 619 1970 impositis.
643 1949 682 1954 —
698 1931 725 1962 Ξ.
748 1931 804 1961 Eas
823 1933 913 1970 igitur
935 1931 971 1961 ab
991 1931 1070 1961 omni
1088 1931 1177 1960 iuris-

461 1977 589 2006 dictione
612 1977 699 2007 etiam
730 1977 946 2006 ordinariorum
977 1975 1109 2006 declarat
1131 1985 1176 2005 ex-

462 2025 585 2060 emptas,
612 2038 651 2043 —
678 2021 704 2051 3.
724 2020 757 2051 Et
775 2021 862 2052 etiam
891 2020 927 2051 ab
945 2020 1024 2050 omni
1053 2019 1178 2058 pedagio

462 2070 489 2095 et
507 2066 735 2096 contributione.
750 2083 788 2088 —
806 2067 834 2096 4.
853 2065 892 2096 De
915 2065 1103 2095 observantia
1124 2065 1178 2094 ltu-

463 2112 544 2141 iusce
563 2111 794 2141 constitutionis.
812 2127 852 2133 —
873 2110 900 2139 5.
919 2109 1107 2139 Obstantium
1127 2109 1178 2138 de-

462 2156 584 2193 rogatio.
610 2172 649 2178 —
680 2156 707 2186 (3.
730 2155 970 2185 lurisdictionem
998 2163 1065 2184 vero
1089 2162 1179 2192 supe-

462 2200 573 2229 riorum
596 2200 716 2230 Ordinis
734 2201 869 2230 eiusdem
894 2203 1071 2238 praeservat.

467 2276 602 2312 augemus
623 2274 766 2313 episcopus
791 2282 888 2304 servus
906 2280 1048 2304 servorum
1074 2273 1132 2307 Dei,

555 2326 590 2354 ad
616 2326 780 2361 perpetuam
802 2325 845 2354 rei
873 2324 1043 2353 memoriam.

473 2396 562 2432 Licet
590 2396 756 2432 Romanus
779 2396 921 2431 Pontifex
949 2408 1060 2431 omnes
1089 2394 1179 2430 Reli-

424 2447 538 2493 giones
559 2455 589 2482 et
618 2447 782 2493 religiosas
805 2458 971 2493 personas,
1006 2457 1178 2492 earumque

426 2497 627 2540 monasteria,
649 2497 715 2531 sive
738 2496 817 2536 loca,
844 2503 972 2531 assueto
995 2494 1179 2541 benignita—

426 2547 464 2581 tis
485 2547 596 2582 affectu
629 2547 775 2592 prosequi
804 2545 1018 2586 consueverit,
1047 2545 1098 2579 illa
1127 2553 1179 2579 ta-

426 2608 497 2631 men
514 2595 686 2643 specialius
707 2595 768 2630 sibi
788 2594 907 2640 subdit,
920 2606 955 2630 ac
970 2607 986 2630 a
1010 2594 1179 2630 cuiuslibet

425 2644 553 2681 alterius
572 2645 790 2681 iurisdictione
810 2655 1007 2692 onerumque
1031 2655 1180 2692 quorum·

1219 260 1379 282 noussen
1989 259 2040 285 An.
2059 257 2089 285 C.
2105 257 2172 285 tri-’29

1217 325 1354 360 eumque
1388 313 1588 347 subiectione
1617 321 1647 347 et
1681 313 1841 348 solutione
1874 313 1973 348 libera

1217 362 1288 396 facit
1312 363 1438 408 penitus
1461 370 1491 396 et
1514 372 1672 408 exempta.
1696 375 1776 408 quae
1801 362 1974 398 maioribus

1217 411 1481 458 oppressionibus
1533 412 1814 459 exactionibusque
1849 421 1973 459 gravata

1218 469 1402 495 noscttnlur.

1266 510 1286 557 g
1318 513 1345 544 l.
1375 509 1522 544 Exbibita
1556 509 1716 557 siquidem
1748 510 1840 545 nobis
1874 523 1976 558 nuper
2002 521 2106 543 unusne.
2152 521 2172 542 s.

1218 572 1274 607 pro
1303 568 1389 606 parte
1411 560 1598 593 dilectarum
1630 560 1660 593 in
1687 560 1816 594 Cbristo
1839 559 1973 594 siliarum
1989 554 2063 575 ‘³¹¹⁰‘
2105 553 2175 581 ΡΨ·

1216 609 1446 644 abbatissarum
1471 618 1500 643 et
1517 617 1732 643 conventuum
1753 610 1973 644 universorum
1989 588 2177 642 ⁶2⁰⁰23?522,¹.¹.¹.‘1-

1219 660 1483 693 monasteriorum
1519 657 1553 693 S.
1591 657 1733 693 Damiani
1762 672 1797 693 ac
1824 658 1977 693 Minoris·
1989 647 2104 705 ξζζοῖζιζ
2122 646 2177 667 “““”

1216 721 1320 742 sarum
1338 717 1368 743 et
1383 708 1416 744 S.
1433 708 1557 747 Clarae,
1572 707 1705 742 Ordinis
1726 708 1869 743 eiusdem
1892 707 1976 743 San-

1217 768 1296 798 ctae,
1330 758 1389 793 sub
1422 759 1577 804 generalis
1606 757 1738 792 ministri
1777 758 1976 804 aliorumque

1217 808 1399 842 officialium
1416 807 1547 842 Ordinis
1570 807 1700 841 fratrum
1724 806 1882 841 Minorum
1901 819 1976 842 cura

1219 856 1351 891 ubilibet
1369 858 1626 900 constitutarum,
1650 858 1759 903 petitio
1783 857 1976 897 continebat,

1217 907 1301 953 quod
1331 907 1372 941 ob
1400 907 1499 941 varias
1521 907 1716 941 decimarum
1744 915 1774 940 et
1796 907 1977 941 caritativo-

1220 969 1286 990 rum
1302 956 1533 999 subsidiorum,
1549 956 1748 1003 aliorumque
1770 968 1904 990 onerum
1922 957 1978 990 im·

1221 1006 1413 1052 positiones,
1440 1014 1502 1040 tam
1533 1018 1589 1053 pro
1617 1005 1780 1040 Romanae
1803 1005 1976 1050 Ecclesiae,

1219 1067 1414 1103 suorumque
1445 1056 1619 1102 legatorum
1644 1064 1674 1089 et
1703 1055 1894 1089 nunciorum
1927 1055 1974 1089 in-

1219 1104 1462 1145 cumbentibus,
1492 1118 1586 1152 quain
1619 1117 1674 1152 pro
1705 1104 1900 1139 honorandis
1928 1117 1978 1138 rc-

1218 1153 1313 1200 gibus
1334 1167 1369 1190 ac
1398 1154 1609 1202 principibus,
1641 1167 1676 1189 ac
1705 1153 1974 1189 communitatum

1219 1204 1498 1248 subventionibus,
1517 1205 1687 1252 apostolica
1701 1204 1887 1238 auctoritate
1908 1203 1977 1238 liac-

1220 1263 1314 1288 tenus
1335 1254 1506 1295 ordinatas,
1537 1255 1725 1288 constitutas
1752 1262 1847 1300 atque
1869 1253 1977 1287 decre·

1219 1312 1276 1343 tas,
1301 1315 1424 1338 necnon
1453 1303 1612 1350 gabe-llas,
1643 1303 1771 1350 pedagia
1803 1312 1833 1338 et
1860 1314 1977 1349 grava-

1219 1352 1315 1396 mina,
1337 1353 1460 1400 aliaque
1476 1365 1570 1388 onera
1599 1353 1690 1388 realia
1721 1366 1776 1400 per
1790 1360 1978 1400 potestates,

1220 1410 1359 1437 rectores
1381 1411 1475 1450 atque
1498 1403 1647 1449 regimina
1665 1401 1856 1442 saecularia,
1871 1401 1979 1446 tactas,

1221 1453 1385 1498 impositas
1417 1460 1446 1487 et
1475 1452 1589 1492 ittaias.
1614 1453 1844 1499 petitionesque
1869 1460 1899 1486 et
1922 1463 1979 1486 ex-

1218 1503 1373 1542 actiones,
1396 1513 1476 1549 quae
1505 1502 1624 1536 ratione
1648 1501 1830 1540 fructuum,
1865 1501 1916 1548 qui
1947 1501 1977 1535 in

1219 1551 1405 1586 eorumdem
1457 1551 1723 1586 monasteriorum
1767 1559 1796 1585 et
1835 1549 1977 1585 locorum

1219 1600 1300 1647 agris
1317 1610 1347 1636 ct
1363 1601 1618 1647 possessionibus
1642 1601 1720 1635 intra
1739 1599 1978 1641 nonnullarum,

1219 1663 1290 1685 eum
1315 1663 1387 1686 cura
1411 1660 1441 1685 et
1463 1650 1532 1685 sine
1554 1663 1642 1694 rura,
1661 1649 1875 1685 Ecclesiarum
1896 1649 1979 1684 limi-

1220 1709 1268 1735 tes
1282 1700 1532 1735 consistentibus
1551 1700 1758 1746 colliguntur,
1780 1711 1796 1734 a
1817 1699 1978 1734 nonnullis

1221 1750 1342 1784 illarum
1383 1749 1560 1785 rectoribus
1586 1759 1616 1785 et
1645 1748 1840 1784 beneficiatis
1879 1748 1978 1783 factae

1219 1807 1291 1834 sunt
1314 1799 1478 1838 bactenus,
1498 1807 1528 1833 et
1544 1799 1623 1833 liuiit
1642 1799 1735 1833 etiam
1751 1798 1790 1833 de
1807 1798 1977 1845 praesenti,

1219 1849 1408 1893 abbatissae,
1432 1857 1619 1888 conventus,
1636 1849 1800 1887 moniales,
1822 1855 1979 1882 monaste-

1221 1898 1263 1932 ria
1287 1906 1319 1934 et
1342 1897 1408 1933 loca
1433 1897 1615 1933 huiusmodi
1640 1898 1670 1932 iu
1695 1906 1812 1932 tautam
1841 1909 1976 1945 pauper-

1221 1956 1313 1982 tatem
1354 1948 1557 1995 inopiamque
1591 1956 1743 1981 venerunt
1760 1975 1767 1988 ,
1807 1946 1890 1993 quod
1928 1947 1977 1994 pia

1220 2010 1329 2032 eorum
1367 2006 1434 2031 vota
1463 1997 1609 2032 exolvere
1646 2010 1706 2031 non
1748 1996 1910 2036 valentes,
1945 1997 1975 2031 in

1221 2047 1420 2081 monasteriis
1452 2056 1480 2081 et
1519 2047 1596 2081 locis
1619 2047 1695 2094 ipsis
1721 2046 1850 2081 divinus
1871 2045 1977 2080 cultus

1220 2105 1266 2131 est
1293 2095 1373 2131 adeo
1400 2096 1587 2136 diminutus,
1614 2097 1699 2143 quod
1728 2096 1786 2131 nisi
1811 2094 1978 2143 providea-

1221 2154 1271 2181 tur
1298 2146 1454 2185 celeriter,
1488 2147 1702 2181 verisimiliter
1728 2145 1918 2181 formidatur
1945 2145 1975 2180 in

1220 2196 1265 2230 eis
1277 2197 1429 2231 extinctio
1443 2195 1662 2231 observantiae
1678 2195 1842 2242 regularis.
1857 2193 1977 2237 Quare.

1223 2258 1278 2293 pro
1312 2255 1397 2292 parte
1425 2244 1657 2281 abbatissarum
1693 2255 1722 2281 ct
1759 2253 1976 2280 conventuum

1222 2295 1463 2342 praedictarum,
1484 2295 1575 2330 nobis
1591 2295 1647 2330 fuit
1670 2293 1834 2330 humiliter
1855 2294 1978 2341 suppli-

1221 2354 1336 2386 catum,
1361 2353 1393 2379 ut
1417 2345 1582 2392 providere
1603 2346 1650 2380 eis
1671 2353 1701 2380 et
1719 2344 1840 2380 eisdem
1864 2354 1977 2378 mona—

1221 2395 1326 2430 steriis
1351 2395 1416 2429 sive
1435 2395 1514 2429 locis
1536 2407 1634 2442 super
1657 2393 1717 2430 boc
1735 2394 1774 2429 de
1793 2400 1976 2441 opportuno

1221 2444 1361 2479 remedio
1387 2444 1603 2490 dignaremur.

1271 2494 1339 2541 §2-
1363 2493 1428 2528 Nos
1443 2494 1550 2539 igitur,
1571 2492 1625 2540 qui
1642 2491 1679 2528 ad
1700 2492 1827 2528 eosdem
1845 2492 1975 2527 fratrum
2005 2500 2044 2523 81·
2064 2502 2129 2538 tratur
2151 2500 2177 2522 -b

1221 2543 1379 2578 Minoi-um
1399 2551 1429 2578 et
1450 2542 1484 2578 S.
1508 2542 1620 2578 Clarae
1641 2541 1783 2578 Ordines
1802 2542 1975 2590 specialem
1991 2531 2179 2586 25¹³,2022'1'22'2'21

1221 2593 1364 2639 gerimus
1386 2592 1564 2628 devotionis
1584 2592 1744 2633 affectum,
1768 2592 1836 2639 piae
1859 2603 1978 2627 memo·
1990 2590 2119 2617 mmmm
2137 2593 2178 2615 θ’·

1223 2643 1285 2678 riae
1307 2641 1429 2679 Nicolai
1444 2641 1559 2690 quarti,
1579 2640 1734 2678 Bonifacii
1753 2641 1870 2687 octavi,
1888 2625 2058 2685 ioan-{¹1:2⁸
2080 2659 2083 2661 -
2102 2629 2179 2646 ““““““
