2281 3251
59 293 109 323 Αιι.
125 292 154 320 C.
173 293 239 320 1520

67 551 188 573 non-nterii
205 556 239 572 rc-

55 584 122 610 ‘tmen
129 583 240 603 archican-

53 614 180 635 fraternitati
202 613 239 634 Ca-

54 644 121 666 ritatis
142 646 238 666 commit-

0 694 2 700 ,
53 676 90 701 tit3

53 2267 154 2289 Monialn
159 2267 182 2288 B.
190 2267 234 2288 Mae

51 2299 96 2319 riae
104 2299 234 2325 Muqdalcnoe

52 2331 122 2352 vocari
135 2330 194 2353 iubet
201 2337 206 2356 ς

932 289 994 313 LEO
1015 290 1038 313 X
1059 289 1109 312 PP.

253 345 455 382 Minimorum
486 344 561 379 dicti
600 351 774 380 conventus
802 357 858 380 seu
889 345 1001 380 domus

253 395 477 431 Sanctissimae
504 394 666 429 Trinitatis
688 406 743 442 pro
772 404 913 443 tempore
935 395 1001 430 cxi-

253 446 404 481 stentinm
427 444 567 479 subesse.

301 495 321 543 S
343 497 375 530 5.
401 494 557 530 Redditus
581 506 664 539 vero,
688 504 858 541 proventus
875 503 905 530 et
921 494 1001 529 bona

254 557 473 593 quaecumque
497 544 580 579 dieto
599 545 789 579 monasterio
817 545 1001 593 quomodo-

252 607 389 642 cumque
402 607 458 642 pro
475 602 615 641 tempore
628 603 752 640 erogata
765 607 818 629 seu
832 594 1001 641 eroganda,

251 654 282 680 et
296 644 372 680 alias
398 644 538 691 legitime
562 644 732 691 spectantia
756 653 784 678 et
801 644 1001 691 pertinentia,

251 706 306 742 per
328 693 454 729 eosdem
479 702 616 728 rectores
638 693 738 728 dictae
760 694 917 728 societatis
945 706 1000 727 seu

250 743 514 779 confraternitatis
535 743 681 778 Caritatis
709 744 787 789 regi,
810 743 955 779 distribui
972 751 1001 777 et

249 794 416 840 gubernari
451 793 577 828 debere.
610 793 656 827 Ac
683 793 823 839 singulas
850 793 1001 828 moniales

251 844 424 890 praedictas
439 856 493 891 pro
509 852 649 890 tempore
667 843 794 878 indicto
810 843 1000 877 monasterio

249 894 429 934 existentes,
453 892 648 928 introductas
661 900 690 928 et
712 893 969 936 introducendas,
985 905 999 926 a

249 944 406 991 colloquio
419 956 693 991 quarumcumque
709 955 913 990 personarum
928 954 1000 977 sae-

249 994 401 1028 cularium
425 994 471 1028 vel
496 993 724 1040 religiosarum,
748 993 839 1027 etiam
860 993 998 1027 affinium

248 1051 277 1078 et
301 1052 478 1090 parentum,
506 1043 818 1090 quomodocumque,
835 1042 928 1077 verbo
952 1042 998 1077 vel

248 1093 278 1127 in
295 1093 430 1140 scriptis,
450 1095 577 1140 penitus
602 1093 757 1127 abstinere
780 1092 904 1127 debere.
930 1092 999 1127 Sta-

248 1151 373 1178 tuentes
394 1143 490 1190 quod,
518 1143 542 1176 si
560 1143 714 1189 quispiam
739 1141 857 1176 eisdem
882 1142 998 1176 monia-

247 1192 331 1227 libus
359 1193 462 1240 aliqua
500 1192 605 1227 dicere
637 1192 684 1226 vel
709 1191 829 1226 deferre
858 1191 999 1236 voluerit,

250 1243 334 1289 ipsae
357 1242 509 1277 moniales
525 1242 609 1276 nullo
627 1250 716 1288 paeto
730 1253 820 1275 aures
838 1240 999 1287 praebere,

249 1292 295 1326 vel
318 1291 435 1339 aliquid
465 1293 605 1338 recipere
633 1291 769 1325 audeant
797 1291 842 1324 vel
870 1302 1000 1337 praesu-

250 1341 409 1385 mant,sed
418 1341 572 1376 abbatissa
586 1341 631 1375 vel
644 1341 790 1388 priorissa
802 1339 998 1385 huiusmodi,

249 1391 371 1426 duabus
398 1390 626 1438 antiquioribus
649 1398 679 1424 et
701 1390 899 1436 gravioribus
913 1391 1000 1425 eius-

249 1442 318 1476 dem
335 1442 513 1476 monasterii
529 1440 719 1475 monialibus
732 1440 896 1484 associata,
908 1440 998 1475 verba

249 1492 315 1538 ipsa
338 1503 394 1538 per
415 1491 596 1526 craticulam
619 1490 764 1534 ferream,
782 1490 1000 1537 praesentibus

249 1550 365 1581 tamen,
380 1541 405 1575 si
429 1541 595 1585 videbitur,
622 1540 660 1574 ad
679 1541 785 1574 minus
808 1539 932 1574 duobus
947 1552 999 1574 re-

249 1590 388 1626 ctoribus
415 1590 515 1626 dictae
550 1590 707 1625 societatis
741 1602 795 1625 sen
819 1590 999 1625 confrater-

248 1641 355 1677 nitatis
369 1640 524 1682 Caritatis,
547 1640 667 1682 audire,
683 1648 712 1674 et
733 1641 779 1674 sic
807 1640 895 1674 allata
915 1641 1000 1675 reci-

249 1703 321 1739 pere
339 1691 437 1747 possit
455 1699 485 1725 et
514 1690 621 1725 valeat.
637 1689 677 1724 Et
694 1690 903 1725 nihilominus
918 1690 997 1726 dicta

248 1741 433 1776 auctoritate
455 1741 656 1776 decernimus
679 1749 815 1796 quatuor
842 1741 944 1775 elates
969 1749 997 1775 et

247 1803 332 1826 seras
348 1791 476 1826 totidem
495 1791 591 1837 portis
615 1791 761 1825 introitus
778 1791 875 1838 ipsius
891 1803 1000 1825 mona-

247 1841 332 1876 sterii
347 1841 509 1888 ponendas
527 1853 606 1881 esse;
624 1841 769 1887 ipsasque
785 1840 886 1875 claves
903 1853 998 1887 penes

248 1901 383 1939 quatuor
405 1899 542 1926 rectores
562 1891 719 1925 societatis
750 1903 803 1925 seu
827 1890 998 1925 confrater-

249 1942 356 1976 nitatis
378 1940 561 1976 huiusmodi
592 1953 776 1987 permanere
800 1941 925 1975 debere.
955 1940 997 1975 Ita

248 1991 332 2039 quod
358 2000 446 2038 porta
471 1991 568 2037 ipsius
591 1991 768 2025 monasterii
792 1991 905 2037 aperiri
935 2003 997 2026 non

250 2041 361 2088 possit,
375 2054 432 2076 nec
447 2040 571 2084 debeat,
584 2041 642 2074 nisi
666 2040 775 2075 saltem
796 2041 872 2075 etad
891 2041 997 2075 minus

249 2091 311 2126 duo
333 2103 375 2126 ex
401 2090 575 2126 rectoribus
602 2090 783 2125 huiusmodi
816 2100 998 2138 praesentes

249 2145 393 2181 existant.

298 2200 318 2247 g
345 2204 377 2235 6.
409 2199 448 2234 Et
478 2200 608 2246 insuper
633 2199 759 2234 easdem
788 2199 940 2234 moniales
970 2207 1000 2234 et

249 2267 356 2291 earum
379 2254 519 2301 singulas
539 2256 578 2288 B.
600 2255 724 2289 Mariae
746 2255 1001 2300 MaycIaleuaede

249 2311 439 2346 Paenitentia
465 2310 611 2344 moniales
646 2316 795 2356 perpetuo
824 2309 1000 2356 nuncupari

249 2365 365 2400 debere
389 2364 453 2412 pari
469 2365 655 2399 auctoritate
677 2364 823 2398 volumus
846 2372 875 2398 et
891 2364 1001 2399 decer-

250 2421 364 2455 nimus.
374 2419 493 2454 Verum
509 2432 580 2454 eum
595 2418 787 2466 sperandum
801 2419 839 2453 sit
856 2419 1000 2462 ut,dante

250 2474 402 2518 Domino,
424 2473 530 2521 plures
553 2485 569 2508 a
594 2472 720 2508 sordida
744 2472 804 2507 vita
820 2473 858 2507 ad
887 2473 999 2508 bonam

250 2537 280 2564 et
292 2529 503 2576 exemplarem
521 2528 612 2562 vitam
637 2534 807 2567 transeant,
827 2536 856 2562 et
873 2537 1000 2574 propte-

250 2596 301 2619 rea
323 2596 385 2618 non
407 2595 497 2630 parva
524 2594 617 2617 onera
634 2590 663 2616 et
681 2593 837 2628 expensas
868 2582 945 2616 inibi
969 2582 998 2616 iu

251 2639 317 2674 dies
330 2637 506 2673 necessario
521 2636 699 2684 supportari
723 2645 753 2672 et
766 2637 888 2671 sufferri
903 2649 999 2685 opor-

251 2700 316 2727 tere
341 2692 586 2738 conspiciamus.

329 2748 404 2780 Ball.
423 2748 499 2779 Rom.
520 2749 572 2779 Vol.
596 2749 623 2778 V.
844 2749 882 2779 94

1674 276 1743 308 743

1095 345 1114 391 g
1143 346 1173 378 7.
1207 342 1282 384 Nos,
1311 354 1367 398 pro
1389 341 1625 389 supportatione
1658 353 1789 376 onerum

1045 392 1239 438 huiusmodi,
1256 393 1358 428 omnia
1375 401 1405 427 et
1428 391 1550 439 singula
1573 391 1653 426 bona
1672 403 1707 426 ac
1723 404 1793 438 spo-

1044 444 1081 478 lia
1105 444 1269 479 curialium
1285 442 1496 482 meretricum,
1513 454 1550 477 ex
1572 441 1677 476 illicito
1694 454 1793 489 quae-

1043 502 1091 528 stu
1120 502 1149 528 et
1177 501 1261 528 extra
1302 492 1493 527 matrimonii
1521 491 1654 526 claustra
1677 500 1707 526 et
1740 504 1794 539 pu-

1043 544 1152 578 dorem
1166 543 1351 587 viventium,
1368 543 1398 576 in
1414 541 1500 577 Urbe
1520 550 1623 576 nostra
1642 553 1696 587 pro
1713 550 1794 576 tem-

1045 606 1119 640 pore
1149 593 1186 627 ab
1217 593 1362 627 intestato
1378 600 1407 626 et
1421 592 1542 639 absque
1564 590 1718 626 condendi
1736 603 1792 626 seu

1045 642 1177 678 faciendi
1194 642 1370 677 testamenti
1395 641 1540 675 facultate
1558 640 1794 685 decedentium,

1043 704 1262 740 quaecumque
1278 700 1307 726 et
1334 691 1577 739 qualiacumque
1605 690 1731 735 fuerint,
1747 691 1795 726 ei-

1043 743 1113 777 dem
1139 742 1340 785 monasterio,
1364 741 1552 788 illorumque
1575 742 1744 775 conventui
1764 750 1794 776 et

1044 791 1231 827 monialibus
1247 804 1301 838 pro
1315 800 1454 837 tempore
1464 791 1684 834 existentibus,
1696 800 1793 831 motu,

1043 842 1172 876 scitntia
1188 849 1218 875 et
1237 849 1349 896 potest
1345 842 1402 875 itis
1419 841 1613 888 plenitudine
1624 840 1793 885 similibus,

1043 893 1123 926 dicta
1146 892 1330 926 auctotitate
1354 899 1507 938 perpetuo
1530 890 1728 938 applicamus
1759 903 1794 926 ac

1044 942 1294 989 incorporamus,
1310 953 1345 976 ac
1365 941 1519 988 applicata
1539 949 1568 975 et
1584 941 1792 988 incorporata,

1043 1004 1080 1026 ex
1102 999 1188 1032 tnnc,
1206 999 1348 1038 prontex
1377 1003 1473 1030 nunc
1489 998 1550 1025 ete
1572 998 1692 1035 contr,a
1709 990 1793 1025 dicto

1043 1054 1117 1076 casn
1134 1041 1332 1080 adveniente,
1362 1040 1427 1075 fore
1454 1049 1485 1074 et
1507 1052 1578 1075 esse
1606 1040 1713 1075 eadem
1739 1053 1795 1075 au-

1044 1092 1185 1125 ctoritate
1208 1090 1421 1125 decernimus.
1449 1089 1497 1124 Ac
1526 1090 1599 1136 ipsis
1622 1089 1794 1125 curialibus

1043 1149 1071 1174 et
1098 1140 1271 1175 inhonestis
1294 1139 1492 1179 mulieribus,
1515 1151 1595 1187 quae
1622 1139 1659 1174 ad
1689 1140 1795 1174 minus

1042 1198 1184 1237 quartam
1201 1189 1247 1224 vel
1263 1191 1404 1236 quintam
1423 1197 1540 1237 partem
1558 1189 1710 1225 bonorum
1725 1201 1794 1223 suo·

1043 1252 1111 1274 rum
1127 1251 1418 1286 quorumcumque,
1437 1238 1601 1273 mobilium
1617 1238 1664 1272 vel
1678 1240 1794 1273 immo-

1043 1289 1166 1330 bilium,
1182 1289 1283 1323 eidem
1308 1289 1498 1323 monasterio
1513 1296 1543 1323 et
1557 1288 1640 1322 illius
1656 1300 1795 1323 eonven-

1043 1339 1086 1373 tni
1115 1347 1145 1374 et
1173 1338 1372 1380 monialibus,
1395 1351 1451 1385 pro
1474 1338 1712 1385 supportatione
1738 1351 1794 1373 eo-

1042 1389 1185 1424 rumdem
1203 1401 1348 1432 onerum,
1371 1400 1426 1423 seu
1443 1388 1517 1422 aliis
1536 1389 1586 1436 pie
1602 1388 1794 1435 relinquere,

1042 1438 1144 1484 legare
1170 1439 1215 1473 tel
1244 1438 1361 1473 donare
1396 1439 1576 1479 voluerint,
1599 1438 1735 1472 faciendi
1763 1446 1794 1473 et

1042 1488 1199 1523 condendi
1223 1496 1419 1533 testamenta,
1448 1496 1477 1522 et
1499 1488 1537 1522 de
1561 1488 1691 1535 reliquis
1704 1487 1793 1523 bonis

1042 1551 1162 1579 earum,
1181 1547 1240 1572 tam
1259 1539 1429 1573 mobilibus
1452 1550 1545 1585 quam
1564 1538 1792 1582 immobilibus,

1042 1589 1273 1635 cuiuscumque
1289 1589 1458 1635 qualitatis,
1480 1589 1664 1635 quantitatis
1686 1597 1716 1622 et
1740 1601 1792 1623 va-

1042 1638 1135 1682 loris,
1159 1639 1256 1673 libere
1280 1648 1309 1673 et
1338 1638 1435 1682 licite,
1452 1651 1488 1672 ex
1510 1647 1603 1676 tunc,
1633 1645 1727 1685 prout
1754 1650 1791 1673 ex

1042 1701 1137 1730 nuuc,
1154 1697 1183 1722 et
1199 1701 1215 1723 e
1243 1697 1361 1728 contra,
1378 1688 1569 1736 disponendi
1587 1687 1744 1722 licentiam
1761 1697 1792 1722 et

1042 1738 1324 1782 facultatem,dicta
1342 1739 1535 1776 auctoritate,
1546 1747 1644 1777 motu,
1661 1738 1792 1773 scientia

1042 1797 1071 1823 et
1097 1788 1259 1835 potestatis
1275 1789 1471 1835 plenitudine
1489 1787 1665 1835 praedictis,
1680 1788 1794 1823 damus

1041 1847 1071 1873 et
1098 1839 1313 1873 concedimus.
1343 1837 1500 1873 Volumus
1519 1847 1621 1872 tamen
1638 1838 1721 1885 quod
1738 1851 1795 1873 re-

1042 1897 1144 1923 ctores
1160 1889 1259 1923 dictae
1286 1889 1444 1923 societatis
1461 1901 1515 1922 seu
1533 1887 1794 1924 confraternitatis

1041 1939 1198 1979 Caritatis,
1212 1952 1266 1987 pro
1284 1938 1366 1973 dieto
1384 1939 1572 1973 monasterio
1588 1947 1616 1972 et
1631 1938 1794 1973 illiuseon-

1043 1999 1137 2025 ventu
1154 1998 1292 2036 agentes,
1309 1989 1492 2023 eorumdem
1509 1988 1661 2023 bonorum
1677 1989 1722 2024 sic
1737 2001 1792 2036 pro

1042 2048 1184 2087 tempore
1211 2041 1397 2086 legatorum,
1421 2039 1607 2073 donatorum
1640 2052 1694 2073 seu
1725 2039 1794 2074 reli·

1042 2102 1186 2135 ctorum,
1219 2102 1248 2128 et
1272 2093 1403 2128 aliorum
1428 2093 1580 2127 bonorum
1609 2093 1790 2128 earumdem

1043 2148 1210 2183 curialium
1248 2149 1472 2187 meretricum,
1500 2147 1538 2181 ab
1567 2148 1714 2182 intestato
1736 2161 1791 2184 seu

1042 2204 1109 2238 sine
1122 2203 1269 2238 facultate
1279 2202 1409 2238 testandi
1420 2201 1691 2246 ‹lecederitiuni,et
1703 2216 1794 2250 prop-

1043 2266 1125 2293 terea
1149 2258 1185 2293 ad
1209 2258 1326 2292 dictum
1356 2257 1595 2297 monasterium,
1619 2265 1726 2304 utpote
1743 2258 1792 2292 in—

1042 2322 1288 2360 corporatorum,
1314 2312 1548 2359 pertinentium,
1571 2312 1791 2359 quandocum-

1043 2380 1103 2415 que
1119 2381 1209 2403 casus
1228 2367 1403 2413 contigerit,
1420 2367 1650 2414 possessionem
1675 2367 1790 2402 realem

1043 2422 1247 2458 etaetualem.
1260 2422 1442 2456 auctoritate
1460 2421 1596 2468 propria,
1613 2433 1734 2468 capere,
1749 2434 1789 2457 re·

1043 2478 1153 2513 tinere.
1170 2486 1198 2511 et
1217 2476 1290 2511 alias
1306 2476 1345 2510 de
1367 2476 1439 2517 illis,
1463 2475 1589 2510 nomine
1611 2485 1639 2510 et
1658 2476 1695 2510 ad
1711 2489 1791 2523 opus

1043 2531 1117 2566 dicti
1141 2532 1319 2567 monasterii
1343 2539 1371 2565 et
1400 2530 1483 2564 illius
1510 2538 1695 2571 conventus,
1719 2531 1790 2566 dis-

1045 2598 1161 2632 ponere
1184 2586 1301 2632 possint
1323 2593 1352 2619 et
1381 2585 1510 2619 valeant.
1528 2584 1569 2618 lta
1588 2592 1689 2618 tamen
1706 2585 1790 2632 quod

1043 2641 1081 2676 de
1104 2641 1164 2675 illis
1186 2641 1248 2675 duo
1271 2640 1452 2679 inventaria,
1470 2652 1573 2675 coram
1601 2639 1790 2674 authenticis

1043 2704 1073 2732 et
1095 2695 1201 2743 probis
1214 2695 1285 2729 viris
1307 2707 1363 2743 per
1386 2694 1542 2730 notarium
1562 2693 1724 2742 publicum
1740 2694 1790 2730 in-

1809 285 1859 312 Αῐι.
1882 285 1910 311 C.
1925 286 1992 313 ¹520

1827 348 1898 375 §potia
1922 353 1992 368 nera-

1808 381 1833 399 tri
1837 385 1882 400 cum
1896 378 1944 401 crta.
1954 386 1990 407 ap-

1809 411 1835 438 pli
1832 414 1886 436 icam
