2281 3251
272 250 321 277 An.
337 250 365 278 C.
386 251 452 277 tubo

291 1723 348 1744 Atlas
398 1726 460 1748 super

278 1755 317 1775 hoc
332 1757 364 1774 'te
389 1751 462 1774 decla-

278 1790 336 1806 τιμε
351 1786 380 1806 ait
398 1784 459 1811 Papa,

295 2171 359 2192 Altam
375 2171 410 2190 dat
425 2170 463 2192 de-

280 2202 424 2223 chunonem.

516 239 561 272 52

784 302 898 338 XXIV.

471 389 730 422 Communicantes
758 387 789 419 in
811 385 998 419 hebdomada
1022 384 1137 416 Sancta
1168 382 1212 413 rel

1059 244 1193 268 aunam
1200 243 1244 266 tm
1270 241 1432 266 Romanum

1254 298 1380 340 clesiae,
1402 298 1511 332 Omnis
1532 297 1687 342 utriusque
1711 309 1800 332 sexus
1821 297 1917 343 fidelis
1943 297 2000 330 sal-

1254 356 1310 381 tem
1341 348 1429 381 semel
1461 348 1493 380 in
1521 359 1603 380 anno
1633 348 1823 392 confiteatur;
1857 354 1889 380 et
1921 345 2000 380 infra

1255 398 1426 441 susc-'piens
1449 399 1491 430 ad
1510 397 1611 431 minus
1639 398 1670 429 in
1692 397 1812 431 Pascha
1838 406 2002 431 reverenter

518 439 601 482 t'nsra
637 446 774 471 octat-am
813 435 946 468 Paschae
974 431 1212 465 Resurrectionis
1257 447 1470 480 Eucharistiae
1506 454 1751 483 sacramentum:
1790 454 1819 480 ει
1860 447 2003 492 seqnitur

519 489 646 521 Domini
678 488 774 519 nostri
795 486 860 519 lesu
879 484 1002 518 Clu-isti,
1021 482 1213 524 satisfaciunt

515 545 672 583 praecepto
691 544 810 570 sanctae
826 536 980 567 Romanae
991 531 1139 564 Ecclesiae
1156 531 1212 571 (1).

739 611 949 644 stutttattttttt

470 686 581 715 Causae
611 683 733 713 huiusce
763 678 980 710 declarationis.
1011 695 1049 700 —-
1079 679 1100 707 l.
1135 678 1214 707 Alias

511 738 599 768 super
623 728 674 757 hoc
704 735 734 755 se
757 724 924 755 declarasse
953 724 992 753 ait
1015 722 1101 761 Papa.
1125 739 1163 744 —
1188 722 1215 751 ⁹2.

510 774 602 803 Aliam
619 772 666 801 dat
684 769 920 800 declarationem.
940 785 978 790 —
993 767 1019 798 3.
1043 766 1117 797 Haec
1134 776 1217 806 prae-

510 819 580 856 cipit
602 815 787 846 notificanda.

470 893 602 929 augemus
620 892 689 927 Papa
709 890 750 922 tv.
770 890 870 918 dilecto
893 889 948 917 filio
972 888 1063 917 tacoho
1100 888 1132 915 de
1162 887 1217 915 Prt-

514 942 624 970 maticls
639 942 670 969 do
689 940 816 973 Bononia,
841 938 945 967 ordinis
963 938 1093 966 minorum
1111 938 1143 965 de
1171 937 1219 965 oh·

515 991 655 1020 servantia
670 989 802 1026 regulari.

520 1063 607 1098 Fidei
630 1062 723 1108 digna
747 1061 893 1096 relatione
914 1060 1109 1107 percepimus
1132 1059 1161 1093 in
1180 1060 1220 1094 ci-

275 1118 457 1171 dfis‡:::·ibo⁰;:³‘⁶
473 1114 562 1149 vitate
577 1112 667 1150 Litii,
691 1123 751 1145 non
773 1122 895 1158 parvam
917 1122 970 1156 per
990 1110 1064 1143 haec
1079 1117 1218 1157 tempora

472 1165 637 1199 excitatam
654 1162 751 1196 fnisse
770 1160 1026 1203 commotionem,
1044 1159 1081 1192 de
1101 1159 1150 1193 die
1169 1159 1220 1194 de-

473 1213 553 1248 bitae
592 1211 801 1259 perceptionis
835 1209 1033 1244 sacratissimi
1071 1209 1221 1256 Corporis

473 1262 597 1297 Domini
618 1262 714 1297 nostri
739 1260 807 1295 lesu
826 1259 956 1301 Christi,
978 1267 1007 1293 et
1028 1271 1083 1306 per
1098 1258 1220 1306 aliquos

473 1313 635 1358 religiosos
650 1323 718 1346 esse
740 1310 939 1352 affirmatum,
955 1308 1038 1355 quod
1063 1320 1123 1343 non
1139 1321 1220 1343 com·

474 1363 668 1398 manicantes
690 1360 852 1395 actualiter
874 1359 904 1394 in
930 1359 980 1392 die
1004 1357 1220 1393 Resurrectio-

474 1412 522 1446 nis
535 1411 722 1453 dominicae,
739 1408 910 1444 mortaliter
933 1416 1110 1455 peccarent,
1126 1409 1219 1443 etiam

473 1463 498 1495 si
524 1462 552 1495 in
573 1461 623 1496 die
646 1460 726 1495 loris
747 1459 853 1494 Sancti
872 1466 901 1492 et
924 1458 995 1492 aliis
1014 1458 1221 1504 quibuscum-

473 1523 535 1558 que
562 1510 674 1545 diebus
709 1508 786 1544 inl'ra
809 1519 926 1543 annum
961 1507 1078 1555 pluries
1101 1517 1130 1542 et
1154 1508 1222 1542 fre—

473 1560 629 1607 quentatis
659 1558 779 1594 vicibus
800 1557 1102 1602 communicassent,
1137 1557 1221 1605 quod

475 1611 535 1657 piis
561 1609 690 1644 auribus
713 1616 759 1643 est
781 1607 890 1643 audire
918 1607 1098 1642 molestum.

523 1659 543 1706 S
563 1661 592 1693 l.
612 1658 794 1694 Recolimus
811 1657 886 1692 alias
910 1669 963 1704 per
983 1656 1141 1704 quoddam
1165 1669 1223 1692 no·

475 1717 574 1744 strum
605 1709 704 1744 Breve
737 1707 903 1754 scripsisse
939 1706 1106 1741 venerabili
1139 1706 1222 1741 fratri

476 1767 583 1794 nostro
610 1759 760 1806 episcopo
787 1757 930 1797 Licensi,
953 1756 1049 1804 quod·
1067 1755 1223 1803 intellige·

476 1808 587 1844 bamus
608 1808 800 1843 satisfactum
824 1818 906 1849 esse,
925 1806 949 1839 si
974 1805 1066 1852 paulo
1088 1813 1158 1840 ante
1178 1806 1222 1840 vel

476 1858 569 1905 paulo
597 1866 666 1905 post
701 1857 785 1891 diem
813 1855 1068 1891 Resurrectionis
1095 1854 1223 1890 Domini

475 1908 547 1955 quis
580 1907 810 1946 communicet,
850 1905 950 1940 mirati
985 1916 1095 1939 sumus
1140 1904 1224 1952 quod

476 1956 678 2005 postmodum
718 1968 795 1991 nova
831 1954 1041 1990 controversia
1070 1954 1224 1995 revixerit;

475 2007 531 2042 sed
564 2007 712 2042 inimicus
735 2006 828 2041 homo
850 2004 1111 2052 superseminavit
1138 2005 1225 2039 ziza-

477 2058 572 2094 niam.

525 2109 546 2156 g
567 2110 600 2143 2.
636 2107 699 2143 Nos
735 2106 830 2155 igitur
862 2105 1023 2152 cupientes
1058 2112 1224 2152 purgatum

479 2163 616 2199 triticum
641 2163 670 2198 in
695 2163 841 2197 horreum
864 2160 990 2195 Domini
1023 2172 1225 2207 congregare,

479 2225 509 2253 et
537 2217 701 2253 inutilibus
733 2214 988 2251 contentionibus
1020 2214 1112 2248 linem
1135 2214 1226 2258 dare,

479 2272 687 2312 attendentes,
710 2271 794 2306 iuxta
815 2269 988 2304 doctrinam
1014 2268 1092 2303 beati
1116 2268 1228 2314 Augu-

480 2327 570 2371 stini,
592 2326 675 2375 quod
695 2325 797 2361 solent
819 2323 1068 2360 circumstantiae
1083 2322 1228 2370 Scriptu-

481 2395 582 2417 rarum
607 2382 783 2418 illuminare
805 2379 1012 2415 substantiam
1029 2378 1175 2421 veritatis,
1198 2387 1228 2414 et

482 2451 543 2473 non
566 2438 667 2473 solum
691 2435 876 2478 adiacentia,
898 2434 951 2469 sed
975 2433 1068 2468 ctiam
1099 2444 1228 2480 praece-

480 2493 583 2528 dentia
607 2501 635 2527 et
656 2490 878 2538 subsequentia
909 2488 998 2524 rerba
1021 2494 1094 2523 sunt
1116 2488 1228 2521 consi-

481 2547 618 2583 deranda
639 2545 821 2594 prudenter,
844 2556 914 2579 cum
941 2543 1022 2578 (licat
1044 2554 1142 2578 canon
1167 2541 1228 2575 Ec·

517 2621 556 2655 (l)
575 2618 632 2646 vid.
653 2617 751 2645 Coucil,
773 2616 905 2646 Trident..
926 2624 983 2650 cap.
1009 2615 1097 2641 Omnis
1117 2616 1147 2640 dt·
1164 2621 1227 2646 poc-

482 2663 606 2693 nttenti'a,
622 2662 649 2687 et
663 2666 721 2686 can.
739 2658 766 2690 9,
786 2664 849 2685 sess.
872 2657 911 2684 ¹5.

1257 497 1327 530 Nisi
1336 498 1373 530 de
1390 498 1512 541 proprii
1530 498 1694 530 sacerdotis
1715 497 1852 534 consilio,
1878 497 1915 530 ob
1937 498 2004 531 ati-

1255 558 1349 591 qnam
1371 547 1585 580 rationabilem
1606 558 1743 589 causam,
1763 547 1805 580 ad
1825 553 1940 591 tempus
1965 549 2005 582 ab

1256 597 1318 629 eius
1338 597 1524 641 perceptione
1544 597 1669 630 duxerit
1689 596 1921 636 abstinendum;
1948 596 2005 630 di-

1257 645 1360 680 cimus
1392 657 1541 691 expresse
1575 657 1636 679 non
1661 645 1844 680 intentionis
1878 646 2005 690 legisla-

1259 695 1334 729 toris
1357 696 1454 729 fuisse
1488 695 1609 729 animas
1642 694 1810 742 illaqueare
1843 694 2006 739 fidelium,

1258 744 1318 779 sub
1353 745 1444 791 culpa
1477 745 1618 784 mortali,
1643 744 1680 778 ad
1708 745 2006 780 communicandum

1260 794 1399 841 praecise
1426 794 1454 828 in
1479 793 1530 828 die
1547 793 1800 829 Resurrectionis
1821 794 2009 835 dominicae,

1260 844 1314 879 sed
1339 844 1505 879 terminum
1529 844 1675 878 statuisse
1701 857 1716 878 a
1745 844 1865 879 Pascha
1891 845 1929 880 ad
1955 845 2012 880 Pa-

1260 894 1386 933 schanu
1409 906 1481 928 cum
1506 892 1581 928 dicit
1602 895 1690 928 semel
1710 896 1744 928 in
1765 907 1858 934 anno,
1880 905 1910 930 et
1934 895 2011 930 infra

1260 946 1302 979 ad
1323 945 1423 978 minus
1444 945 1475 977 in
1500 944 1618 977 Pascha
1640 951 1699 977 etc.
1720 943 1809 978 Mens
1829 945 1926 987 enim,
1946 957 2013 980 ma-

1260 995 1307 1041 gis
1325 1006 1419 1041 quam
1437 993 1603 1028 verborum
1626 1005 1737 1034 sonus,
1755 1001 1803 1028 est
1825 994 2012 1030 attendenda

1261 1044 1406 1079 discrete.
1435 1043 1642 1090 lntelligimus
1670 1043 1776 1090 itaque
1802 1044 1920 1090 optimo
1947 1045 2014 1079 iure

1261 1093 1456 1129 satisfactum
1479 1105 1548 1128 esse
1566 1093 1699 1134 canoni,
1721 1093 1747 1128 si
1765 1093 1795 1128 in
1815 1093 2012 1129 hebdomada

1261 1143 1374 1178 Sancta
1400 1143 1444 1177 vel
1470 1142 1547 1177 infra
1570 1150 1709 1177 octavam
1731 1142 1870 1179 Paschae
1894 1142 2015 1178 Resur-

1263 1193 1411 1229 rectionis
1432 1192 1621 1232 dominicae,
1649 1193 1827 1228 secundum
1851 1193 2014 1228 meliorem

1262 1243 1502 1290 dispositionem
1545 1242 1756 1277 conscientiae
1794 1251 1825 1277 et
1863 1243 2014 1290 aptiorem

1263 1293 1377 1328 mentis
1392 1292 1605 1334 devotionem,
1629 1292 1748 1335 fideles,
1777 1293 2016 1340 praeparatione

1263 1342 1379 1383 debita,
1402 1350 1545 1378 sanctum
1568 1341 1787 1377 Eucharistiae
1814 1342 1928 1389 pignus
1956 1355 2017 1377 ac-

1263 1393 1379 1439 cipiant
1397 1401 1426 1428 et
1443 1404 1514 1427 cum
1530 1391 1669 1426 Domino
1684 1391 1837 1426 Pascham
1857 1391 2017 1427 celebrent

1263 1443 1300 1477 ad
1323 1443 1474 1485 salutern,
1490 1450 1520 1476 et
1535 1441 1608 1476 huic
1626 1441 1800 1476 sententiae
1822 1453 1934 1477 omnes
1955 1455 2016 1476 vo—

1264 1493 1369 1527 lumus
1390 1492 1602 1539 acquiescere.

1312 1547 1327 1585 ς
1363 1544 1396 1576 5.
1423 1541 1527 1584 Quare
1554 1540 1712 1576 devotioni
1741 1548 1811 1575 tuae
1837 1541 2016 1576 committi-

1265 1604 1347 1632 mus,
1371 1601 1402 1626 ut
1418 1591 1588 1638 praedicta,
1608 1590 1660 1625 ubi
1681 1598 1826 1638 oportere
1849 1590 2017 1638 intelligas,

1267 1642 1394 1690 populis
1415 1648 1486 1676 nota
1514 1640 1621 1676 facias.

1315 1692 1430 1726 Datum
1452 1690 1573 1725 Romae
1595 1689 1678 1738 apud
1702 1689 1854 1724 Sanctum
1875 1690 2017 1732 Petrum,

1266 1741 1326 1777 sub
1348 1741 1465 1776 annulo
1493 1748 1600 1776 nostro
1627 1747 1760 1779 secreto,
1789 1739 1840 1774 die
1862 1752 1922 1774 vm
1952 1740 2018 1774 iulii

1266 1803 1426 1831 mccccxt,
1451 1790 1652 1837 pontificatus
1685 1790 1782 1824 nostri
1805 1801 1889 1823 anno
1911 1801 1944 1824 x.

1337 1848 1399 1878 Dat.
1419 1848 1465 1878 die
1481 1847 1498 1876 8
1517 1847 1581 1876 iulii
1599 1846 1685 1882 1440,
1708 1845 1810 1886 pontif.
1829 1855 1905 1876 anno
1923 1855 1949 1875 x.

1591 1965 1690 2002 XXV.

1268 2043 1461 2089 Appi-obatio
1481 2041 1725 2087 conqreqatt'onis
1748 2041 1885 2084 fratrum
1896 2041 1932 2074 S.
1948 2039 2020 2072 Hie·

1318 2094 1456 2137 ronymt',
1483 2092 1538 2126 sub
1563 2091 1809 2125 denominatione
1845 2088 2020 2139 S3Hiero-

1319 2143 1400 2190 nymi
1420 2142 1459 2176 de
1473 2140 1609 2181 FesuliS,
1631 2148 1656 2174 et
1674 2141 1728 2174 sub
1749 2141 1865 2185 Regula
1887 2140 1928 2173 S:
1944 2139 2020 2172 Au—

1318 2194 1450 2239 9ustint',
1491 2204 1558 2226 cum
1588 2191 1802 2237 praefinitione
1835 2190 1969 2223 muneris
1993 2197 2020 2222 et

1317 2243 1468 2276 electionis
1492 2243 1702 2287 praelatorum
1728 2241 1824 2286 ipsius
1849 2250 2019 2284 conqreqa-

1319 2294 1409 2326 tionis
1437 2294 1494 2336 (l).

1535 2359 1749 2394 SUtttttARtUttt

1271 2423 1457 2455 l‘rooeuiium.
1475 2439 1514 2444 —
1536 2422 1558 2451 l.
1579 2421 1711 2451 Fratrum
1735 2420 1835 2460 petitio
1853 2419 1959 2459 Papae.
1982 2435 2020 2441 —

1310 2469 1337 2499 Q,
1355 2468 1613 2507 Congregationem
1632 2466 1787 2496 confirmat
1803 2464 1965 2503 Eugenius.
1982 2480 2021 2486 —

1306 2531 1344 2565 (l)
1363 2531 1392 2557 lli
1413 2530 1507 2557 fratres
1533 2532 1652 2564 temporo
1680 2527 1823 2555 lnuocentii
1845 2527 1889 2554 vtt
1917 2527 2021 2562 regula·

1272 2579 1325 2597 rem
1345 2572 1424 2598 vitam
1441 2570 1539 2598 ducere
1558 2572 1713 2603 coeperunt,
1732 2572 1760 2595 ut
1777 2568 1867 2595 videre
1883 2570 1923 2594 est
1937 2575 2018 2603 supra

1271 2611 1296 2637 in
1313 2611 1507 2639 Constitutione
1524 2618 1550 2637 iv
1570 2609 1690 2645 Gregorii
1707 2609 1769 2642 xli,
1788 2612 1859 2636 tomo
1875 2607 2019 2644 superiori,

1271 2659 1330 2687 pag.
1347 2652 1408 2679 655.

2015 241 2063 267 Δη.
2081 241 2111 267 C.
2131 240 2194 267 tntu

2044 1548 2102 1571 Enoc
2129 1549 2216 1576 pruci-

2032 1582 2062 1609 pit
2079 1580 2215 1602 ntiae-uda.
