2281 3251
73 294 123 322 An.
136 292 168 320 C.
186 292 253 320 ¹5¹7

268 347 362 394 aliqui
379 354 552 382 conventus
567 344 736 384 reformati,
752 343 815 378 duo
828 342 937 378 fratres
951 343 1016 378 ele—

269 397 309 432 cti
334 409 349 431 3
367 396 512 443 praefatis
527 394 735 430 conventibus
753 393 941 437 reformatis,
964 406 1016 428 sc-

269 446 405 481 cundum
423 445 550 479 aliarum
565 444 724 478 literarum
741 452 916 478 nostrarum
928 451 1017 477 teno-

269 508 332 531 rem
358 495 416 529 snb
438 495 536 530 forma
564 494 677 537 brevis,
694 505 784 528 voces
801 493 1015 527 ministrorum

270 558 330 579 non
355 545 607 583 reformatorum,
629 552 782 591 quantum
805 542 843 577 ad
866 542 1017 589 praefatas

268 595 463 642 provincias,
491 607 546 641 pro
569 594 626 628 liac
654 594 719 628 vice
746 593 907 627 dumtaxat
940 605 1017 639 sup-

268 644 384 691 pleant.
417 644 579 679 Fratribus
608 656 679 677 vero
708 642 746 677 de
775 642 1017 689 congregatione

268 694 370 728 fratris
381 694 571 738 Ama‹lei,de
585 692 785 737 Clarenis,de
794 691 910 726 Sancto
919 692 1019 726 Evan-

267 743 360 790 gelio,
382 756 437 779 seu
452 742 603 789 Capncio,
617 754 671 789 pro
690 742 823 788 singulis
837 741 1017 788 provinciis,

268 795 298 828 in
318 794 433 841 quibus
456 794 572 828 liabent
587 800 774 836 com-cutus,
791 792 868 826 ultra
888 804 1017 826 suornm

267 843 455 878 vicariorum
472 842 808 888 voces‚(lt1aspi·ol1ac
831 840 932 875 solnm
952 841 1018 874 vice

268 893 485 931 concedimus,
512 892 615 934 Quam
632 891 758 938 quidem
782 890 982 934 electionem,
1001 902 1016 924 a

270 943 414 989 praefatis
436 942 584 978 fratribus
611 941 650 976 de
678 941 856 975 huiusmodi
879 940 1018 986 generali

268 993 413 1027 ministro
435 991 625 1035 faciendam,
638 989 1017 1035 canonicam,secuudum

269 1042 427 1077 Minorum
456 1041 584 1076 fratrum
614 1041 767 1087 Regulam
792 1048 821 1074 et
845 1039 975 1074 sormam
1003 1051 1018 1073 a

270 1092 360 1127 beato
382 1092 553 1127 Francisco
577 1092 606 1125 in
634 1091 755 1136 Regula
772 1089 927 1130 traditam,
950 1100 1018 1123 esse

270 1141 446 1176 diffinimus
468 1149 498 1176 et
519 1142 612 1176 etiam
635 1140 841 1175 declaramus.

320 1195 335 1235 §
358 1194 390 1226 7.
407 1191 447 1226 Et
463 1191 536 1225 utin
553 1190 672 1226 Ordine
687 1190 932 1236 ipso,quantum
947 1200 1018 1222 cum

83 1246 256 1290 Αῐῐοτπξῑξνοηηθ
270 1241 338 1276 Deo
355 1241 421 1276 fieri
438 1249 549 1286 potest,
567 1252 623 1286 pax
639 1247 853 1279 conservetur,
868 1246 897 1272 et
908 1238 1019 1272 caritas

69 1278 258 1330 22i⁰¹53¹¹3i11⁵31
272 1303 326 1337 per
353 1291 489 1337 amplius
515 1291 596 1324 inter
622 1289 837 1323 cismontanos
864 1296 893 1322 et
920 1287 1020 1323 ultra-

67 1340 256 1397 Ξὲιᾞέῑὲξεῐζέἓζ
271 1349 436 1375 montanos
452 1339 560 1373 fratres
587 1338 730 1373 eiusdem
749 1337 881 1373 Ordinis
902 1338 1018 1372 nutria-

67 1406 130 1428 ianis.
269 1396 330 1430 tur,
353 1388 535 1424 ordinamus
571 1388 653 1435 quod
677 1387 701 1422 si
723 1387 866 1422 minister
884 1399 1019 1433 genera-

267 1438 318 1480 lis,
342 1446 376 1473 ut
399 1438 583 1485 praefertur,
607 1450 664 1485 per
686 1449 738 1472 sex
762 1449 861 1471 annos
888 1437 926 1471 de
954 1438 1018 1472 cis-

266 1490 428 1523 montanis
445 1487 594 1522 fratribus
609 1488 729 1522 electus
752 1486 856 1530 suerit,
879 1499 1018 1534 sequen-

266 1538 352 1573 tibus
366 1550 421 1573 sex
443 1538 532 1572 annis
555 1538 593 1572 de
611 1537 853 1571 ultramontanis
870 1536 1018 1571 fratribus

266 1592 336 1639 eligi
354 1592 481 1633 debeat;
500 1604 594 1639 quem
610 1590 753 1634 modum,
766 1590 926 1625 alternatis
942 1590 1018 1625 vici-

265 1645 336 1687 bus,
358 1646 387 1680 in
414 1655 602 1693 perpetuum
623 1645 768 1680 volumus
791 1644 829 1678 ab
854 1645 931 1691 ipsis
952 1645 1017 1679 ob—

264 1701 392 1734 servari.
414 1700 545 1745 Verum,
569 1700 640 1746 quia
663 1699 877 1745 conspicimus
914 1699 1015 1745 ipsum

265 1752 418 1789 Ordinem
452 1767 508 1802 per
544 1755 722 1789 universam
756 1752 1014 1788 christianitatem

264 1809 377 1843 mirum
402 1810 430 1842 in
455 1808 584 1843 modum
607 1808 769 1842 dilatatum
793 1819 880 1848 esse,
904 1820 955 1852 ne,
975 1809 1015 1843 ob

264 1863 446 1897 huiusmodi
461 1863 716 1910 amplitudinem,
728 1862 833 1896 debito
851 1863 1014 1908 pastoralis

263 1917 425 1963 regiminis
456 1926 559 1952 careat
599 1916 775 1959 beneficio,
815 1916 1015 1952 decernimus

263 1971 349 2019 quod
374 1972 399 2006 si
423 1973 567 2006 minister
585 1972 739 2018 generalis
756 1971 794 2005 dc
809 1972 1014 2006 cismontanis

263 2026 383 2061 electus
409 2026 511 2071 suerit,
535 2027 674 2062 instituat
699 2027 728 2060 in
754 2026 895 2073 partibus
921 2027 1012 2061 ultra-

264 2081 419 2117 montanis
433 2093 528 2115 unum
544 2081 723 2126 generalem
744 2081 1012 2127 commissarium,

262 2135 302 2171 ab
324 2135 440 2171 eisdem
467 2136 708 2170 ultramontanis
731 2135 877 2170 fratribus
899 2136 1010 2182 eligen-

262 2189 351 2236 dum,
379 2190 430 2226 cui
459 2190 601 2225 minister
628 2190 785 2237 generalis
808 2202 904 2237 super
918 2203 1011 2238 prae-

262 2246 341 2282 fatos
357 2246 468 2281 fratres
480 2246 729 2281 ultramontanos
744 2246 826 2280 vices
840 2258 913 2280 snas
929 2258 1012 2280 com-

262 2301 383 2345 mittat,
411 2308 504 2349 prout
532 2300 666 2347 capitulo
698 2299 834 2347 generali
862 2300 1011 2348 expedire

263 2355 430 2391 videbitur.
457 2355 501 2390 lta
525 2364 629 2390 tamen
664 2354 747 2402 quod
776 2354 1011 2390 commissarius

263 2410 401 2458 praefato
428 2410 572 2445 ministro
599 2410 736 2458 generali
766 2409 931 2445 commode
954 2423 1011 2445 su-

263 2465 420 2510 biiciatur,
443 2472 477 2500 ut
503 2465 616 2500 caeteri
633 2464 708 2499 dicti
731 2463 860 2499 Ordinis
884 2464 1009 2512 praelati

263 2519 487 2565 subiiciuntur,
513 2531 549 2555 ac
572 2519 615 2553 illi
640 2532 693 2567 per
716 2519 1010 2556 omniasccnudum

263 2574 417 2622 Regulam
440 2574 568 2610 obedire
583 2583 736 2610 teneatur,

313 2630 333 2677 5
359 2633 391 2665 8.
411 2630 494 2665 Dum
511 2642 583 2665 vero
598 2630 738 2664 minister
752 2629 907 2676 generalis
919 2629 1011 2665 fuerit

265 2696 305 2721 ex
330 2684 572 2723 ultramontanis
598 2684 746 2722 fratribus
773 2684 910 2733 electus,
936 2693 1010 2723 tune

958 286 1019 310 LEO
1041 286 1057 309 X
1081 285 1130 308 PP-

1688 271 1758 304 695

1060 341 1176 389 pariter
1194 339 1445 376 commissarium
1469 338 1646 385 generalem
1674 337 1809 372 cismon-

1059 402 1165 427 tanum
1190 391 1354 426 instituere
1377 389 1489 424 debeat
1518 389 1584 436 pari
1618 386 1722 431 modo,

1059 442 1098 476 (16
1117 442 1347 476 ultramontano
1362 439 1578 474 commissario
1597 438 1744 484 superius
1759 437 1807 470 di·
1822 438 2007 490 gssfiffiadnjgffi}

1060 500 1144 525 ctum
1167 499 1197 525 et
1218 498 1368 526 statutum
1397 498 1456 524 est.
1478 488 1540 531 Qui
1568 487 1694 535 quidem
1712 498 1807 534 gene-
1823 501 1862 525 nis,
1879 501 1896 520 si
1918 501 1962 526 ipse
1980 500 2007 519 sn

1060 541 1131 576 ralis
1163 540 1399 575 commissarius
1429 551 1482 586 per
1508 538 1674 573 triennium
1705 536 1806 571 solum
1822 533 2008 587 {⁵⁸32ss‡:⁰?¹1312¹

1060 590 1214 637 generalis
1247 589 1479 624 commissionis
1515 588 1661 634 fungetur
1688 585 1808 628 offici03
1940 581 1965 590 “’

1060 653 1123 687 quo
1151 640 1283 674 triennio
1306 639 1424 686 elapsa,
1449 650 1547 672 novus
1575 636 1809 672 commissarius

1062 702 1116 736 per
1137 690 1317 724 ministrum
1342 688 1521 735 generalem
1549 687 1578 721 in
1602 686 1739 733 capitulo
1753 699 1810 733 ge-

1061 740 1170 783 nerali,
1185 748 1216 774 ut
1233 751 1328 786 snpra
1344 738 1518 785 eligendus„
1534 736 1710 772 secundum
1725 736 1809 784 quod

1062 789 1301 824 ultramontanis
1324 788 1362 822 de
1389 787 1607 823 commissario
1635 786 1727 821 fuerit
1743 798 1812 833 pro-

1061 839 1231 873 videndum
1272 838 1392 872 institui
1420 837 1544 878 debeat;
1568 836 1709 871 minister
1738 848 1810 871 vero

1060 888 1216 933 generalis
1244 888 1273 922 in
1298 887 1448 935 partibus,
1472 888 1500 921 in
1524 886 1641 933 quibus
1668 887 1735 921 suis
1757 898 1812 921 sex

1061 939 1151 972 annis
1173 938 1277 982 fuerit,
1299 946 1328 972 et
1347 937 1384 972 ad
1401 938 1477 972 alias
1501 945 1604 983 partes
1619 948 1652 970 se
1668 935 1811 970 conferre

1062 988 1205 1031 voluerit,
1220 1000 1274 1034 pro
1283 999 1319 1022 eo
1335 995 1560 1033 tempore,quo
1574 985 1689 1020 absens
1705 985 1811 1029 fuerit,

1062 1037 1313 1072 commissarium
1329 1036 1398 1071 loco
1421 1037 1479 1076 sui,
1493 1037 1532 1070 ‹le
1553 1035 1686 1070 consilio
1711 1043 1741 1070 et
1755 1048 1812 1070 as-

1061 1099 1155 1121 sensu
1179 1087 1383 1121 diffinitorum
1411 1086 1539 1133 capituli
1568 1084 1723 1132 generalis
1745 1085 1812 1119 liu-

1062 1135 1196 1171 iusmodi
1226 1135 1406 1177 dumtaxat,
1439 1136 1615 1182 relinquere
1634 1134 1742 1182 possit.
1771 1135 1812 1170 Et

1061 1186 1091 1220 in
1119 1185 1272 1232 partibus,
1294 1185 1410 1233 quibus
1437 1185 1529 1220 dictis
1557 1197 1611 1219 sex
1633 1184 1724 1219 annis
1748 1197 1810 1220 non

1061 1236 1118 1270 erit
1140 1235 1378 1270 commissarius
1393 1235 1560 1282 generalis,
1575 1234 1734 1269 tenebitur
1751 1235 1811 1268 mi-

1062 1285 1159 1320 nister
1181 1285 1337 1331 generalis
1366 1285 1466 1331 primo
1490 1284 1624 1319 triennio
1651 1283 1810 1319 dictorum

1061 1347 1114 1369 sex
1149 1347 1303 1369 annorum
1328 1334 1486 1369 celebrare
1514 1346 1612 1368 unum
1640 1334 1811 1379 capitulum

1060 1385 1217 1430 generale,
1233 1384 1272 1419 ad
1295 1384 1377 1432 qnod
1402 1384 1591 1418 convenient
1606 1382 1728 1418 vocales
1743 1383 1813 1418 illa—

1060 1447 1129 1469 rum
1154 1434 1301 1481 partium,
1328 1447 1343 1468 a
1366 1433 1483 1480 quibus
1505 1441 1686 1480 assumptus
1702 1432 1812 1475 fuerit;

1060 1492 1090 1518 et
1116 1484 1256 1519 similiter
1284 1483 1369 1518 aliud
1399 1483 1573 1531 capitulum
1598 1483 1627 1517 in
1653 1482 1812 1529 partibus,

1062 1546 1077 1567 a
1101 1534 1218 1581 quibus
1233 1541 1415 1580 assumptus
1439 1545 1499 1567 non
1516 1532 1622 1576 fuerit,
1647 1544 1702 1579 per
1716 1544 1749 1567 se
1766 1535 1811 1567 vel

1060 1596 1153 1618 snum
1177 1584 1441 1627 commissarium,
1463 1583 1499 1617 ad
1523 1582 1607 1629 quod
1631 1594 1740 1616 omnes
1756 1594 1812 1616 ro-

1060 1633 1142 1668 cales
1164 1634 1316 1668 dictarum
1347 1633 1479 1680 partium
1503 1631 1652 1666 accedere
1679 1639 1811 1666 tenean-

1060 1692 1122 1727 tur,
1144 1683 1302 1718 celebrare
1322 1682 1460 1723 habebit3
1484 1690 1537 1716 aut
1558 1693 1654 1729 snper
1670 1681 1729 1716 lioc
1758 1681 1811 1717 fiat

1059 1733 1143 1779 quod
1166 1732 1320 1779 generalis
1340 1732 1480 1766 minister
1502 1744 1573 1767 cum
1597 1730 1735 1778 capitulo
1754 1743 1810 1778 ge-

1060 1783 1155 1817 nerali
1185 1783 1365 1817 iudicaverit
1387 1781 1578 1816 faciendum.

1107 1832 1126 1879 g
1153 1834 1186 1866 9.
1210 1833 1320 1873 Porro,
1335 1840 1487 1879 quantum
1505 1830 1543 1865 ad
1559 1830 1720 1865 ministros
1734 1843 1808 1877 pro-
1837 1841 1915 1862 vicarii
1939 1846 2008 1864 autem

1059 1882 1206 1916 vinciales
1230 1883 1259 1915 in
1285 1881 1465 1928 provinciis,
1490 1881 1518 1915 in
1535 1881 1651 1927 quibus
1672 1881 1806 1915 ministri
1822 1873 2009 1926 ῗξῆῖῗῗῃζῗῗζζῖ

1059 1944 1112 1977 pro
1137 1944 1220 1965 nunc
1235 1944 1296 1966 non
1313 1940 1387 1965 sunt
1409 1930 1580 1974 reformati,
1597 1942 1650 1964 seu
1670 1942 1725 1976 pro
1737 1942 1808 1965 vere
1825 1939 1912 1957 “amur

1057 1981 1230 2015 reformatis
1254 1993 1315 2015 non
1333 1980 1502 2024 habentur,
1524 1980 1733 2024 declaramus,
1749 1992 1807 2014 or—

1056 2031 1202 2066 dinamus
1228 2041 1257 2066 et
1280 2031 1495 2074 decernimus,
1517 2030 1648 2064 vicarios
1676 2030 1804 2064 fratrum

1055 2080 1093 2115 de
1120 2080 1326 2116 Observantia
1354 2092 1411 2114 seu
1433 2079 1563 2114 Familia
1588 2079 1710 2114 illarum
1731 2092 1806 2127 pro-

1055 2135 1226 2170 vinciarum
1252 2135 1433 2182 respective,
1456 2146 1495 2169 ex
1521 2146 1606 2169 nunc
1632 2143 1662 2169 et
1686 2135 1715 2169 in
1732 2147 1806 2182 per-

1055 2198 1203 2236 petuum,
1231 2202 1319 2225 veros
1341 2198 1371 2224 et
1399 2188 1591 2224 indubitatos
1618 2189 1803 2225 earumdem

1054 2244 1285 2290 provinciarum
1321 2256 1388 2279 esse
1420 2243 1593 2284 ministros,
1622 2243 1739 2291 illoque
1767 2245 1806 2280 dc

1053 2306 1158 2334 cetero
1186 2300 1312 2334 nomine
1344 2297 1459 2333 debere
1487 2297 1661 2345 appellari3
1689 2299 1806 2346 quibus

1053 2365 1164 2388 omnes
1181 2361 1211 2388 et
1229 2353 1372 2400 singulos
1394 2352 1524 2397 fratres,
1547 2364 1668 2387 necnon
1692 2352 1804 2388 domos

1052 2417 1082 2442 et
1108 2408 1174 2444 loca
1198 2408 1380 2444 eorumdem
1397 2434 1406 2452 ,
1429 2407 1459 2441 in
1487 2407 1579 2442 dictis
1608 2408 1777 2455 provinciis
1795 2436 1804 2453 ,

1054 2472 1087 2497 ut
1111 2463 1295 2511 praefertur,
1323 2462 1545 2507 consistentes,
1561 2461 1698 2508 plenarie
1720 2463 1806 2497 sub-

1056 2517 1227 2559 mittimus;
1252 2530 1287 2552 ac
1315 2516 1453 2564 generali
1480 2525 1510 2552 et
1538 2516 1606 2551 aliis
1636 2517 1807 2563 provincia-

1053 2572 1134 2608 libus
1149 2573 1300 2607 ministris
1322 2573 1538 2607 auctoritatem
1562 2580 1591 2607 et
1606 2580 1803 2618 potestatem,

1054 2636 1143 2663 antea
1162 2627 1299 2674 generali
1314 2636 1344 2662 et
1358 2627 1427 2662 aliis
1442 2626 1702 2674 provincialibus,
1720 2626 1804 2662 vica-
1838 2662 1841 2665 ,

1824 280 1875 308 An.
1896 279 2006 307 01517

1836 342 1874 370 Qui
1891 343 1960 362 minis.
1971 346 2008 368 ge-

1823 379 1868 395 ner.
1885 374 1962 401 qualib.
1973 374 2008 394 tri-

1745 399 1806 434 quo
1823 407 1886 426 ennio
1910 406 2007 427 commis-

1087 2700 1126 2736 (1)
1137 2700 1231 2737 Quoad
1241 2698 1396 2728 electionem
1409 2698 1591 2734 commissarii,
1610 2697 1670 2729 vide
1677 2697 1757 2728 Pium
1768 2698 1801 2730 V.
