2281 3251
230 197 244 217 -Ι

104 283 154 310 An.
172 281 202 308 C.
219 281 286 308 114116

349 334 370 381 g
392 334 424 367 6.
446 332 487 366 Et
509 329 726 372 nibilominus,
750 337 781 363 ut
804 327 987 362 monasteria
1015 334 1043 360 et

117 386 266 408 V³⁵⁵²⁴¹⁰ffl¹¹¹⁵
302 383 368 418 loca
391 381 546 429 praedicta
563 407 572 423 ,
596 393 649 427 per
672 377 857 413 visitationis
887 385 917 410 et
944 376 1044 410 felicis

103 419 216 446 praedictis
253 416 286 436 ta-

102 450 194 471 cuttates
232 454 271 469 con

103 484 134 502 mi
145 485 271 507 quascumqu

103 517 206 539 personas
222 510 272 532 omi

103 544 164 567 dinis,
173 543 235 563 ettam
250 547 272 561 ar

103 574 215 597 ehinund..
231 577 271 593 con

103 605 167 625 cedit*

274 432 479 467 -directionis
512 428 730 468 ministerium,
753 427 888 462 salutare
920 426 1045 460 contin-

273 483 374 528 }gant
402 479 587 519 remedium,
612 479 756 513 volumus
779 486 808 511 et
831 477 910 510 dicta
935 484 1045 510 ancto-

273 532 391 567 -ritate
412 530 590 569 statuimus,
613 537 706 575 atque
728 527 926 562 decernimus
948 534 977 559 et
999 537 1046 559 or-

273 583 285 587 ’
300 581 445 615 dinamus
477 579 560 625 quod
597 579 770 612 visitatores
809 589 865 623 pro
904 584 1045 621 tempore

300 630 389 665 electi
415 638 445 664 et
471 629 624 675 deputati,
658 639 692 661 ac
714 627 893 663 existentes,
921 625 956 659 ad
981 625 1045 657 sin-

300 680 443 726 gularum
468 678 696 726 provinciarum
714 675 894 711 earumdem
922 673 1044 720 singula

301 730 374 764 dicti
396 728 524 763 Ordinis
547 727 734 761 monasteria
751 753 759 769 ,
788 735 817 760 et
845 725 908 759 loca
942 724 1047 768 singn-

301 779 399 814 larum
425 778 654 825 provinciarum
686 775 863 810 huiusmodi
896 785 1045 820 persona-

301 829 371 863 liter
384 828 543 865 accedant,
566 835 607 870 et,
621 826 722 860 solnm
738 825 840 859 Deum
859 836 931 870 prae
945 822 1046 857 oculis

302 878 465 922 babentes,
481 878 511 910 in
524 877 721 911 monasteriis
732 883 761 909 et
776 875 851 909 locis
867 873 1045 920 praedictis,

301 929 363 963 tam
397 928 426 961 in
454 926 672 974 spiritualibus
705 936 798 972 quam
828 924 858 957 in
895 932 1048 970 tempora-

301 978 396 1022 libus,
425 989 547 1011 necnon
569 976 723 1021 capitibus
752 982 781 1008 et
805 973 965 1016 membris,
988 972 1046 1006 de-

301 1028 383 1063 bitae
408 1026 593 1060 visitationis
605 1025 740 1059 officium
763 1023 945 1057 auctoritate
962 1035 1047 1068 prae-

302 1077 383 1112 dicta
407 1075 588 1122 impendere
607 1084 637 1109 et
658 1084 814 1112 exercere;
836 1085 872 1106 ac
889 1072 993 1106 omnia
1016 1081 1044 1106 et

302 1125 437 1172 singula,
464 1137 544 1172 quae
566 1124 639 1158 inibi
663 1121 892 1157 reformationis
923 1129 953 1156 et
983 1133 1046 1155 cor-

304 1176 451 1211 rectionis
474 1173 646 1208 ministerio
662 1172 800 1217 indigere
819 1171 1046 1216 prospexerint,

303 1233 395 1272 prout
423 1225 480 1267 eis,
504 1232 587 1256 tutta
614 1222 782 1256 canonicas
810 1221 990 1255 sanctiones
1016 1230 1047 1254 et

302 1273 452 1319 regularia
462 1273 601 1307 eiusoem
611 1269 741 1305 Ordinis
752 1270 892 1305 instituta
909 1282 944 1304 ac
958 1270 1045 1310 alias,

301 1334 438 1368 congrue
454 1321 628 1364 videbitur,
644 1320 811 1355 reformare
827 1329 857 1354 et
878 1320 1046 1365 corrigere;

301 1384 423 1407 necnon
457 1382 677 1418 quoscumque
715 1378 980 1404 monasteriorum
1017 1378 1046 1403 et

302 1422 440 1456 locorum
455 1422 595 1468 ipsorum
612 1419 842 1466 praesidentes,
858 1419 1047 1465 illorumque

303 1483 463 1518 personas,
491 1471 723 1516 cuiuscumque
749 1469 930 1516 dignitatis,
953 1469 1045 1503 etiam

301 1520 478 1564 abbatialis,
501 1528 612 1562 status,
639 1519 755 1565 gradus
783 1520 828 1553 vel
856 1519 1048 1554 conditionis

301 1570 435 1605 existant
471 1570 515 1604 vel
545 1570 816 1616 praeeminentiae,
844 1570 967 1604 etiamsi
991 1582 1048 1604 ar-

301 1619 528 1654 chimandritae
550 1618 682 1659 fuerint,
711 1619 793 1653 iuxta
816 1620 983 1655 criminum
1018 1627 1048 1654 et

302 1681 487 1704 excessuum
513 1681 566 1715 per
579 1681 633 1704 eos
646 1668 881 1715 quomodolibet
896 1677 1050 1715 perpetra-

303 1728 404 1754 torum
421 1718 600 1766 qualitatem
619 1729 648 1753 et
667 1719 870 1764 exigentiam,
893 1720 1049 1766 corrigere

302 1777 333 1805 et
355 1769 479 1816 punire,
502 1776 532 1802 et
560 1769 584 1802 si
614 1769 736 1802 illorum
759 1768 909 1803 demerita
939 1769 969 1804 id
997 1769 1049 1804 de-

301 1819 473 1866 posceriut,
497 1831 512 1852 a
548 1818 756 1863 dignitatibus
783 1827 812 1853 et
843 1818 955 1854 officiis
976 1820 1049 1866 qui-

299 1867 439 1904 buslibet
461 1868 642 1902 auctoritate
670 1876 775 1902 nostra
804 1868 936 1914 privare,
959 1877 989 1904 et
1011 1869 1050 1904 ab

301 1918 361 1953 illis
388 1929 559 1957 amovere3
597 1929 633 1951 ac
667 1917 760 1951 etiam
800 1930 957 1953 summam
985 1919 1049 1953 sii-e

299 1967 504 2015 quantitatem
534 1967 739 2013 pecuniarum
769 1967 952 2003 huiusmodi
974 1995 983 2009 ,
1010 1963 1048 2003 ad

300 2030 381 2065 opus
408 2025 437 2050 et
459 2029 537 2051 usus
558 2017 778 2061 magistrorum
804 2025 835 2051 et
855 2017 1048 2052 studentium

300 2066 498 2104 eorumdem,
522 2078 538 2100 a
572 2066 826 2112 praesidentibus
846 2069 1051 2103 monasterio-

301 2129 370 2151 rum
393 2123 425 2150 et
450 2116 589 2150 locorum
619 2115 872 2162 praedictorum,
901 2127 991 2164 prout
1019 2119 1048 2153 in

301 2169 439 2218 capitulo
467 2169 624 2216 praedicto
660 2170 884 2205 concordatum
912 2180 943 2207 et
970 2172 1050 2206 ordi-

302 2234 422 2266 natum,
439 2233 472 2259 ut
489 2223 674 2271 praefertur,
690 2224 802 2265 extitit,
824 2225 961 2272 exigere,
983 2227 1052 2261 eot-

302 2279 399 2326 ligere
420 2287 450 2313 et
471 2278 585 2319 levare,
606 2291 661 2313 seu
684 2279 765 2325 exigi
781 2306 789 2318 ,
812 2279 913 2326 colligi
942 2288 972 2314 et
1005 2280 1051 2315 le-

303 2333 366 2368 vari
388 2332 514 2377 facere,
547 2345 583 2368 ac
615 2331 653 2367 de
690 2332 798 2367 levatis
836 2341 867 2368 et
896 2335 1052 2381 perceptis

302 2387 458 2435 quietare:
483 2387 684 2434 praefatoque
707 2386 859 2422 moderno
877 2387 1052 2424 archiman-

302 2442 404 2477 dritae
429 2441 549 2482 Siculo,
579 2454 618 2477 ne
645 2454 679 2477 se
710 2442 750 2476 de
778 2442 953 2478 visitatione
989 2456 1053 2479 mo-

303 2496 509 2532 nasteriorum
532 2504 563 2531 et.
584 2496 724 2531 locorum
748 2496 956 2538 huiusmodi,
984 2498 1052 2532 illo-

302 2563 437 2597 rumque
458 2550 652 2586 correctione
675 2562 899 2598 personarum‚
923 2563 958 2585 ac
975 2551 1052 2586 alias

302 2604 341 2640 de
362 2605 408 2640 eis
433 2604 545 2653 quovis
572 2604 666 2640 modo
702 2604 910 2640 intromittere
940 2604 1053 2640 audeat

301 2658 367 2694 sive
389 2667 580 2708 praesumat,
600 2659 740 2695 strictius
757 2658 912 2702 iubibere;
934 2659 1053 2694 omnia-

912 270 1028 294 Ecum·
1035 270 1070 293 US
1091 270 1124 293 tv
1147 269 1196 292 m).

1736 253 1781 285 83

1087 338 1148 373 qne
1171 325 1228 359 alia
1251 332 1280 358 et
1304 322 1439 369 singula,
1462 320 1585 367 quaein
1602 319 1780 366 praemissis
1803 327 1832 353 ct

1087 378 1169 410 circa
1193 387 1226 408 ea
1251 372 1424 408 necessaria
1449 370 1574 408 fuerint,
1590 368 1634 403 vel
1659 369 1833 414 quomodo-

1089 425 1161 459 libet
1177 432 1366 470 opportuna,
1387 421 1501 464 facere,
1523 427 1670 455 statuere.
1690 417 1834 452 ordinare

1087 485 1116 509 ct
1139 474 1267 520 ext-qui:
1292 471 1540 507 contradictores
1561 479 1778 515 quoscumque
1805 475 1835 501 et

1088 523 1219 559 rebelles
1245 536 1280 557 ac
1304 534 1364 557 non
1389 520 1568 560 solventes,
1593 529 1646 563 per
1669 528 1833 550 censuram

1087 573 1329 608 ecclesiasticam
1366 579 1397 605 et
1424 570 1480 604 alia
1504 567 1631 616 quaevis
1654 574 1833 611 opportuna

1089 624 1164 657 iuris
1176 622 1324 664 remedia,
1335 620 1544 668 appellatione
1557 616 1739 663 postposita,
1753 627 1837 650 com-

1089 671 1221 719 pellere:
1247 683 1367 705 nccnon
1391 671 1428 709 si,
1455 667 1539 715 qnod
1562 666 1652 704 absit,
1675 676 1711 698 ex
1733 665 1836 699 archi-

1089 720 1264 762 mauritius,
1292 720 1458 755 abbatibus
1484 727 1514 753 et
1547 716 1617 751 aliis
1644 715 1835 761 supradictis

1087 771 1179 817 aliqui
1196 769 1323 809 suerint,
1342 770 1407 816 qni,
1422 767 1561 813 legitime
1581 764 1732 812 requisiti,
1754 777 1838 799 sum·

1089 834 1169 854 mam
1187 820 1250 852 sive
1267 820 1472 865 quantitatem
1498 816 1716 864 praemissam,
1745 822 1836 861 prout

1088 883 1121 904 se
1145 871 1174 903 in
1196 869 1333 915 qualibet
1359 868 1589 915 provinciarum
1606 864 1834 911 praedictarum

1088 919 1250 960 extenuit,
1273 931 1307 952 ac
1331 919 1360 952 in
1398 916 1596 952 concordatis
1623 923 1653 949 et
1685 914 1838 948 ordinatis

1089 968 1270 1003 huiusmodi
1287 968 1478 1010 continetur,
1498 967 1617 1000 solvere
1633 972 1663 999 et
1677 965 1837 1010 assignare

1088 1019 1153 1052 sive
1180 1018 1330 1064 usquead
1347 1018 1462 1051 dictam
1491 1027 1646 1050 summam
1673 1014 1719 1048 vel
1742 1026 1838 1061 quan-

1090 1069 1206 1102 titatem
1236 1067 1437 1101 contribuere
1460 1064 1629 1104 distulerit,
1651 1064 1716 1098 sive
1744 1075 1837 1097 recu-

1088 1118 1212 1155 saverit,
1236 1129 1273 1150 ex
1297 1124 1371 1150 tuuc
1395 1116 1573 1150 visitatores
1595 1113 1784 1159 supradicti,
1807 1121 1838 1147 et

1089 1167 1221 1214 quilibet
1238 1167 1376 1213 ipsorum
1396 1166 1425 1199 in
1439 1177 1493 1199 sua
1511 1163 1681 1210 provincia,
1705 1162 1838 1205 fructus,

1091 1216 1233 1251 redditus
1259 1224 1289 1250 et
1317 1222 1484 1262 proventus
1506 1212 1705 1259 singulorum
1735 1224 1840 1246 mona-

1089 1267 1256 1300 steriorum
1279 1273 1310 1299 et
1337 1265 1477 1299 locorum
1494 1291 1502 1307 ,
1530 1263 1648 1310 quibus
1682 1274 1743 1295 non
1767 1261 1838 1296 sol-

1090 1326 1196 1350 ventes
1223 1315 1404 1349 huiusmodi
1436 1312 1650 1361 prae-suerint,
1684 1320 1738 1345 aut
1759 1323 1839 1357 quae

1090 1366 1154 1400 sive
1179 1377 1233 1412 per
1264 1366 1430 1403 unionem,
1452 1364 1517 1398 sive
1542 1375 1596 1409 per
1617 1360 1838 1396 commendam

1090 1415 1295 1453 obtinuerint,
1314 1423 1466 1449 arrestare
1491 1423 1520 1448 et
1540 1420 1747 1459 sequestrare,
1771 1423 1841 1445 nec-

1092 1478 1151 1499 non
1180 1464 1307 1499 demutn
1344 1465 1387 1507 (si
1423 1464 1469 1498 eis
1493 1462 1660 1503 videbitur)
1696 1460 1840 1500 fructus,

1091 1515 1234 1550 redditus
1266 1522 1296 1548 et
1324 1523 1492 1561 proventus
1529 1510 1709 1547 huiusmodi
1740 1524 1839 1559 usque

1090 1566 1126 1599 ad
1154 1577 1312 1600 summam
1348 1566 1413 1599 sive
1444 1564 1649 1611 quantitatem
1683 1561 1840 1606 eamdem,

1092 1628 1146 1662 pro
1162 1615 1334 1663 praemisso
1349 1627 1408 1649 usu
1426 1625 1598 1660 exponere,
1614 1612 1660 1646 vel
1676 1612 1838 1658 grangiam

1090 1673 1143 1700 ant
1167 1664 1327 1709 praedium
1356 1663 1497 1711 aliquod,
1522 1676 1577 1708 pro
1599 1672 1663 1697 rata
1691 1660 1729 1695 ad
1752 1662 1840 1696 hunc

1091 1715 1266 1750 studiorum
1297 1726 1389 1748 usum
1412 1713 1656 1748 contributionis
1679 1711 1762 1747 illius
1782 1712 1842 1747 Ec-

1092 1765 1204 1799 clesiae
1239 1765 1282 1799 vel
1312 1764 1513 1804 monasterii,
1540 1764 1632 1798 cuius
1658 1762 1842 1809 praesidens

1091 1815 1211 1849 solvere
1234 1813 1381 1856 noluerit,
1403 1812 1556 1860 deputare
1591 1821 1621 1847 et
1643 1813 1841 1855 consignare,

1091 1877 1126 1898 ac
1153 1865 1245 1898 etiam
1281 1873 1366 1898 taxas
1390 1863 1651 1898 monasteriorum
1680 1871 1709 1897 et
1736 1862 1842 1898 Eccle-

1092 1915 1209 1948 siarum
1235 1913 1464 1961 praedictorum
1485 1925 1600 1959 augere
1615 1912 1662 1947 vel
1685 1913 1842 1955 minuere,

1092 1964 1225 1998 summis
1249 1972 1352 1998 tamen
1391 1963 1536 2010 praefatis
1563 1975 1624 1997 non
1652 1961 1816 1997 diminutis
1833 1989 1841 2004 ,

1092 2014 1117 2048 si
1140 2022 1355 2060 opportunum
1379 2013 1557 2053 videbitur,
1593 2012 1714 2060 possint
1749 2020 1842 2059 atque

1093 2063 1239 2098 debeant.

1141 2113 1161 2160 S
1185 2118 1215 2148 7.
1240 2113 1375 2157 Verum,
1397 2113 1468 2158 quia
1496 2111 1627 2157 dignum
1655 2118 1702 2146 est
1725 2118 1758 2146 ut
1779 2111 1842 2145 sti-
1871 2116 1979 2143 Stipendia
1996 2116 2041 2136 ⁸³⁵-

1858 2148 1904 2168 dem
1924 2147 2041 2167 visitatori-

1094 2167 1209 2214 pendio
1234 2180 1373 2213 congruo
1399 2173 1616 2201 sustententur
1646 2165 1697 2211 qui
1726 2164 1764 2199 ad
1791 2164 1843 2199 la—
1857 2178 1895 2199 nus
1927 2179 2041 2204 designan-

1093 2221 1185 2255 bores
1219 2230 1249 2256 et
1275 2234 1369 2256 onera
1406 2220 1610 2267 deputantur,
1639 2219 1784 2253 volumus
1814 2227 1844 2253 et

1093 2275 1172 2310 dicta
1195 2276 1375 2310 auctoritate
1406 2274 1604 2309 decernimus
1626 2272 1708 2319 quod
1735 2273 1845 2306 visita—

1094 2338 1176 2364 tores
1191 2330 1353 2378 praedicti,
1367 2329 1442 2363 dum
1458 2337 1487 2362 et
1507 2327 1632 2375 quoties
1644 2327 1675 2361 iu
1695 2326 1843 2361 exercitio

1095 2384 1235 2418 visitandi
1257 2393 1286 2418 et
1304 2383 1499 2430 corrigendi,
1522 2381 1646 2428 aliaque
1665 2379 1842 2427 supradicta

1094 2437 1226 2473 faciendi
1256 2438 1382 2476 fuerint,
1404 2436 1537 2483 quilibet
1564 2434 1708 2469 videlicet
1722 2445 1842 2473 eornm,

1094 2504 1150 2539 pro
1186 2505 1219 2525 se
1252 2504 1287 2526 ac
1317 2491 1444 2525 notariis
1477 2499 1506 2524 et
1532 2488 1602 2523 aliis
1633 2500 1703 2522 cum
1732 2487 1778 2521 eis
1811 2487 1840 2520 in

1094 2547 1274 2583 huiusmodi
1302 2545 1448 2581 exercitio
1472 2543 1648 2579 necessario
1678 2542 1842 2576 existenti-

1095 2602 1166 2645 bus,
1183 2615 1199 2636 a
1222 2600 1418 2636 monasteriis
1437 2607 1467 2633 et
1490 2599 1575 2638 locis,
1598 2608 1677 2644 quae
1697 2607 1752 2642 pro
1767 2603 1843 2629 tem-

1095 2668 1171 2705 pore
1194 2654 1380 2696 visitabunt,
1403 2664 1575 2701 eorumque
1594 2649 1734 2699 personis
1755 2661 1842 2685 Sum-

1847 264 1895 290 An.
1913 262 1941 288 C.
1959 264 2026 290 mtto
