2281 3251
146 295 195 322 Αη.
214 295 243 322 C.
262 296 322 323 11151

159 502 256 523 Bonnam
285 502 323 522 ΡΡΑ

145 533 168 554 lx
193 534 266 554 literne
292 540 324 553 iu-

144 568 211 585 sertae
222 570 323 589 praesen<

143 596 205 615 tibus.

149 1002 235 1023 Easdem
248 1003 323 1023 contir-

142 1037 189 1055 mat,

150 1791 229 1813 solitae
261 1792 321 1813 elau-

137 1823 203 1843 sutae.

955 301 1047 323 Nlt‘ftitf
1058 302 1110 325 tt'S
1135 303 1152 323 Y
1182 303 1229 325 ΡΡ.

341 355 461 390 censeri
490 355 645 396 convenit,
675 364 708 391 ut
739 356 789 391 illa
817 357 964 402 omnibus
994 358 1086 393 inno—

341 411 468 439 tescant.

388 453 549 497 §1.Hinc
570 462 617 488 est
639 455 723 502 quod
761 467 818 490 nos
842 464 982 492 tenorem
1006 471 1086 505 qua-

340 503 470 537 rundam
513 504 683 538 litterarum
726 504 824 539 felicis
861 506 1086 541 recordationis

339 552 491 587 Bonifacii
512 552 614 600 Papae
637 553 731 598 Noni⁷
760 555 1010 601 praedecessoris
1027 570 1084 591 uo-

338 602 405 646 stri,
431 603 460 637 in
484 602 552 637 eius
573 613 712 649 segestro
735 613 943 650 compertum,
967 606 1004 640 de
1033 620 1085 641 re-

337 659 442 698 gesti-o
459 652 525 699 ipso
540 651 579 686 (le
596 653 689 687 verbo
705 653 742 687 ad
760 654 889 689 verbum
906 656 1084 699 transcribi,

337 711 365 735 et
389 702 606 748 praesentibus
630 704 770 737 annotari
794 703 937 749 fecimus,
962 707 1014 753 qui
1038 715 1082 740 est

337 751 421 786 talis:
453 753 633 797 Bom'lbcius
659 755 815 799 episcopus
849 767 949 788 servus
982 769 1084 789 servo-

336 814 405 836 rum
431 803 502 840 Dei,
529 804 571 836 ad
603 811 780 848 perpetuam
812 805 858 837 rei
892 807 1082 839 memoriam.

337 853 472 896 Superni
491 853 711 897 benignitas...
733 855 787 895 (l).

385 902 405 947 S
437 905 468 935 2.
493 900 675 946 Caeterum7
710 910 739 936 ut
767 903 949 937 earumdem
979 904 1082 938 litera-

338 963 406 985 rum
435 959 525 985 tenor
553 953 732 999 praedictus
756 952 800 986 sic
816 953 950 987 insertus
978 954 1083 987 omni-

338 1001 461 1035 modam
486 1001 542 1035 rei·
560 1015 613 1036 seu
639 1002 707 1035 sacti
731 1002 952 1037 certitudinem
981 1003 1083 1044 saciat,

336 1050 526 1086 authoritate
555 1052 721 1098 apostolica
750 1051 954 1086 deceruimus
982 1060 1015 1087 ut
1047 1053 1083 1087 il—

338 1100 390 1134 lud
425 1100 506 1135 idem
533 1101 625 1135 robur
658 1099 865 1148 eamdemque
897 1102 956 1135 rim
994 1115 1083 1137 eum-

337 1150 472 1197 demque
503 1151 639 1197 vigorem
663 1150 768 1184 dietus
791 1159 880 1185 tenor
906 1164 960 1198 per
979 1153 1082 1186 omnia

337 1200 459 1239 habeat,
494 1212 574 1246 quae
602 1199 751 1234 haberent
779 1200 946 1246 originales
974 1202 1083 1237 literae

337 1249 546 1295 supradictam
571 1256 604 1283 ut
625 1249 734 1284 eadem
762 1262 890 1296 prorsus
913 1250 1016 1285 eidem
1038 1261 1083 1286 te-

338 1300 404 1333 nori
433 1297 508 1332 {ides
536 1298 732 1339 adhibeatur,
760 1299 1025 1348 quandocumque
1055 1309 1084 1335 et

338 1347 528 1394 ubicumque
556 1348 647 1383 fuerit
669 1348 826 1384 exhibitus
852 1349 896 1384 vel
925 1360 1082 1385 ostensus:

338 1406 370 1431 ut
391 1397 494 1431 eidem
518 1405 620 1432 stetur
643 1398 774 1433 firmiter
797 1399 825 1433 in
849 1400 1011 1441 omuibus,
1034 1401 1083 1436 si-

335 1454 387 1481 eut
425 1446 502 1493 ipsis
537 1448 744 1494 originalibus
784 1448 884 1484 literis
924 1458 1084 1490 staretur,

335 1496 358 1530 si
386 1496 487 1531 forent
512 1497 668 1532 exhibitae
699 1499 743 1533 vel
767 1507 922 1534 ostensae.
948 1500 1007 1535 Per
1026 1501 1085 1536 hoc

334 1554 438 1580 autem
463 1547 540 1581 nihil
568 1549 637 1582 novi
661 1548 836 1583 concedere
864 1549 1083 1595 intendimus,

335 1596 388 1631 sed
425 1605 543 1631 tantum
576 1610 629 1644 per
660 1598 779 1632 dictum
810 1599 1083 1645 praedecessorem

335 1658 482 1680 concessa
512 1647 541 1680 iu
571 1660 627 1682 suo
651 1648 762 1682 robore
791 1661 983 1695 permanere.

383 1695 403 1741 S
431 1698 462 1729 5.
491 1696 576 1730 Nulli
605 1710 678 1743 ergo
706 1700 836 1733 omnino
859 1699 1023 1734 hominum
1048 1701 1084 1734 li-

335 1753 400 1779 ceat
425 1745 504 1780 hauc
528 1748 669 1792 paginam
693 1757 867 1783 nostrarum
891 1750 1086 1785 constitutio-

335 1795 383 1829 nis
410 1803 439 1828 et
464 1796 646 1831 intentionis
670 1797 853 1844 infringere,
876 1807 928 1833 ccc.

384 1844 498 1879 Datum
529 1845 648 1881 Romae
671 1848 753 1892 apud
781 1848 930 1883 Sanctam
953 1849 1083 1885 Mariam

334 1893 496 1934 Maiorem,
524 1909 606 1931 auno
644 1897 870 1932 iucarnationis
908 1899 1084 1935 dominicae

334 1944 501 1979 millesimo
532 1946 845 1993 quadringentesimo
878 1950 1085 1997 quinquage-

333 1994 412 2028 simo
449 1996 568 2042 primo,
594 1998 729 2044 septimo
764 1997 913 2032 kalendas
949 2000 1084 2047 aprilis,

334 2044 535 2090 pontificatus
563 2047 658 2080 nostri
682 2060 765 2081 auno
787 2048 910 2095 quinto.

392 2097 453 2127 Dat.
471 2099 517 2128 die
532 2099 570 2129 ⁹26
588 2100 684 2130 martii
703 2101 788 2137 1451,
811 2106 889 2141 pont.
904 2112 980 2133 anno
999 2113 1024 2132 v.

341 2288 517 2322 Translatio
556 2289 779 2333 patriarchalis
812 2291 962 2325 Ecclesiae
1002 2293 1085 2326 Gra-

383 2339 451 2371 den.
488 2340 530 2371 ad
567 2339 719 2372 ciuitatem
764 2340 975 2379 Vencliarum,
1017 2355 1085 2376 cum

383 2389 592 2433 suppressione
637 2389 721 2422 titali·
756 2390 887 2423 eiusdem
935 2392 1086 2426 Ecclesiae

387 2437 554 2472 Gradensis
576 2439 628 2482 (2).

604 2508 817 2539 SUMMARHJM

335 2561 524 2592 Prooemium.
547 2579 584 2584 —
610 2563 676 2598 1‚⁶2.
706 2563 818 2593 Causae
849 2563 1019 2594 huiusmodi
1043 2566 1085 2594 fa-

374 2602 496 2632 ciendae
526 2603 739 2633 translationis.
772 2620 812 2625 ——
833 2603 998 2634 Translatio
1032 2607 1086 2644 (de

369 2659 408 2695 (1)
424 2660 531 2687 Caetera
549 2659 672 2695 leguntur
688 2661 713 2687 in
731 2661 787 2696 ipso
805 2661 947 2693 Bonifacio,
963 2665 1026 2689 tom.
1044 2671 1084 2695 lv,

334 2707 392 2735 pag.
413 2700 475 2727 602.
513 2700 554 2735 (ἃ)
570 2700 608 2727 Ex
625 2700 730 2736 Regest.
748 2701 773 2728 in
792 2701 902 2729 Archiv.
922 2702 1004 2729 Vatic.

1759 298 1827 330 {07

1169 370 1219 398 qua
1236 361 1265 389 in
1281 360 1420 398 rubrica).
1439 377 1477 383 —
1492 362 1518 391 3.
1539 362 1575 391 Ex
1594 362 1746 400 mutiensi,
1768 363 1877 394 Castel-

1169 405 1233 434 lana
1249 409 1276 434 et
1298 404 1403 434 Veneta
1423 405 1563 436 Ecclesiis
1588 406 1677 437 'unica
1707 413 1816 438 tantum
1848 410 1876 438 sit

1167 450 1322 479 dioecesis.
1341 467 1379 472 —
1396 450 1423 480 4.
1441 450 1600 481 Gradensis
1615 451 1766 482 Ecclesiae
1781 453 1877 491 digni-

1168 499 1240 523 tates
1264 504 1336 524 novo
1360 495 1570 534 patriarchatui
1597 497 1813 526 adiudicantur.
1840 515 1878 521 -—

1166 540 1192 568 fi.
1216 539 1315 569 Eidem
1333 540 1497 578 applicatur
1516 549 1633 579 quoque
1652 541 1703 570 dos
1726 541 1876 572 Ecclesiae

1167 583 1292 612 Gradeu.
1315 588 1343 613 et
1364 583 1520 613 Castellau.
1536 601 1574 606 —-
1589 585 1615 613 6.
1632 584 1797 615 Clausulae.

1176 663 1300 692 nicolaus
1319 664 1461 700 episcopus
1482 671 1577 693 servus
1604 672 1742 693 sorvorum
1764 666 1826 699 Dei.

1260 713 1292 740 ad
1327 714 1485 749 perpetuam
1505 713 1545 742 rei
1575 714 1742 742 memoriam.

1175 783 1272 829 Regis
1295 786 1413 819 aeterni
1442 798 1477 819 ac
1500 785 1639 820 Pastoris
1667 786 1750 820 illius
1772 787 1873 822 caele-

1125 833 1180 867 stis
1215 843 1244 868 et
1278 834 1452 869 animarum
1492 835 1626 879 Christi,
1654 848 1669 870 a
1708 849 1771 883 quo
1806 837 1873 871 sin—

1124 883 1194 928 gula
1218 884 1387 929 gratiarum
1407 885 1499 921 dona,
1524 886 1636 925 vicem,
1661 886 1732 920 licet
1755 888 1873 921 imme-

1126 932 1187 975 riti,
1209 942 1355 978 gerentes
1373 934 1401 967 in
1427 935 1528 972 ten-is,
1552 948 1623 969 cum
1646 936 1746 970 simus
1768 937 1807 971 ab
1828 936 1874 971 Eo

1127 983 1156 1016 iu
1184 983 1335 1017 eminenti
1371 983 1532 1018 militantis
1556 984 1716 1019 Ecclesiae
1747 988 1873 1031 specula

1124 1032 1297 1073 constituti,
1326 1041 1390 1067 tum
1419 1033 1456 1067 ad
1486 1046 1597 1068 omnes
1620 1035 1872 1071 christifidelium

1125 1082 1280 1125 nationes,
1296 1083 1359 1118 loca
1376 1090 1406 1116 et
1422 1095 1583 1129 personas,
1608 1092 1640 1118 ut
1658 1086 1873 1131 promeritorie

1126 1131 1332 1171 honorentur,
1350 1133 1461 1166 intenti
1477 1146 1603 1173 sumus,
1627 1143 1692 1168 tum
1715 1134 1752 1168 ad
1771 1135 1873 1170 hono-

1127 1194 1189 1215 rem
1216 1189 1245 1215 et
1267 1182 1451 1228 dignitatem
1478 1182 1602 1217 illorum
1632 1184 1774 1230 pervigili
1798 1197 1872 1219 cura

1125 1231 1316 1266 attendimus
1337 1240 1458 1266 nostras
1474 1233 1680 1278 cogitationes
1696 1261 1703 1273 ,
1736 1246 1872 1281 quorum

1125 1280 1250 1314 devotio
1277 1294 1350 1327 erga
1382 1294 1451 1325 uos,
1479 1281 1581 1316 ferror
1611 1282 1681 1317 fidei
1715 1292 1745 1318 et
1774 1284 1875 1331 pluri—

1127 1343 1246 1364 marum
1282 1331 1433 1365 virtutum
1457 1331 1564 1366 merita
1594 1332 1740 1367 videntur
1772 1346 1879 1381 expo—

1125 1393 1224 1421 scere,
1253 1388 1285 1414 ut
1312 1381 1476 1428 amplioris
1510 1381 1674 1427 dignitatis
1702 1383 1792 1418 titulo
1820 1384 1877 1418 dc—

1126 1438 1284 1464 corentur.

1175 1479 1242 1526 Sl.
1266 1480 1361 1523 Sane5
1384 1482 1498 1515 mentis
1522 1489 1645 1516 nostrae
1669 1482 1779 1518 intuitu
1799 1496 1878 1518 con—

1125 1529 1299 1564 siderantes
1339 1539 1454 1577 quauta
1491 1532 1530 1565 sit
1570 1531 1704 1577 dignitas
1742 1542 1770 1567 et
1809 1546 1878 1567 ma-

1125 1579 1258 1625 gnitudo
1295 1580 1487 1626 reipublicae
1521 1581 1733 1623 Venetorum,
1761 1593 1877 1631 quanta

1126 1629 1233 1676 populi
1264 1629 1443 1671 multitudo,
1471 1641 1610 1677 quantus
1638 1632 1774 1669 civitatis
1789 1647 1879 1669 orna-

1126 1687 1177 1713 tus
1198 1687 1228 1713 ct
1243 1679 1430 1726 amplitudo,
1456 1689 1570 1727 quanta
1589 1680 1672 1717 illius
1692 1684 1877 1730 magnitudo

1126 1728 1272 1772 dominii,
1294 1738 1408 1777 quanta
1432 1743 1534 1764 rerum
1556 1732 1787 1776 magnificentia
1809 1735 1876 1769 exi-

1126 1786 1204 1812 stat:
1247 1778 1445 1814 advertentes
1486 1792 1613 1828 quoque
1657 1783 1799 1818 animum
1838 1784 1875 1818 ad

1126 1828 1318 1874 singularem
1354 1830 1494 1876 ipsorum
1522 1842 1594 1875 erga
1625 1844 1681 1866 uos
1707 1841 1736 1867 et
1759 1833 1878 1868 Roma-

1127 1890 1197 1912 nam
1209 1878 1384 1913 Ecclesiam
1399 1879 1613 1924 derotionem,
1626 1882 1787 1924 nimirum,
1797 1885 1879 1929 ipso-

1127 1940 1195 1962 rum
1227 1929 1316 1975 quasi
1354 1930 1587 1976 requirentibus
1619 1932 1748 1974 meritis,
1782 1933 1819 1968 ad
1843 1946 1876 1967 ea

1126 1977 1247 2023 agenda
1267 1987 1296 2013 et
1310 1979 1512 2014 concedenda
1537 1981 1741 2027 impellimur,
1761 1983 1877 2030 quibus

1127 2027 1197 2061 talis
1236 2036 1266 2062 et
1294 2037 1354 2062 tam
1378 2030 1524 2075 egregiae
1547 2030 1679 2066 civitatis
1708 2040 1738 2066 et
1760 2033 1875 2067 civium

1127 2090 1241 2111 nomen
1274 2090 1308 2113 ac
1338 2078 1448 2124 gloria,
1484 2093 1537 2126 per
1553 2093 1629 2115 suae
1656 2093 1782 2129 quoque
1814 2082 1877 2117 Ec—

1126 2126 1239 2161 clesiae
1262 2129 1456 2164 maiestatem
1479 2138 1508 2163 et
1530 2130 1771 2176 amplitudinem
1802 2132 1877 2167 illu—

1126 2185 1252 2211 stretur.
1300 2173 1305 2177 ⁴

1175 2226 1243 2274 52.
1267 2226 1348 2262 Cum
1373 2229 1476 2275 itaque
1495 2229 1638 2265 Ecclesia
1661 2231 1878 2277 patriarchalis

1126 2275 1277 2317 Graden.,
1313 2277 1341 2312 in
1370 2278 1509 2313 dominio
1536 2279 1637 2327 ipsius
1672 2280 1877 2328 reipublicae,

1127 2325 1320 2361 Venetorum
1357 2329 1514 2373 existens,
1549 2342 1629 2377 quae
1666 2343 1720 2376 per
1755 2331 1876 2366 obitum

1128 2376 1175 2410 bo.
1199 2389 1257 2410 me.
1279 2376 1448 2419 Dumnaci,
1472 2378 1572 2413 ultimi
1589 2380 1675 2414 illius
1694 2381 1876 2427 patriarcha*

1127 2434 1209 2460 extra
1238 2425 1413 2461 Romanam
1442 2427 1571 2463 Curiam
1601 2429 1755 2469 defuncti,
1779 2439 1877 2477 pasto-

1127 2476 1170 2509 ris
1201 2484 1247 2510 est
1274 2476 1386 2511 solatio
1413 2477 1573 2519 destituta,
1597 2480 1654 2514 sita
1682 2480 1721 2513 sit
1749 2480 1778 2514 iu
1808 2480 1876 2514 loco

1127 2529 1250 2564 deserto
1278 2538 1305 2563 et
1330 2531 1481 2566 destituto
1516 2533 1702 2576 cultoribus,
1736 2535 1815 2568 adeo
1844 2544 1875 2568 ut

1127 2583 1234 2618 nullus
1257 2584 1440 2620 iamdudum
1466 2586 1639 2633 patriarcha
1664 2587 1800 2622 residere
1819 2600 1875 2621 vn-

1126 2638 1230 2682 luerit,
1258 2646 1288 2672 et
1316 2652 1379 2685 quo
1402 2647 1505 2674 tantae
1529 2640 1692 2687 dignitatis
1723 2642 1874 2688 splendor

1126 2692 1306 2727 sordescere
1325 2694 1532 2739 existimatur,
1557 2707 1613 2729 nos
1635 2695 1873 2731 considerantes

1893 307 1942 335 Αη.
1964 298 1991 334 c'.
2007 309 2068 335 νῶι

1915 795 2047 814 l'rnoenuurm

1904 1492 1984 1513 Causae
2000 1493 2076 1515 huius-

1892 1526 1946 1545 modi
1965 1524 2075 1545 faciendae

1892 1555 2045 1576 translationis.
