2281 3251
97 303 146 330 An.
164 300 192 328 C.
212 301 280 328 1520

95 363 204 384 clausulae
216 368 280 390 prae—

98 395 224 416 servatium

108 706 218 727 clausulae
241 706 279 727 de-

96 739 221 764 rogator-iae.

126 957 250 979 Publicatio.

121 2293 239 2315 Exordium.

952 302 1012 324 LEO

295 369 365 392 mus
380 364 410 392 et
423 357 624 392 decernimus
646 356 836 393 ordinationi
860 366 890 392 et
918 357 1044 393 decreto

297 407 411 441 nostris
427 406 607 441 huiusmodi
619 419 671 453 per
686 419 902 454 quascumque
917 407 1044 442 clausu-

295 456 350 500 las,
365 456 456 490 etiam
474 456 696 502 derogatorias,
714 457 741 490 in
758 456 1043 504 supplicationibus

295 513 324 539 ct
346 505 486 540 caedulis
515 505 681 552 praedictis
703 507 871 552 appositaS,
901 507 959 541 nisi
990 518 1043 552 per

294 555 428 600 speciale
458 554 638 589 mandatum
655 583 662 594 ,
688 563 719 589 ιιι
739 555 845 600 decet,
873 555 1042 601 signatum,

294 604 436 650 derogari
466 616 526 638 non
557 616 659 650 posse.

342 658 358 697 §
379 657 412 688 4.
436 654 726 688 Constitutionilms
748 663 775 688 et
791 654 1043 689 ordinationibus

294 703 474 750 apostolicis
501 711 530 737 et
552 703 619 737 aliis
642 704 806 739 contrariis
830 716 889 738 non
913 703 1041 738 obstan-

294 753 376 787 tibus
398 753 661 800 quibuscumque.

342 802 460 844 Placet,
475 810 505 837 et
527 802 565 836 ita
589 810 673 836 motu
695 802 825 848 proprio
848 802 1042 837 mandamus.

497 853 622 896 (Papae
648 853 845 896 subscriptio)

344 901 472 935 Lectum
484 909 512 936 ct
523 901 715 947 publicatum
730 901 785 934 fnit
795 901 1043 947 suprascriptum

293 951 475 986 mandatum
504 951 624 985 Romae
647 950 677 984 in
700 950 893 985 Cancellaria
912 950 1046 997 Aposto-

293 1001 364 1044 lica,
392 1012 475 1034 anno
494 999 721 1034 incarnationis
742 999 918 1034 dominicae
941 1000 1044 1034 mille-

292 1050 373 1085 simo
389 1049 644 1097 quingentesimo
658 1049 824 1096 vigesimo,
839 1049 889 1083 die
904 1061 943 1083 111
961 1061 1045 1084 men-

292 1111 333 1134 sis
357 1111 499 1133 ianuarii.

341 1160 402 1191 Dat.
418 1161 464 1191 die
481 1161 498 1191 3
514 1161 641 1190 ianuarii
658 1160 744 1197 1520,
761 1164 839 1199 pont.
857 1169 932 1190 anno
952 1169 999 1190 vn.

598 1310 656 1345 xi.
683 1313 738 1354 (ι).

289 1383 526 1417 Animadversi'o
548 1389 655 1416 contra
685 1383 774 1421 illos,
800 1384 854 1427 qui
877 1395 932 1428 per
958 1384 1043 1428 vim,

338 1439 450 1466 metum
471 1439 525 1466 aut
544 1433 623 1478 fictis
641 1433 898 1477 promissionibus
917 1435 1043 1477 praela-

338 1489 438 1515 torum
457 1483 611 1515 electiones
639 1484 671 1515 in
697 1483 891 1515 nionasterit's
913 1483 1043 1516 Ordinis

338 1532 543 1566 Cisterciensis
565 1533 744 1576 impediunt,
767 1539 820 1566 aut
843 1533 980 1565 electores
1001 1534 1043 1566 ad

335 1593 481 1626 personas
507 1582 568 1614 sibi
599 1582 752 1615 benevisas
787 1582 942 1626 eli'yendas
976 1583 1041 1615 acl-

338 1632 494 1675 strt'nqunt
516 1632 572 1674 (2).

555 1700 771 1731 SUMMARIUM

286 1768 455 1799 Exordium.
473 1784 512 1789 —
531 1767 558 1797 1.
576 1766 689 1796 Causae
705 1767 794 1796 liuius
818 1766 956 1797 serendae
973 1776 1043 1797 con-

327 1812 501 1843 stitutionis.
521 1829 559 1834 -
574 1812 601 1841 ⁶2.
616 1811 780 1841 prohibitio
796 1811 961 1841 libertatem
982 1812 1043 1841 ele-

327 1857 433 1887 ctionis
453 1857 481 1885 in
495 1856 683 1885 monasteriis
702 1855 821 1885 Ordinis
837 1856 1041 1886 Cistereiensis

328 1901 491 1939 frangendi.
507 1917 545 1922 —
560 1900 586 1929 3.
602 1899 775 1934 Electiones,
789 1901 822 1930 ad
836 1901 957 1930 alterius
975 1910 1043 1940 pro-

327 1945 509 1974 curationem
530 1944 633 1981 factae,
660 1945 758 1974 nullae
782 1945 980 1975 declarantur.
1003 1963 1043 1968 —

327 1989 354 2019 4.
383 1989 584 2028 Exequutores
608 1989 707 2018 bullae
731 1989 820 2018 buius
847 1990 1040 2020 destinantur.

327 2051 365 2056 —
384 2034 411 2063 5.
434 2033 620 2063 Obstantium
640 2034 799 2071 derogatio.

377 2111 427 2140 Leo
446 2112 587 2148 episcopus
611 2118 708 2140 servus
733 2118 874 2140 servorum
889 2111 950 2144 Dei,

424 2166 458 2194 ad
488 2167 650 2201 perpetuam
674 2165 716 2194 rei
737 2166 905 2194 memoriam.

337 2238 509 2274 Pastoralis
531 2238 624 2273 officii
648 2238 812 2283 debitum,
839 2251 901 2286 quo
936 2239 1041 2274 ecele-

288 2289 342 2324 siis
361 2296 391 2324 et
414 2289 613 2324 monasteriis
641 2288 836 2336 quibuslibet
863 2301 898 2323 ac
923 2290 953 2323 in
977 2290 1039 2334 eis,

288 2339 348 2374 sub
370 2340 455 2373 suavi
488 2338 664 2385 Religionis
692 2339 777 2385 iugo,
806 2338 969 2373 Altissimo
994 2339 1039 2373 sa-

288 2388 482 2424 mulantibus
496 2389 657 2435 utriusque
669 2400 763 2423 sexus
778 2388 919 2434 personis
930 2389 1041 2424 astrin-

287 2439 404 2486 gimur,
427 2450 484 2472 nos
506 2438 654 2472 admonet
681 2447 711 2472 et
748 2438 866 2473 inducit
891 2447 922 2473 ut
945 2439 981 2473 ad
1005 2451 1038 2473 ea

287 2488 409 2523 solicite
433 2488 650 2532 intendamus,
675 2500 730 2535 per
751 2499 831 2534 quae
853 2488 1038 2523 eorumdem

287 2538 553 2573 monasteriorum
597 2546 627 2572 et
664 2550 868 2582 personarum
908 2538 1038 2573 feliciori

288 2587 448 2623 successui
472 2600 508 2622 ac
530 2587 630 2634 ipsius
653 2586 828 2633 Religionis
844 2588 1040 2623 incremento

322 2659 363 2695 (1)
379 2660 448 2686 Haec
463 2659 515 2685 snb
531 2666 642 2685 numero
658 2666 713 2685 xm
729 2658 754 2685 in
772 2658 848 2686 Rom.
866 2659 986 2688 Editione
1001 2663 1041 2687 est

289 2700 328 2736 (a.
345 2699 395 2738 aa).
433 2699 473 2736 (2)
493 2699 531 2727 Ex.
549 2699 652 2735 aegest.
674 2699 701 2726 in
721 2699 830 2728 Archiv.
853 2699 936 2728 Vatic.

1036 302 1056 324 X
1087 302 1135 324 ΙΨ.

1721 292 1788 324 755

1088 366 1117 391 et
1144 356 1372 391 conservationi
1400 364 1521 392 nostrae
1556 356 1744 404 provisionis
1777 357 1839 390 mi-

1089 407 1218 441 nisterio
1241 405 1362 440 consuli
1384 406 1492 441 valeat.

1135 460 1149 499 g
1183 458 1211 489 l.
1243 454 1327 490 Sane
1362 455 1543 502 accepimus
1576 455 1659 503 quod
1696 455 1837 490 nonnulli

1086 505 1261 539 saeculares
1285 505 1440 551 principes
1468 514 1498 540 et
1532 505 1581 540 alii
1610 505 1750 540 locorum
1779 505 1838 540 do-

1087 555 1165 588 mini
1190 554 1390 601 temporales,
1412 554 1652 590 occurrentibus
1675 554 1841 590 vacationi·

1088 604 1145 638 bns
1159 604 1434 644 monasteriorum,
1457 605 1550 639 etiam
1574 604 1755 639 monialium
1768 632 1775 644 ,
1789 603 1840 639 Ci-

1087 653 1266 688 sterciensis
1278 652 1408 687 Ordinis
1427 654 1457 687 in
1477 666 1586 688 eorum
1599 653 1749 688 dominiis
1767 666 1841 688 con-

1087 703 1288 746 sistentium,
1316 715 1371 737 seu
1408 703 1499 738 etiam
1528 712 1694 750 antequam
1719 711 1840 747 vacent,

1087 752 1283 787 consiliarios
1323 760 1354 786 et
1385 752 1462 787 alios
1495 753 1577 788 viros
1610 753 1840 788 ecclesiasticos

1089 801 1133 835 vel
1157 801 1354 845 saeculares,
1378 802 1468 836 etiam
1498 814 1737 849 nonnumquam
1766 814 1838 837 cum

1087 859 1279 885 armatorum
1303 859 1426 885 caterva
1442 879 1450 892 ‚
1473 851 1511 885 ad
1538 851 1620 886 dicta
1649 852 1838 886 monasteria

1089 912 1144 946 pro
1171 899 1379 935 electionibus
1402 901 1440 934 de
1463 901 1604 946 personis
1628 914 1682 948 per
1704 913 1758 936 eos
1781 913 1840 935 no-

1089 949 1245 984 minandis
1285 949 1437 984 faciendis
1460 951 1682 991 transmittere3
1705 963 1740 985 ac
1761 963 1840 985 con-

1088 1008 1199 1033 ventus
1222 999 1485 1033 monasteriorum
1515 999 1670 1046 ipsorum,
1704 1008 1737 1034 ut
1766 1012 1840 1046 per-

1086 1060 1179 1082 sonas
1208 1060 1263 1095 per
1281 1060 1335 1082 eos
1354 1048 1400 1083 eis
1417 1048 1607 1090 nominatas,
1623 1049 1715 1083 etiarn
1734 1050 1839 1084 minus

1088 1097 1230 1141 idoneas,
1259 1097 1377 1143 eligant
1405 1097 1450 1131 vel
1480 1099 1657 1144 postulent,
1681 1098 1779 1134 literis
1811 1108 1840 1134 et

1088 1146 1234 1193 precibus
1250 1158 1285 1180 ac
1301 1147 1570 1193 promissionibus
1593 1147 1755 1188 inducere,
1770 1160 1839 1191 seu,

1087 1208 1159 1230 eum
1183 1208 1292 1231 eorum
1315 1196 1573 1242 suggestionibus
1600 1205 1629 1231 et
1646 1197 1742 1232 minis
1757 1197 1838 1232 flecti

1087 1252 1263 1291 nequeunt,
1286 1245 1316 1278 in
1337 1245 1547 1280 electionibus
1569 1246 1700 1281 aliarum
1730 1259 1840 1293 perso·

1088 1306 1199 1329 narum
1237 1294 1447 1339 idonearum,
1473 1295 1648 1330 secundum
1684 1296 1840 1342 regularia

1086 1344 1158 1378 dicti
1194 1343 1324 1378 Ordinis
1358 1344 1519 1388 instituta,
1553 1356 1588 1378 ac
1616 1345 1781 1392 privilegia
1809 1353 1841 1380 et

1087 1393 1207 1428 indulta
1235 1393 1336 1428 eidem
1360 1393 1472 1428 Ordini
1497 1406 1659 1438 concessa,
1687 1394 1840 1442 impedire

1086 1451 1115 1477 et
1139 1443 1333 1489 perturbare;
1352 1455 1469 1489 eosque
1491 1455 1527 1477 ac
1551 1456 1703 1489 personas
1728 1456 1841 1478 secun—

1086 1492 1162 1526 dnm
1192 1491 1343 1538 regularia
1371 1492 1514 1527 instituta
1549 1504 1585 1527 ac
1619 1493 1780 1539 privilegia
1808 1502 1839 1527 et

1087 1541 1206 1576 indulta
1237 1542 1395 1588 praedicta
1411 1542 1526 1576 electas
1542 1541 1754 1577 diversimode
1769 1554 1839 1577 mo-

1086 1591 1198 1625 lestare
1221 1598 1441 1637 praesumant,
1465 1591 1636 1625 nonnullae
1657 1592 1750 1626 etiam
1771 1591 1840 1626 reli-

1085 1641 1191 1686 giosae
1225 1652 1261 1675 ae
1298 1640 1376 1675 aliae
1416 1640 1648 1675 ecclesiastieae
1672 1652 1838 1687 personae,

1085 1690 1236 1724 damnosa
1260 1689 1432 1724 ambitione
1454 1689 1578 1733 ductae,
1594 1689 1632 1724 ad
1650 1691 1839 1725 monasteria

1086 1739 1242 1785 praedicta
1272 1739 1415 1786 improbe
1441 1739 1633 1786 aspirantes,
1658 1751 1713 1786 per
1734 1751 1768 1774 se
1790 1739 1838 1774 vel

1084 1789 1180 1823 alium
1203 1800 1259 1823 seu
1279 1789 1355 1823 alios
1373 1800 1481 1835 preces
1500 1801 1536 1823 ac
1555 1789 1660 1823 literas
1680 1788 1837 1824 dictorum

1086 1838 1264 1885 principum
1279 1846 1309 1873 et
1324 1838 1527 1872 dominorum
1542 1838 1765 1884 temporalium
1784 1850 1838 1884 per

1084 1899 1129 1928 se,
1152 1888 1216 1922 sive
1235 1888 1329 1922 etiam
1358 1887 1396 1922 ad
1417 1888 1561 1921 effectum
1583 1897 1615 1921 ut
1634 1889 1835 1934 postmodum

1085 1938 1273 1971 monasteria
1309 1938 1373 1984 ipsa
1406 1937 1435 1971 in
1469 1937 1604 1972 favorem
1627 1937 1836 1972 saccularium

1084 1995 1113 2021 et
1135 1987 1265 2021 aliarum
1289 1987 1394 2021 minus
1418 1987 1600 2021 idonearum
1630 1999 1835 2034 personarum

1084 2036 1195 2071 cedere
1223 2038 1365 2083 possint,
1394 2048 1562 2083 procurare
1587 2048 1649 2071 non
1679 2044 1834 2071 verentur.

1132 2088 1151 2135 S
1178 2092 1210 2121 2.
1235 2086 1300 2121 Nos
1323 2087 1428 2133 igitur,
1448 2087 1501 2134 qui
1529 2086 1687 2121 Ordinum
1711 2095 1740 2121 et
1764 2098 1835 2121 mo-

1084 2143 1290 2177 nasteriorum
1324 2142 1521 2188 singulorum
1557 2153 1664 2176 euram
1693 2141 1835 2187 gerimus

1082 2196 1281 2243 generalem,
1304 2208 1439 2242 quorum
1474 2195 1602 2230 interest
1635 2195 1748 2230 talibus
1775 2195 1836 2230 ob·—

1085 2252 1178 2293 riare,
1201 2261 1287 2286 motu
1318 2251 1459 2298 proprio,
1483 2262 1543 2285 non
1567 2250 1605 2285 ad
1630 2249 1759 2285 alterius
1776 2263 1835 2285 no-

1083 2305 1130 2340 bis
1153 2317 1247 2352 super
1260 2305 1319 2340 hoc
1332 2305 1453 2340 oblatae
1471 2304 1629 2352 petitionis
1644 2304 1834 2349 instantiam,

1082 2359 1135 2395 sed
1164 2360 1202 2395 (le
1238 2369 1342 2395 nostra
1376 2371 1459 2394 mera
1492 2359 1717 2394 deliberatione
1739 2371 1775 2394 ac
1798 2372 1833 2394 ex

1083 2424 1167 2450 certa
1203 2414 1354 2457 seientia,
1382 2413 1419 2448 ad
1444 2413 1613 2448 tollendam
1651 2413 1834 2449 huiusmodi

1085 2469 1229 2504 iniuriam
1259 2477 1286 2503 et
1316 2468 1512 2503 evellendam
1541 2467 1721 2502 ambitionis
1748 2468 1835 2502 radi-

1083 2536 1165 2565 cem,
1181 2523 1329 2558 omnibus
1344 2531 1372 2557 ct
1390 2522 1522 2569 singulis
1539 2521 1745 2569 principibus,
1761 2534 1834 2569 qua·

1083 2591 1232 2626 cumque,
1259 2578 1353 2613 etiam
1379 2577 1544 2625 imperiali,
1567 2576 1675 2623 regali,
1690 2577 1832 2623 reginali,

1083 2632 1184 2667 dueali
1215 2633 1262 2667 vel
1298 2632 1357 2666 alia
1384 2632 1568 2666 auctoritate
1590 2639 1620 2665 et
1647 2631 1834 2667 excellentia

1085 2686 1289 2734 fulgentibus,
1313 2695 1341 2721 et
1365 2686 1434 2722 aliis
1462 2686 1554 2721 etiam
1579 2684 1718 2721 dominis
1751 2692 1834 2722 tem-

1854 301 1903 328 An.
1921 302 1949 328 C.
1970 303 2038 329 1520

1876 463 1956 484 Causae
1979 464 2039 485 huius

1853 494 1955 515 terentiae
1985 502 2038 516 eon-

1854 527 1977 546 stitutionis.

1868 2100 1985 2122 Prohibitio
2008 2101 2036 2122 li-

1849 2131 1928 2152 bertat.
1948 2132 2036 2153 electiu-

1850 2164 1882 2183 nis
1900 2164 1920 2183 in
1931 2165 2037 2184 monaste-

1850 2194 1886 2214 riis
1902 2193 1986 2214 Ordinis
2000 2192 2037 2214 Ci-

1851 2225 1952 2245 stercien.
1975 2223 2036 2245 nan-

1850 2256 1919 2282 genili.
