2281 3251
134 278 185 306 An,
203 278 232 305 C.
247 277 314 305 11157

145 339 236 360 Ordines
251 345 263 359 11
276 345 317 367 quo

133 369 220 391 libuerit
247 371 318 391 :uect-

133 402 206 428 piendl
232 402 319 428 episco-

132 437 159 459 ΡΟ
175 432 214 459 (¹);

146 825 194 848 Alia
208 825 320 853 acquiren-

135 858 156 880 111
170 856 225 880 loen.

144 1465 259 1493 Doroa-tta
267 1470 319 1489 eon-

134 1497 255 1520 uariorum.

955 272 1114 295 EUGENms
1148 272 1180 294 tv
1208 272 1256 294 ΙΨ.

334 331 411 380 perti
454 329 570 365 suerint
587 356 594 369 ,
640 340 656 363 3
702 340 904 375 quocumque
946 328 1083 361 antistite

332 381 462 428 gratiam
490 387 519 414 et
558 379 814 413 communionem
852 377 954 411 dictae
992 376 1083 409 Sedis

333 431 479 473 1131161116,
505 428 542 463 ad
563 439 673 462 omnes
699 427 791 461 etiam
816 438 922 460 sacros
947 434 976 459 et
1001 437 1084 471 pres-

333 479 494 527 byteratus
520 477 648 512 ordines
670 476 745 510 alias
769 476 825 509 rite
854 475 1029 519 promoveri
1054 483 1083 508 ct

333 529 363 563 iu
389 528 448 563 illis
471 527 661 568 ministrare,
684 525 800 572 proprii
830 533 894 558 111111
923 524 1083 570 episcopi,

332 578 392 612 sub
413 578 502 612 cuius
524 575 661 610 dioecesi
683 587 767 608 mora
791 574 935 616 trabitur,
959 573 1083 607 lii-entia

333 628 419 673 prius
438 626 587 674 requisita
610 633 639 659 et
661 624 802 665 obtenta,
830 623 926 657 libere
949 631 978 656 et
1002 622 1084 656 licite

332 676 466 720 valeant,
487 675 670 710 auctoritate
691 673 875 719 apostolica,
892 681 1085 718 tenoreprae-

333 726 482 763 sentium,
507 723 720 770 indulgemus,

381 774 448 822 §8-
463 773 503 808 Et
521 774 661 819 insuper,
677 780 708 805 ut
731 770 899 805 oratorium
914 769 947 803 S.
969 768 1084 803 Mariae

332 823 536 870 Magdaleuae
552 821 770 856 Paduauensis
788 827 817 854 ct
831 819 890 854 alia
911 830 1084 865 quaecum-

332 885 395 921 que
419 873 484 908 loca
509 884 563 918 per
585 883 638 905 vos
659 869 825 916 acquisita,
845 876 874 903 et
893 867 1083 915 acquirenda

332 935 389 970 per
410 923 591 957 societatem
613 919 780 966 praefatam
801 926 829 952 et
852 919 919 951 eius
943 917 1083 958 nomine,

332 984 402 1006 cum
431 970 579 1006 omnibus
601 977 630 1002 et
654 968 786 1014 singulis
808 966 928 1001 iuribus
954 973 984 999 et
1013 977 1084 1011 per-

332 1021 473 1056 tinentiis
499 1032 621 1062 eorum,
648 1018 767 1064 absque
795 1016 1021 1063 impedimento
1055 1022 1084 1048 et

332 1070 580 1106 contradictione
597 1068 827 1112 cuiuscumque
847 1066 993 1104 retinere,
1009 1075 1084 1098 uec-

332 1132 394 1155 non
428 1118 575 1154 omnibus
602 1125 632 1151 et
654 1115 787 1161 singulis
814 1113 999 1160 privilegiis,
1035 1112 1084 1146 in-

332 1168 523 1215 dulgentiis,
545 1166 669 1213 gratiis,
693 1164 821 1198 indultis
842 1171 872 1196 et
900 1163 1083 1208 exemptio—

332 1218 436 1258 nibus,
464 1216 579 1264 quibus
614 1214 671 1248 alia
698 1212 831 1247 oratoria
859 1221 886 1246 et
919 1211 984 1245 loca
1013 1223 1083 1245 ere-

331 1267 478 1302 mitarum
513 1272 645 1300 utuntur
670 1271 700 1297 et
728 1262 883 1309 gaudent,
916 1260 1008 1294 etiam
1038 1260 1081 1294 uti

331 1325 362 1351 et
382 1316 520 1362 gaudere
543 1314 664 1361 possint
685 1321 714 1347 et
738 1310 870 1354 valeant,
894 1308 1003 1344 eadem
1027 1322 1084 1344 au·

332 1366 475 1400 ctoritate
501 1363 707 1398 concedimus
730 1373 785 1408 per
807 1367 997 1406 praesentes.

380 1416 447 1459 59.
478 1412 547 1447 Nou
570 1410 770 1447 obstantibus
804 1407 1085 1444 constitutionibus

332 1470 363 1499 et
395 1460 663 1511 prohibitionibus
685 1458 865 1506 apostolicis
895 1457 1085 1505 specialibus

333 1512 379 1549 vel
406 1511 623 1560 generalibus,
652 1510 745 1544 etiam
782 1508 807 1542 si
835 1508 911 1542 tales
945 1507 1018 1547 sint,
1046 1507 1085 1541 de

310 1558 313 1560 ’
333 1562 449 1610 quibus
467 1559 686 1609 praesentibus
709 1557 855 1605 specialis
889 1566 916 1590 et
938 1568 1084 1603 expressa

333 1621 415 1648 esset
450 1611 566 1646 mentio
594 1607 756 1647 habenda,
791 1607 967 1653 ceterisque
1002 1618 1085 1640 con-

334 1661 437 1698 trariis
458 1661 727 1708 quibuscumque.

381 1710 466 1745 Nulli
495 1722 570 1755 ergo
591 1717 643 1743 etc.

381 1758 495 1795 Datum
534 1757 711 1797 Ferrariae,
739 1767 822 1790 anno
858 1754 1085 1789 incarnationis

333 1809 510 1845 dominicae
525 1807 693 1842 millesimo
708 1804 1022 1852 quadringentesimo
1035 1803 1088 1837 tri-

332 1859 454 1906 gesimo
481 1858 630 1905 septimo,
653 1863 762 1890 octavo
786 1852 845 1888 kal.
870 1854 987 1893 martii,
1010 1864 1087 1900 pon-

334 1907 471 1943 tificatus
494 1906 590 1942 nostri
612 1917 695 1940 anno
718 1912 817 1938 sexto.

362 1967 424 1999 Dat.
440 1968 486 1999 die
501 1967 539 1998 22
556 1966 696 1997 februarii
714 1965 801 2002 1437,
816 1969 896 2004 pont.
914 1973 991 1994 anno
1014 1972 1051 1994 vr.

665 2102 749 2137 xvt.

337 2187 517 2222 Transtau'o
536 2186 687 2230 yenerali's
705 2185 826 2218 concilii
843 2183 1027 2217 Basiteensis
1044 2182 1087 2215 ad

383 2237 535 2271 civitatem
560 2235 724 2269 Ferrariae
749 2235 782 2267 in
804 2232 965 2278 provincia
996 2233 1086 2266 Lom-

384 2287 521 2320 bardiae.

603 2353 816 2385 SUMMARtUM

335 2418 411 2449 Deus
442 2418 605 2449 Ecclesiam
636 2427 719 2447 suam
754 2418 914 2453 fluctuare,
945 2415 997 2445 sed
1028 2423 1086 2444 non

374 2464 466 2502 mergi
486 2465 603 2502 patitur.
621 2479 660 2485 —
678 2463 704 2492 1.
720 2460 969 2492 Convenientibus
988 2460 1086 2497 itaque

373 2507 526 2538 Ferrariae
557 2507 760 2538 Orientalibus
787 2511 815 2536 et
846 2503 1086 2535 Occidentalibus

375 2552 504 2592 populis3
520 2569 560 2575 —
574 2552 602 2582 2.
621 2552 747 2592 Ipsoque
764 2552 892 2582 instante
911 2550 1087 2590 imperatore

375 2606 441 2627 cum
458 2597 691 2636 patriarcharum
716 2596 829 2634 legatis,
849 2595 1009 2634 multisque
1025 2596 1089 2635 epi—

317 2669 332 2675 ·›
370 2653 410 2690 (1)
426 2653 493 2681 vide
508 2653 607 2686 Concil-
620 2653 751 2688 Trident„
767 2660 833 2681 sess.
850 2660 901 2686 vu,
917 2659 976 2688 cap.
1003 2653 1045 2680 Η.

1780 261 1819 292 51

1165 326 1280 363 scopis;
1309 340 1348 346 —-
1376 324 1402 353 3.
1426 323 1499 353 llluc
1532 331 1582 362 pro
1615 322 1742 352 concilio
1775 323 1875 352 statuit

1164 368 1410 398 conveniendum.

1890 270 1938 295 An.
1956 269 1985 295 C.
2006 270 2071 296 ¹457

1169 449 1301 484 fingenius
1318 449 1461 484 episcopus
1497 454 1593 476 servus
1616 453 1757 476 sorvorum
1775 446 1829 479 Dei.

1278 498 1313 525 ad
1332 499 1474 526 aeternam
1492 496 1533 524 ret
1554 496 1724 524 memoriam.

1175 566 1305 612 Magnas
1327 563 1537 611 omnipotenti
1563 563 1628 597 Deo
1650 563 1765 608 gratias
1787 574 1877 608 opor-
1904 568 1958 603 oeus
2000 568 2075 589 [iv-rte·

1127 623 1167 649 tet
1203 628 1258 650 nos
1286 627 1390 661 agere,
1413 614 1481 661 qui,
1511 613 1710 659 antiquarum
1746 623 1875 645 suarum
1891 605 2020 655 {22'222'22
2034 600 2076 650 1¹1¹:ss

1127 664 1414 698 misericordiarum
1453 675 1515 697 uou
1552 662 1730 699 immemor,
1759 660 1877 695 Ecclc-
1892 663 2058 687 ffi0‘5*P³‘¹¹·“·

1127 714 1202 747 siam
1237 725 1324 747 suam
1357 712 1509 747 continuo
1543 710 1645 745 reddit
1678 709 1875 757 ampliorem.

1126 762 1228 804 Quam
1255 762 1401 808 quidem,
1429 762 1485 794 etsi
1516 759 1674 802 laborare,
1707 760 1878 805 multisque

1127 811 1365 857 tempestatibus
1399 810 1549 844 fluctuare
1572 808 1743 856 permittit,
1778 820 1878 841 uum-

1126 873 1219 906 quain
1244 868 1347 894 tamen
1381 859 1543 904 submergi
1576 858 1702 905 patitur,
1731 868 1837 891 verum
1861 868 1876 890 a

1127 909 1276 943 fluctibus
1298 917 1327 943 et
1352 909 1474 954 maguis
1495 907 1634 942 aestibus
1657 906 1751 941 maris
1774 918 1878 940 reser-

1127 968 1187 998 vat,
1216 967 1245 992 et
1282 970 1338 1004 pro
1373 970 1431 991 suo
1467 970 1538 1002 erga
1566 969 1669 1002 genus
1703 955 1877 989 liumanum

1127 1020 1243 1046 amore,
1279 1008 1358 1041 inter
1386 1007 1502 1040 multos
1538 1015 1567 1039 et
1596 1006 1696 1039 varios
1722 1016 1814 1039 casus
1849 1012 1878 1038 et

1126 1057 1338 1098 calamitati-s,
1375 1056 1525 1090 virentem
1556 1067 1682 1101 semper
1711 1054 1814 1094 fovet,
1843 1065 1878 1087 ac

1127 1107 1227 1151 magis
1251 1106 1406 1151 vigentem
1435 1104 1547 1139 reddit.

1175 1155 1195 1202 S
1219 1157 1249 1189 1.
1287 1155 1367 1189 Eece
1395 1155 1479 1188 enim
1513 1152 1692 1187 Orientales
1718 1160 1749 1185 et
1783 1151 1878 1185 Occi·
1898 1163 2077 1184 convenientibus

1126 1204 1268 1239 dentales
1292 1204 1411 1251 populi,
1434 1202 1550 1237 iamdiu
1569 1202 1649 1235 inter
1670 1213 1703 1234 se
1721 1200 1878 1234 dissiden-
1891 1194 2076 1247 &almitas-⁸⁶25

1127 1263 1173 1288 tes
1219 1262 1312 1300 atque
1352 1252 1528 1291 disiuncti,
1563 1250 1600 1285 ad
1637 1261 1744 1296 pacem
1785 1258 1878 1296 atque
1895 1257 2069 1278 occideuxauuu·

1126 1303 1384 1338 coniunctionem
1400 1302 1568 1336 convenire
1585 1297 1877 1345 festinant.Quippe
1892 1288 1989 1315 ⁹⁰⁹⁰¹¹⁵³

1126 1352 1180 1399 qui
1217 1351 1381 1386 discordes
1415 1352 1474 1385 iam
1515 1357 1544 1384 et
1579 1348 1716 1389 inimici,
1750 1347 1877 1382 tandem

1129 1401 1336 1449 post-multos
1358 1412 1470 1441 3111105,
1493 1399 1616 1434 favente
1644 1396 1725 1440 Deo,
1751 1409 1788 1431 ex
1812 1409 1878 1443 quo

1126 1464 1221 1485 omne
1242 1452 1350 1485 datum
1375 1449 1506 1492 bonum,
1529 1456 1656 1482 sanctae
1678 1446 1879 1481 coniunctio-

1130 1500 1176 1534 nis
1199 1500 1358 1534 desiderio
1381 1498 1503 1542 allecti,
1531 1499 1561 1532 in
1586 1497 1671 1531 bunc
1700 1507 1878 1529 convenere

1128 1550 1243 1584 locum.
1272 1549 1403 1583 Nostrae
1426 1549 1520 1594 igitur
1541 1545 1699 1581 servitutis
1723 1557 1760 1580 ac
1783 1545 1878 1579 totius

1127 1599 1288 1634 Ecclesiae
1326 1610 1419 1645 opera
1452 1605 1499 1631 est
1532 1604 1561 1630 et
1592 1608 1662 1630 esse
1695 1594 1876 1632 credimus,

1127 1657 1248 1683 tentare
1276 1661 1331 1695 pro
1366 1646 1505 1689 viribus,
1540 1653 1570 1680 ut
1608 1645 1684 1680 llaec
1725 1643 1877 1690 principia

1128 1707 1189 1733 tam
1214 1698 1328 1741 felicia,
1345 1697 1449 1731 studio
1472 1703 1580 1730 nostro
1603 1696 1643 1729 ita
1664 1693 1787 1728 felicem
1810 1693 1878 1726 exi-

1129 1756 1195 1783 tum
1218 1754 1463 1793 consequantur,
1488 1752 1521 1779 ut
1544 1744 1599 1778 Dei
1621 1744 1738 1789 gratiae
1760 1753 1878 1789 coope-

1129 1806 1249 1832 ratores
1271 1809 1351 1836 csse,
1373 1795 1499 1841 dicique
1522 1805 1708 1828 mereamur.

1177 1846 1197 1893 g
1223 1848 1255 1879 2.
1286 1844 1367 1880 Cum
1407 1845 1510 1891 itaque
1542 1843 1766 1877 dilectissimus
1796 1840 1877 1874 lilius

1128 1895 1262 1930 Ioannes
1273 1893 1490 1940 palaeologus,
1506 1890 1876 1937 Constantinopolitanus

1129 1946 1311 1992 imperator,
1333 1955 1393 1978 uua
1420 1955 1492 1977 cuin
1522 1942 1663 1988 piissimo
1691 1940 1782 1974 fratre
1813 1951 1875 1973 no-

1128 2003 1193 2029 stro
1213 1993 1359 2041 loseplio,
1382 1992 1556 2039 patriarcba
1584 1987 1878 2035 Constantinopoli-

1129 2051 1214 2088 tano,
1249 2054 1373 2078 necnon
1409 2050 1604 2076 caeterorum
1633 2038 1875 2087 patriarcharum

1130 2092 1256 2139 legatis,
1288 2103 1324 2128 ac
1350 2091 1458 2126 multis
1480 2089 1686 2138 amplissimis
1718 2095 1878 2133 metropo-

1129 2142 1194 2177 litis
1215 2151 1245 2177 et
1266 2140 1442 2189 episcopis,
1469 2152 1505 2175 ac
1527 2140 1597 2174 aliis
1630 2136 1795 2173 ordinibus
1823 2148 1878 2170 ec-

1129 2192 1314 2227 clesiasticis
1341 2198 1370 2226 et
1398 2190 1470 2225 viris
1494 2188 1664 2228 nobilibus,
1680 2186 1717 2222 ad
1733 2195 1877 2221 octavum

1129 2241 1212 2276 diem
1244 2239 1379 2288 proximi
1409 2240 1527 2274 mensis
1553 2237 1702 2274 februarii
1729 2232 1878 2271 venetias

1129 2291 1305 2335 advenerit,
1337 2289 1427 2325 nobis
1450 2289 1492 2334 id,
1514 2287 1599 2335 quod
1622 2286 1693 2322 aliis
1724 2283 1816 2320 etiam
1839 2296 1877 2319 ex

1130 2341 1207 2376 locis
1239 2349 1327 2375 antea
1356 2339 1485 2382 fecerat,
1512 2338 1664 2373 continuo
1687 2335 1783 2370 literis
1813 2334 1878 2369 suis

1128 2390 1329 2438 significarit,
1350 2402 1383 2424 se
1405 2387 1597 2436 quibusdam
1620 2386 1659 2421 de
1685 2385 1788 2419 causis
1815 2395 1875 2418 non

1129 2440 1241 2476 alienis
1270 2453 1285 2474 a
1320 2438 1439 2474 ratione
1461 2437 1629 2480 Basileam,
1651 2434 1706 2470 ubi
1738 2433 1876 2481 synodus

1129 2488 1317 2525 celebranda
1339 2496 1416 2532 erat⁷
1436 2488 1480 2522 ire
1503 2498 1565 2521 non
1589 2496 1693 2533 posse,
1715 2483 1809 2530 idque
1828 2481 1876 2515 1115

1129 2540 1183 2586 qui
1207 2538 1247 2573 ibi
1271 2539 1331 2573 iam
1354 2545 1461 2572 essent
1486 2535 1669 2582 scripsisse,
1701 2540 1875 2577 notumque

1129 2589 1254 2633 fecisse,
1277 2587 1389 2622 volens
1423 2593 1584 2633 propterea
1610 2591 1641 2618 et
1661 2579 1876 2623 contendens,

1131 2646 1163 2673 ut
1186 2638 1253 2685 ipsa
1275 2636 1416 2684 synodus
1439 2636 1500 2669 liuc
1526 2632 1698 2668 Ferrariam
1726 2628 1877 2666 transser-

1896 1853 1986 1881 Ipsoquc
1996 1854 2076 1874 instan-

1891 1889 1911 1906 te
1946 1886 2073 1912 imperatore

1891 1922 1936 1936 cum
1945 1916 2076 1942 patriarcha-

1891 1953 1935 1967 rum
1983 1946 2075 1971 legatis.

1891 1977 2004 2003 mutusque
2028 1977 2075 2003 cpl-

1892 2009 1974 2034 scopis;
