<?xml version="1.0" encoding="UTF-8"?>
<!DOCTYPE html PUBLIC "-//W3C//DTD XHTML 1.0 Transitional//EN"
    "http://www.w3.org/TR/xhtml1/DTD/xhtml1-transitional.dtd">
<html xmlns="http://www.w3.org/1999/xhtml" xml:lang="en" lang="en">
 <head>
  <title>
</title>
<meta http-equiv="Content-Type" content="text/html;charset=utf-8" />
  <meta name='ocr-system' content='tesseract 3.04.00' />
  <meta name='ocr-capabilities' content='ocr_page ocr_carea ocr_par ocr_line ocrx_word'/>
</head>
<body>
  <div class='ocr_page' id='page_1' title='image "./bullarumdiplomat05cath_0799.png"; bbox 0 0 2281 3251; ppageno 0'>
   <div class='ocr_carea' id='block_1_1' title="bbox 916 293 1739 326">
    <p class='ocr_par' dir='ltr' id='par_1_1' title="bbox 916 293 1739 326">
     <span class='ocr_line' id='line_1_1' title="bbox 916 293 1739 326; baseline -0.002 -1"><span class='ocrx_word' id='word_1_1' title='bbox 916 303 1010 326; x_wconf 70' lang='lat' dir='ltr'>tsnnx</span> <span class='ocrx_word' id='word_1_2' title='bbox 1034 303 1147 326; x_wconf 72' lang='lat' dir='ltr'>neuun</span> <span class='ocrx_word' id='word_1_3' title='bbox 1677 293 1739 324; x_wconf 71' lang='lat'>781</span> 
     </span>
    </p>
   </div>
   <div class='ocr_carea' id='block_1_2' title="bbox 360 356 1808 2727">
    <p class='ocr_par' dir='ltr' id='par_1_2' title="bbox 360 356 1808 2727">
     <span class='ocr_line' id='line_1_2' title="bbox 362 356 1792 403; baseline -0.002 -11"><span class='ocrx_word' id='word_1_4' title='bbox 362 370 429 392; x_wconf 89' lang='lat' dir='ltr'>rum</span> <span class='ocrx_word' id='word_1_5' title='bbox 453 357 624 391; x_wconf 79' lang='lat' dir='ltr'>auctoritas</span> <span class='ocrx_word' id='word_1_6' title='bbox 646 356 847 403; x_wconf 87' lang='lat' dir='ltr'>dispensandi</span> <span class='ocrx_word' id='word_1_7' title='bbox 864 370 934 391; x_wconf 84' lang='lat' dir='ltr'>eum</span> <span class='ocrx_word' id='word_1_8' title='bbox 960 358 1132 402; x_wconf 75' lang='lat' dir='ltr'>monachis7</span> <span class='ocrx_word' id='word_1_9' title='bbox 1146 360 1220 392; x_wconf 86' lang='lat' dir='ltr'>ibid.</span> <span class='ocrx_word' id='word_1_10' title='bbox 1238 357 1431 392; x_wconf 81' lang='lat' dir='ltr'>Eorumdem</span> <span class='ocrx_word' id='word_1_11' title='bbox 1458 357 1585 391; x_wconf 81' lang='lat' dir='ltr'>facultas</span> <span class='ocrx_word' id='word_1_12' title='bbox 1612 356 1792 391; x_wconf 81' lang='lat' dir='ltr'>admittendi</span> 
     </span>
     <span class='ocr_line' id='line_1_3' title="bbox 360 405 1794 451; baseline -0.002 -9"><span class='ocrx_word' id='word_1_13' title='bbox 360 407 397 442; x_wconf 86' lang='lat' dir='ltr'>ad</span> <span class='ocrx_word' id='word_1_14' title='bbox 432 406 587 441; x_wconf 76' lang='lat' dir='ltr'>Ordinem</span> <span class='ocrx_word' id='word_1_15' title='bbox 619 418 730 440; x_wconf 80' lang='lat' dir='ltr'>omnes</span> <span class='ocrx_word' id='word_1_16' title='bbox 766 406 949 451; x_wconf 41' lang='lat' dir='ltr'>religiosos,</span> <span class='ocrx_word' id='word_1_17' title='bbox 978 409 1051 441; x_wconf 84' lang='lat' dir='ltr'>ibid.</span> <span class='ocrx_word' id='word_1_18' title='bbox 1085 407 1229 442; x_wconf 84' lang='lat' dir='ltr'>Monaclii</span> <span class='ocrx_word' id='word_1_19' title='bbox 1269 408 1484 442; x_wconf 79' lang='lat' dir='ltr'>consessiones</span> <span class='ocrx_word' id='word_1_20' title='bbox 1514 406 1655 440; x_wconf 88' lang='lat' dir='ltr'>omnium</span> <span class='ocrx_word' id='word_1_21' title='bbox 1687 405 1794 439; x_wconf 81' lang='lat' dir='ltr'>audire</span> 
     </span>
     <span class='ocr_line' id='line_1_4' title="bbox 361 455 1796 504; baseline -0.001 -14"><span class='ocrx_word' id='word_1_22' title='bbox 361 464 390 491; x_wconf 87' lang='lat' dir='ltr'>et</span> <span class='ocrx_word' id='word_1_23' title='bbox 423 455 610 490; x_wconf 83' lang='lat' dir='ltr'>confitentes</span> <span class='ocrx_word' id='word_1_24' title='bbox 638 455 798 490; x_wconf 85' lang='lat' dir='ltr'>absolvere</span> <span class='ocrx_word' id='word_1_25' title='bbox 825 463 855 489; x_wconf 88' lang='lat' dir='ltr'>et</span> <span class='ocrx_word' id='word_1_26' title='bbox 887 464 954 490; x_wconf 88' lang='lat' dir='ltr'>vota</span> <span class='ocrx_word' id='word_1_27' title='bbox 982 465 1175 491; x_wconf 88' lang='lat' dir='ltr'>commutare</span> <span class='ocrx_word' id='word_1_28' title='bbox 1205 465 1352 504; x_wconf 66' lang='lat' dir='ltr'>possunt,</span> <span class='ocrx_word' id='word_1_29' title='bbox 1380 458 1454 490; x_wconf 79' lang='lat' dir='ltr'>ibid.</span> <span class='ocrx_word' id='word_1_30' title='bbox 1478 458 1514 494; x_wconf 84' lang='lat' dir='ltr'>b;</span> <span class='ocrx_word' id='word_1_31' title='bbox 1543 468 1603 489; x_wconf 87' lang='lat' dir='ltr'>nou</span> <span class='ocrx_word' id='word_1_32' title='bbox 1640 463 1713 489; x_wconf 88' lang='lat' dir='ltr'>sunt</span> <span class='ocrx_word' id='word_1_33' title='bbox 1743 467 1796 488; x_wconf 84' lang='lat' dir='ltr'>ex-</span> 
     </span>
     <span class='ocr_line' id='line_1_5' title="bbox 361 504 1797 552; baseline -0.001 -13"><span class='ocrx_word' id='word_1_34' title='bbox 361 505 584 539; x_wconf 88' lang='lat' dir='ltr'>communicati</span> <span class='ocrx_word' id='word_1_35' title='bbox 626 505 685 539; x_wconf 88' lang='lat' dir='ltr'>nisi</span> <span class='ocrx_word' id='word_1_36' title='bbox 723 505 958 539; x_wconf 67' lang='lat' dir='ltr'>communicent</span> <span class='ocrx_word' id='word_1_37' title='bbox 993 518 1063 540; x_wconf 89' lang='lat' dir='ltr'>eum</span> <span class='ocrx_word' id='word_1_38' title='bbox 1088 506 1369 541; x_wconf 81' lang='lat' dir='ltr'>excommunicatis</span> <span class='ocrx_word' id='word_1_39' title='bbox 1391 505 1566 552; x_wconf 72' lang='lat' dir='ltr'>specialiter</span> <span class='ocrx_word' id='word_1_40' title='bbox 1588 504 1797 542; x_wconf 79' lang='lat' dir='ltr'>denunciatiS,</span> 
     </span>
     <span class='ocr_line' id='line_1_6' title="bbox 362 553 1799 602; baseline -0.002 -13"><span class='ocrx_word' id='word_1_41' title='bbox 362 557 430 589; x_wconf 75' lang='lat'>552</span> <span class='ocrx_word' id='word_1_42' title='bbox 449 567 479 588; x_wconf 84' lang='lat' dir='ltr'>a.</span> <span class='ocrx_word' id='word_1_43' title='bbox 503 554 634 589; x_wconf 89' lang='lat' dir='ltr'>Praelati</span> <span class='ocrx_word' id='word_1_44' title='bbox 658 566 727 588; x_wconf 88' lang='lat' dir='ltr'>cnm</span> <span class='ocrx_word' id='word_1_45' title='bbox 753 555 926 598; x_wconf 81' lang='lat' dir='ltr'>monacbis7</span> <span class='ocrx_word' id='word_1_46' title='bbox 945 567 982 589; x_wconf 81' lang='lat' dir='ltr'>ex</span> <span class='ocrx_word' id='word_1_47' title='bbox 1006 555 1141 601; x_wconf 76' lang='lat' dir='ltr'>legitima</span> <span class='ocrx_word' id='word_1_48' title='bbox 1165 568 1269 598; x_wconf 80' lang='lat' dir='ltr'>causa,</span> <span class='ocrx_word' id='word_1_49' title='bbox 1293 563 1424 602; x_wconf 77' lang='lat' dir='ltr'>possunt</span> <span class='ocrx_word' id='word_1_50' title='bbox 1447 555 1627 598; x_wconf 78' lang='lat' dir='ltr'>dispensare</span> <span class='ocrx_word' id='word_1_51' title='bbox 1650 568 1664 587; x_wconf 86' lang='lat' dir='ltr'>a</span> <span class='ocrx_word' id='word_1_52' title='bbox 1689 553 1799 587; x_wconf 82' lang='lat' dir='ltr'>recita-</span> 
     </span>
     <span class='ocr_line' id='line_1_7' title="bbox 364 603 1800 649; baseline -0.003 -10"><span class='ocrx_word' id='word_1_53' title='bbox 364 606 448 639; x_wconf 86' lang='lat' dir='ltr'>tione</span> <span class='ocrx_word' id='word_1_54' title='bbox 471 603 562 638; x_wconf 80' lang='lat' dir='ltr'>oflicii</span> <span class='ocrx_word' id='word_1_55' title='bbox 586 603 693 644; x_wconf 84' lang='lat' dir='ltr'>divini,</span> <span class='ocrx_word' id='word_1_56' title='bbox 722 605 795 638; x_wconf 87' lang='lat' dir='ltr'>ibid.</span> <span class='ocrx_word' id='word_1_57' title='bbox 824 604 989 649; x_wconf 81' lang='lat' dir='ltr'>Sepultura</span> <span class='ocrx_word' id='word_1_58' title='bbox 1019 605 1048 638; x_wconf 91' lang='lat' dir='ltr'>iu</span> <span class='ocrx_word' id='word_1_59' title='bbox 1078 605 1275 639; x_wconf 89' lang='lat' dir='ltr'>monasteriis</span> <span class='ocrx_word' id='word_1_60' title='bbox 1302 604 1393 639; x_wconf 88' lang='lat' dir='ltr'>datur</span> <span class='ocrx_word' id='word_1_61' title='bbox 1415 603 1561 638; x_wconf 89' lang='lat' dir='ltr'>omuibus</span> <span class='ocrx_word' id='word_1_62' title='bbox 1584 615 1644 637; x_wconf 90' lang='lat' dir='ltr'>non</span> <span class='ocrx_word' id='word_1_63' title='bbox 1673 614 1800 637; x_wconf 80' lang='lat' dir='ltr'>excom-</span> 
     </span>
     <span class='ocr_line' id='line_1_8' title="bbox 363 651 1798 700; baseline -0.003 -12"><span class='ocrx_word' id='word_1_64' title='bbox 363 654 528 688; x_wconf 87' lang='lat' dir='ltr'>municatis</span> <span class='ocrx_word' id='word_1_65' title='bbox 552 666 609 688; x_wconf 82' lang='lat' dir='ltr'>nec</span> <span class='ocrx_word' id='word_1_66' title='bbox 632 653 764 699; x_wconf 90' lang='lat' dir='ltr'>publicis</span> <span class='ocrx_word' id='word_1_67' title='bbox 784 654 943 697; x_wconf 71' lang='lat' dir='ltr'>usurariis,</span> <span class='ocrx_word' id='word_1_68' title='bbox 962 655 1036 687; x_wconf 85' lang='lat' dir='ltr'>ibid.</span> <span class='ocrx_word' id='word_1_69' title='bbox 1052 654 1198 689; x_wconf 87' lang='lat' dir='ltr'>Facultas</span> <span class='ocrx_word' id='word_1_70' title='bbox 1223 654 1430 700; x_wconf 84' lang='lat' dir='ltr'>praelatorum</span> <span class='ocrx_word' id='word_1_71' title='bbox 1457 661 1650 686; x_wconf 80' lang='lat' dir='ltr'>contractum</span> <span class='ocrx_word' id='word_1_72' title='bbox 1672 651 1798 685; x_wconf 87' lang='lat' dir='ltr'>ineundi</span> 
     </span>
     <span class='ocr_line' id='line_1_9' title="bbox 365 700 1801 751; baseline -0.002 -14"><span class='ocrx_word' id='word_1_73' title='bbox 365 716 459 751; x_wconf 89' lang='lat' dir='ltr'>super</span> <span class='ocrx_word' id='word_1_74' title='bbox 483 702 681 738; x_wconf 85' lang='lat' dir='ltr'>monasteriis</span> <span class='ocrx_word' id='word_1_75' title='bbox 703 703 936 748; x_wconf 70' lang='lat' dir='ltr'>congregationi</span> <span class='ocrx_word' id='word_1_76' title='bbox 960 702 1124 743; x_wconf 83' lang='lat' dir='ltr'>addendis,</span> <span class='ocrx_word' id='word_1_77' title='bbox 1137 705 1211 737; x_wconf 85' lang='lat' dir='ltr'>ibid.</span> <span class='ocrx_word' id='word_1_78' title='bbox 1229 703 1487 748; x_wconf 72' lang='lat' dir='ltr'>Congregationis</span> <span class='ocrx_word' id='word_1_79' title='bbox 1510 701 1667 746; x_wconf 63' lang='lat' dir='ltr'>privilegia</span> <span class='ocrx_word' id='word_1_80' title='bbox 1684 714 1697 734; x_wconf 86' lang='lat' dir='ltr'>a</span> <span class='ocrx_word' id='word_1_81' title='bbox 1716 700 1801 734; x_wconf 92' lang='lat' dir='ltr'>nullo</span> 
     </span>
     <span class='ocr_line' id='line_1_10' title="bbox 363 752 1802 799; baseline -0.003 -11"><span class='ocrx_word' id='word_1_82' title='bbox 363 753 517 788; x_wconf 88' lang='lat' dir='ltr'>contrario</span> <span class='ocrx_word' id='word_1_83' title='bbox 541 761 630 794; x_wconf 82' lang='lat' dir='ltr'>actu,</span> <span class='ocrx_word' id='word_1_84' title='bbox 657 752 708 798; x_wconf 85' lang='lat' dir='ltr'>qui</span> <span class='ocrx_word' id='word_1_85' title='bbox 730 764 767 786; x_wconf 84' lang='lat' dir='ltr'>ex</span> <span class='ocrx_word' id='word_1_86' title='bbox 786 752 972 798; x_wconf 66' lang='lat' dir='ltr'>negligentia</span> <span class='ocrx_word' id='word_1_87' title='bbox 1000 760 1052 786; x_wconf 90' lang='lat' dir='ltr'>aut</span> <span class='ocrx_word' id='word_1_88' title='bbox 1074 753 1247 799; x_wconf 80' lang='lat' dir='ltr'>ignorantia</span> <span class='ocrx_word' id='word_1_89' title='bbox 1273 752 1479 798; x_wconf 72' lang='lat' dir='ltr'>processerit,</span> <span class='ocrx_word' id='word_1_90' title='bbox 1495 753 1716 791; x_wconf 68' lang='lat' dir='ltr'>destruuntur-3</span> <span class='ocrx_word' id='word_1_91' title='bbox 1745 762 1802 783; x_wconf 85' lang='lat' dir='ltr'>nec</span> 
     </span>
     <span class='ocr_line' id='line_1_11' title="bbox 365 799 1802 849; baseline -0.003 -12"><span class='ocrx_word' id='word_1_92' title='bbox 365 816 380 837; x_wconf 93' lang='lat' dir='ltr'>a</span> <span class='ocrx_word' id='word_1_93' title='bbox 401 802 536 849; x_wconf 80' lang='lat' dir='ltr'>generali</span> <span class='ocrx_word' id='word_1_94' title='bbox 560 801 653 836; x_wconf 88' lang='lat' dir='ltr'>Sedis</span> <span class='ocrx_word' id='word_1_95' title='bbox 674 800 873 848; x_wconf 84' lang='lat' dir='ltr'>Apostolicae</span> <span class='ocrx_word' id='word_1_96' title='bbox 896 802 1114 849; x_wconf 73' lang='lat' dir='ltr'>dispositione,</span> <span class='ocrx_word' id='word_1_97' title='bbox 1128 804 1202 835; x_wconf 85' lang='lat' dir='ltr'>ibid.</span> <span class='ocrx_word' id='word_1_98' title='bbox 1221 803 1250 835; x_wconf 90' lang='lat' dir='ltr'>b.</span> <span class='ocrx_word' id='word_1_99' title='bbox 1273 801 1468 846; x_wconf 80' lang='lat' dir='ltr'>Indulgentia</span> <span class='ocrx_word' id='word_1_100' title='bbox 1485 800 1632 848; x_wconf 83' lang='lat' dir='ltr'>plenaria,</span> <span class='ocrx_word' id='word_1_101' title='bbox 1649 801 1678 833; x_wconf 93' lang='lat' dir='ltr'>in</span> <span class='ocrx_word' id='word_1_102' title='bbox 1695 799 1802 833; x_wconf 88' lang='lat' dir='ltr'>mortis</span> 
     </span>
     <span class='ocr_line' id='line_1_12' title="bbox 363 849 1802 896; baseline -0.004 -9"><span class='ocrx_word' id='word_1_103' title='bbox 363 851 508 891; x_wconf 85' lang='lat' dir='ltr'>articulo,</span> <span class='ocrx_word' id='word_1_104' title='bbox 531 851 681 885; x_wconf 83' lang='lat' dir='ltr'>fratribus</span> <span class='ocrx_word' id='word_1_105' title='bbox 703 850 804 884; x_wconf 82' lang='lat' dir='ltr'>(landa</span> <span class='ocrx_word' id='word_1_106' title='bbox 832 859 879 885; x_wconf 85' lang='lat' dir='ltr'>est</span> <span class='ocrx_word' id='word_1_107' title='bbox 906 864 920 884; x_wconf 90' lang='lat' dir='ltr'>a</span> <span class='ocrx_word' id='word_1_108' title='bbox 949 851 1200 896; x_wconf 69' lang='lat' dir='ltr'>confessoribus,</span> <span class='ocrx_word' id='word_1_109' title='bbox 1228 853 1299 885; x_wconf 77' lang='lat'>555</span> <span class='ocrx_word' id='word_1_110' title='bbox 1331 853 1359 885; x_wconf 89' lang='lat' dir='ltr'>b.</span> <span class='ocrx_word' id='word_1_111' title='bbox 1389 850 1477 884; x_wconf 79' lang='lat' dir='ltr'>Aliae</span> <span class='ocrx_word' id='word_1_112' title='bbox 1505 849 1717 895; x_wconf 74' lang='lat' dir='ltr'>indulgentiae</span> <span class='ocrx_word' id='word_1_113' title='bbox 1746 860 1802 895; x_wconf 88' lang='lat' dir='ltr'>pro</span> 
     </span>
     <span class='ocr_line' id='line_1_13' title="bbox 365 899 1803 948; baseline -0.003 -14"><span class='ocrx_word' id='word_1_114' title='bbox 365 902 508 948; x_wconf 85' lang='lat' dir='ltr'>personis</span> <span class='ocrx_word' id='word_1_115' title='bbox 530 900 670 944; x_wconf 74' lang='lat' dir='ltr'>Ordinis,</span> <span class='ocrx_word' id='word_1_116' title='bbox 695 902 763 934; x_wconf 63' lang='lat'>5254</span> <span class='ocrx_word' id='word_1_117' title='bbox 792 913 821 934; x_wconf 88' lang='lat' dir='ltr'>a.</span> <span class='ocrx_word' id='word_1_118' title='bbox 849 900 1047 939; x_wconf 84' lang='lat' dir='ltr'>Sacerdotes,</span> <span class='ocrx_word' id='word_1_119' title='bbox 1072 901 1100 934; x_wconf 94' lang='lat' dir='ltr'>in</span> <span class='ocrx_word' id='word_1_120' title='bbox 1125 901 1245 941; x_wconf 82' lang='lat' dir='ltr'>itinere,</span> <span class='ocrx_word' id='word_1_121' title='bbox 1273 909 1343 934; x_wconf 89' lang='lat' dir='ltr'>aute</span> <span class='ocrx_word' id='word_1_122' title='bbox 1371 899 1452 933; x_wconf 81' lang='lat' dir='ltr'>diem</span> <span class='ocrx_word' id='word_1_123' title='bbox 1482 899 1638 933; x_wconf 74' lang='lat' dir='ltr'>celebrare</span> <span class='ocrx_word' id='word_1_124' title='bbox 1662 906 1803 945; x_wconf 77' lang='lat' dir='ltr'>possunt,</span> 
     </span>
     <span class='ocr_line' id='line_1_14' title="bbox 365 947 1804 997; baseline -0.001 -12"><span class='ocrx_word' id='word_1_125' title='bbox 365 953 441 985; x_wconf 85' lang='lat' dir='ltr'>ibid.</span> <span class='ocrx_word' id='word_1_126' title='bbox 465 950 675 984; x_wconf 78' lang='lat' dir='ltr'>Eremitarum</span> <span class='ocrx_word' id='word_1_127' title='bbox 693 950 900 996; x_wconf 66' lang='lat' dir='ltr'>peregrinatio</span> <span class='ocrx_word' id='word_1_128' title='bbox 919 950 1044 997; x_wconf 88' lang='lat' dir='ltr'>quando</span> <span class='ocrx_word' id='word_1_129' title='bbox 1066 951 1105 984; x_wconf 89' lang='lat' dir='ltr'>sit</span> <span class='ocrx_word' id='word_1_130' title='bbox 1125 950 1287 997; x_wconf 83' lang='lat' dir='ltr'>permissa,</span> <span class='ocrx_word' id='word_1_131' title='bbox 1309 951 1383 984; x_wconf 86' lang='lat' dir='ltr'>ibid.</span> <span class='ocrx_word' id='word_1_132' title='bbox 1400 948 1593 990; x_wconf 76' lang='lat' dir='ltr'>Familiares,</span> <span class='ocrx_word' id='word_1_133' title='bbox 1612 949 1703 982; x_wconf 80' lang='lat' dir='ltr'>etiam</span> <span class='ocrx_word' id='word_1_134' title='bbox 1725 947 1804 983; x_wconf 84' lang='lat' dir='ltr'>laici.</span> 
     </span>
     <span class='ocr_line' id='line_1_15' title="bbox 365 996 1802 1047; baseline -0.004 -12"><span class='ocrx_word' id='word_1_135' title='bbox 365 1010 507 1047; x_wconf 87' lang='lat' dir='ltr'>tempore</span> <span class='ocrx_word' id='word_1_136' title='bbox 530 999 710 1042; x_wconf 79' lang='lat' dir='ltr'>interdicti,</span> <span class='ocrx_word' id='word_1_137' title='bbox 738 999 852 1033; x_wconf 85' lang='lat' dir='ltr'>divinis</span> <span class='ocrx_word' id='word_1_138' title='bbox 876 1000 1043 1043; x_wconf 61' lang='lat' dir='ltr'>interesse,</span> <span class='ocrx_word' id='word_1_139' title='bbox 1066 1008 1095 1033; x_wconf 91' lang='lat' dir='ltr'>et</span> <span class='ocrx_word' id='word_1_140' title='bbox 1119 1008 1307 1034; x_wconf 86' lang='lat' dir='ltr'>sacramenta</span> <span class='ocrx_word' id='word_1_141' title='bbox 1331 1011 1456 1032; x_wconf 74' lang='lat' dir='ltr'>sumere</span> <span class='ocrx_word' id='word_1_142' title='bbox 1500 1006 1632 1044; x_wconf 73' lang='lat' dir='ltr'>queunt,</span> <span class='ocrx_word' id='word_1_143' title='bbox 1662 999 1736 1031; x_wconf 84' lang='lat' dir='ltr'>ibid.</span> <span class='ocrx_word' id='word_1_144' title='bbox 1770 996 1802 1029; x_wconf 85' lang='lat' dir='ltr'>ln</span> 
     </span>
     <span class='ocr_line' id='line_1_16' title="bbox 365 1048 1799 1095; baseline -0.004 -11"><span class='ocrx_word' id='word_1_145' title='bbox 365 1051 433 1085; x_wconf 85' lang='lat' dir='ltr'>eius</span> <span class='ocrx_word' id='word_1_146' title='bbox 452 1057 688 1083; x_wconf 73' lang='lat' dir='ltr'>conservatores</span> <span class='ocrx_word' id='word_1_147' title='bbox 709 1049 836 1095; x_wconf 83' lang='lat' dir='ltr'>quinam</span> <span class='ocrx_word' id='word_1_148' title='bbox 862 1049 899 1082; x_wconf 91' lang='lat' dir='ltr'>ab</span> <span class='ocrx_word' id='word_1_149' title='bbox 921 1048 1039 1083; x_wconf 86' lang='lat' dir='ltr'>Ordine</span> <span class='ocrx_word' id='word_1_150' title='bbox 1067 1049 1136 1093; x_wconf 74' lang='lat' dir='ltr'>eligi</span> <span class='ocrx_word' id='word_1_151' title='bbox 1167 1049 1300 1095; x_wconf 70' lang='lat' dir='ltr'>possint,</span> <span class='ocrx_word' id='word_1_152' title='bbox 1322 1057 1350 1082; x_wconf 82' lang='lat' dir='ltr'>et</span> <span class='ocrx_word' id='word_1_153' title='bbox 1374 1060 1453 1094; x_wconf 76' lang='lat' dir='ltr'>quae</span> <span class='ocrx_word' id='word_1_154' title='bbox 1475 1049 1513 1082; x_wconf 84' lang='lat' dir='ltr'>sit</span> <span class='ocrx_word' id='word_1_155' title='bbox 1546 1055 1799 1081; x_wconf 67' lang='lat' dir='ltr'>conservatorum</span> 
     </span>
     <span class='ocr_line' id='line_1_17' title="bbox 366 1095 1803 1141; baseline -0.003 -8"><span class='ocrx_word' id='word_1_156' title='bbox 366 1098 550 1137; x_wconf 84' lang='lat' dir='ltr'>iurisdictio,</span> <span class='ocrx_word' id='word_1_157' title='bbox 576 1100 651 1132; x_wconf 88' lang='lat' dir='ltr'>ibid.</span> <span class='ocrx_word' id='word_1_158' title='bbox 681 1100 709 1131; x_wconf 86' lang='lat' dir='ltr'>b.</span> <span class='ocrx_word' id='word_1_159' title='bbox 736 1097 892 1132; x_wconf 86' lang='lat' dir='ltr'>Reeeusio</span> <span class='ocrx_word' id='word_1_160' title='bbox 915 1099 1174 1133; x_wconf 62' lang='lat' dir='ltr'>monasteriorum</span> <span class='ocrx_word' id='word_1_161' title='bbox 1197 1099 1367 1141; x_wconf 74' lang='lat' dir='ltr'>unitorum,</span> <span class='ocrx_word' id='word_1_162' title='bbox 1389 1099 1459 1131; x_wconf 76' lang='lat' dir='ltr'>55ss</span> <span class='ocrx_word' id='word_1_163' title='bbox 1487 1110 1505 1131; x_wconf 87' lang='grc' dir='ltr'><em>α</em></span> <span class='ocrx_word' id='word_1_164' title='bbox 1527 1106 1556 1130; x_wconf 78' lang='lat' dir='ltr'>et</span> <span class='ocrx_word' id='word_1_165' title='bbox 1577 1109 1636 1141; x_wconf 80' lang='lat' dir='ltr'>seq.</span> <span class='ocrx_word' id='word_1_166' title='bbox 1654 1095 1803 1129; x_wconf 83' lang='lat' dir='ltr'>Subven-</span> 
     </span>
     <span class='ocr_line' id='line_1_18' title="bbox 367 1145 1802 1194; baseline -0.003 -12"><span class='ocrx_word' id='word_1_167' title='bbox 367 1149 467 1183; x_wconf 76' lang='lat' dir='ltr'>tioncs</span> <span class='ocrx_word' id='word_1_168' title='bbox 495 1148 532 1182; x_wconf 89' lang='lat' dir='ltr'>ab</span> <span class='ocrx_word' id='word_1_169' title='bbox 559 1148 673 1181; x_wconf 80' lang='lat' dir='ltr'>Eremo</span> <span class='ocrx_word' id='word_1_170' title='bbox 696 1147 899 1194; x_wconf 87' lang='lat' dir='ltr'>praestandae</span> <span class='ocrx_word' id='word_1_171' title='bbox 921 1147 1110 1181; x_wconf 82' lang='lat' dir='ltr'>monialibus</span> <span class='ocrx_word' id='word_1_172' title='bbox 1133 1147 1339 1194; x_wconf 77' lang='lat' dir='ltr'>pauperibus,</span> <span class='ocrx_word' id='word_1_173' title='bbox 1363 1149 1432 1181; x_wconf 74' lang='lat'>:558</span> <span class='ocrx_word' id='word_1_174' title='bbox 1454 1160 1484 1180; x_wconf 89' lang='grc' dir='ltr'>α.</span> <span class='ocrx_word' id='word_1_175' title='bbox 1508 1146 1663 1180; x_wconf 75' lang='lat' dir='ltr'>Beneficia</span> <span class='ocrx_word' id='word_1_176' title='bbox 1686 1145 1802 1178; x_wconf 78' lang='lat' dir='ltr'>nemini</span> 
     </span>
     <span class='ocr_line' id='line_1_19' title="bbox 368 1194 1804 1242; baseline -0.004 -10"><span class='ocrx_word' id='word_1_177' title='bbox 368 1199 405 1233; x_wconf 89' lang='lat' dir='ltr'>ad</span> <span class='ocrx_word' id='word_1_178' title='bbox 431 1199 523 1231; x_wconf 89' lang='lat' dir='ltr'>vitam</span> <span class='ocrx_word' id='word_1_179' title='bbox 552 1197 767 1236; x_wconf 81' lang='lat' dir='ltr'>conseruntur,</span> <span class='ocrx_word' id='word_1_180' title='bbox 789 1198 864 1230; x_wconf 84' lang='lat' dir='ltr'>ibid.</span> <span class='ocrx_word' id='word_1_181' title='bbox 887 1197 1018 1231; x_wconf 87' lang='lat' dir='ltr'>Praelati</span> <span class='ocrx_word' id='word_1_182' title='bbox 1041 1197 1294 1242; x_wconf 80' lang='lat' dir='ltr'>congregationis</span> <span class='ocrx_word' id='word_1_183' title='bbox 1317 1197 1466 1230; x_wconf 86' lang='lat' dir='ltr'>rationem</span> <span class='ocrx_word' id='word_1_184' title='bbox 1492 1195 1621 1229; x_wconf 82' lang='lat' dir='ltr'>reddere</span> <span class='ocrx_word' id='word_1_185' title='bbox 1637 1194 1751 1227; x_wconf 81' lang='lat' dir='ltr'>debent</span> <span class='ocrx_word' id='word_1_186' title='bbox 1767 1194 1804 1226; x_wconf 85' lang='lat' dir='ltr'>de</span> 
     </span>
     <span class='ocr_line' id='line_1_20' title="bbox 370 1242 1805 1292; baseline -0.003 -11"><span class='ocrx_word' id='word_1_187' title='bbox 370 1247 524 1282; x_wconf 76' lang='lat' dir='ltr'>fructibus</span> <span class='ocrx_word' id='word_1_188' title='bbox 552 1258 745 1280; x_wconf 78' lang='lat' dir='ltr'>annexorum</span> <span class='ocrx_word' id='word_1_189' title='bbox 775 1245 928 1287; x_wconf 80' lang='lat' dir='ltr'>locorum,</span> <span class='ocrx_word' id='word_1_190' title='bbox 954 1247 1029 1280; x_wconf 91' lang='lat' dir='ltr'>ibid.</span> <span class='ocrx_word' id='word_1_191' title='bbox 1053 1248 1079 1279; x_wconf 89' lang='lat' dir='ltr'>b.</span> <span class='ocrx_word' id='word_1_192' title='bbox 1108 1245 1239 1279; x_wconf 86' lang='lat' dir='ltr'>Praelati</span> <span class='ocrx_word' id='word_1_193' title='bbox 1265 1246 1404 1292; x_wconf 86' lang='lat' dir='ltr'>perpetui</span> <span class='ocrx_word' id='word_1_194' title='bbox 1433 1244 1666 1291; x_wconf 71' lang='lat' dir='ltr'>congregationi</span> <span class='ocrx_word' id='word_1_195' title='bbox 1695 1242 1805 1277; x_wconf 79' lang='lat' dir='ltr'>cedere</span> 
     </span>
     <span class='ocr_line' id='line_1_21' title="bbox 369 1292 1803 1344; baseline -0.004 -13"><span class='ocrx_word' id='word_1_196' title='bbox 369 1305 498 1344; x_wconf 82' lang='lat' dir='ltr'>possunt</span> <span class='ocrx_word' id='word_1_197' title='bbox 522 1296 610 1337; x_wconf 80' lang='lat' dir='ltr'>lora,</span> <span class='ocrx_word' id='word_1_198' title='bbox 641 1308 709 1342; x_wconf 74' lang='lat' dir='ltr'>qua·v</span> <span class='ocrx_word' id='word_1_199' title='bbox 743 1303 873 1340; x_wconf 76' lang='lat' dir='ltr'>tenent,</span> <span class='ocrx_word' id='word_1_200' title='bbox 898 1296 972 1329; x_wconf 89' lang='lat' dir='ltr'>ibid.</span> <span class='ocrx_word' id='word_1_201' title='bbox 1001 1295 1188 1329; x_wconf 84' lang='lat' dir='ltr'>Huiusmodi</span> <span class='ocrx_word' id='word_1_202' title='bbox 1219 1295 1344 1340; x_wconf 87' lang='lat' dir='ltr'>praelati</span> <span class='ocrx_word' id='word_1_203' title='bbox 1374 1294 1558 1329; x_wconf 89' lang='lat' dir='ltr'>monasteria</span> <span class='ocrx_word' id='word_1_204' title='bbox 1587 1293 1750 1335; x_wconf 60' lang='lat' dir='ltr'>cedentes.</span> <span class='ocrx_word' id='word_1_205' title='bbox 1774 1292 1803 1325; x_wconf 90' lang='lat' dir='ltr'>in</span> 
     </span>
     <span class='ocr_line' id='line_1_22' title="bbox 372 1343 1806 1391; baseline -0.005 -10"><span class='ocrx_word' id='word_1_206' title='bbox 372 1358 481 1381; x_wconf 82' lang='lat' dir='ltr'>eorum</span> <span class='ocrx_word' id='word_1_207' title='bbox 505 1345 635 1380; x_wconf 78' lang='lat' dir='ltr'>abbates</span> <span class='ocrx_word' id='word_1_208' title='bbox 657 1353 686 1378; x_wconf 90' lang='lat' dir='ltr'>et</span> <span class='ocrx_word' id='word_1_209' title='bbox 716 1344 833 1391; x_wconf 89' lang='lat' dir='ltr'>priores</span> <span class='ocrx_word' id='word_1_210' title='bbox 860 1344 896 1378; x_wconf 90' lang='lat' dir='ltr'>ad</span> <span class='ocrx_word' id='word_1_211' title='bbox 927 1345 1016 1378; x_wconf 87' lang='lat' dir='ltr'>vitam</span> <span class='ocrx_word' id='word_1_212' title='bbox 1045 1344 1168 1390; x_wconf 83' lang='lat' dir='ltr'>praefici</span> <span class='ocrx_word' id='word_1_213' title='bbox 1200 1354 1346 1391; x_wconf 78' lang='lat' dir='ltr'>possunt,</span> <span class='ocrx_word' id='word_1_214' title='bbox 1380 1343 1472 1378; x_wconf 86' lang='lat' dir='ltr'>ceteri</span> <span class='ocrx_word' id='word_1_215' title='bbox 1502 1355 1574 1376; x_wconf 83' lang='lat' dir='ltr'>vero</span> <span class='ocrx_word' id='word_1_216' title='bbox 1598 1354 1806 1388; x_wconf 74' lang='lat' dir='ltr'>nequaipiam,</span> 
     </span>
     <span class='ocr_line' id='line_1_23' title="bbox 371 1392 1805 1441; baseline -0.004 -11"><span class='ocrx_word' id='word_1_217' title='bbox 371 1397 441 1430; x_wconf 77' lang='lat'>559</span> <span class='ocrx_word' id='word_1_218' title='bbox 461 1407 491 1429; x_wconf 86' lang='lat' dir='ltr'>a.</span> <span class='ocrx_word' id='word_1_219' title='bbox 514 1394 595 1428; x_wconf 80' lang='lat' dir='ltr'>Loca</span> <span class='ocrx_word' id='word_1_220' title='bbox 612 1402 696 1428; x_wconf 79' lang='lat' dir='ltr'>extra</span> <span class='ocrx_word' id='word_1_221' title='bbox 712 1394 999 1439; x_wconf 66' lang='lat' dir='ltr'>congregationem,</span> <span class='ocrx_word' id='word_1_222' title='bbox 1019 1406 1089 1428; x_wconf 77' lang='lat' dir='ltr'>cun]</span> <span class='ocrx_word' id='word_1_223' title='bbox 1108 1394 1241 1441; x_wconf 88' lang='lat' dir='ltr'>primum</span> <span class='ocrx_word' id='word_1_224' title='bbox 1259 1402 1379 1437; x_wconf 76' lang='lat' dir='ltr'>vacant,</span> <span class='ocrx_word' id='word_1_225' title='bbox 1393 1393 1625 1438; x_wconf 68' lang='lat' dir='ltr'>congregationi</span> <span class='ocrx_word' id='word_1_226' title='bbox 1642 1392 1805 1428; x_wconf 83' lang='lat' dir='ltr'>uniuntur,</span> 
     </span>
     <span class='ocr_line' id='line_1_24' title="bbox 373 1440 1804 1489; baseline -0.004 -10"><span class='ocrx_word' id='word_1_227' title='bbox 373 1447 447 1479; x_wconf 84' lang='lat' dir='ltr'>ibid.</span> <span class='ocrx_word' id='word_1_228' title='bbox 470 1443 635 1479; x_wconf 72' lang='lat' dir='ltr'>Generalis</span> <span class='ocrx_word' id='word_1_229' title='bbox 657 1443 752 1478; x_wconf 90' lang='lat' dir='ltr'>abbas</span> <span class='ocrx_word' id='word_1_230' title='bbox 775 1444 868 1477; x_wconf 86' lang='lat' dir='ltr'>totius</span> <span class='ocrx_word' id='word_1_231' title='bbox 891 1443 1021 1477; x_wconf 88' lang='lat' dir='ltr'>Ordinis</span> <span class='ocrx_word' id='word_1_232' title='bbox 1044 1451 1090 1477; x_wconf 88' lang='lat' dir='ltr'>est</span> <span class='ocrx_word' id='word_1_233' title='bbox 1110 1450 1204 1489; x_wconf 87' lang='lat' dir='ltr'>caput</span> <span class='ocrx_word' id='word_1_234' title='bbox 1219 1443 1479 1489; x_wconf 82' lang='lat' dir='ltr'>congregationis,</span> <span class='ocrx_word' id='word_1_235' title='bbox 1501 1444 1575 1475; x_wconf 85' lang='lat' dir='ltr'>ibid.</span> <span class='ocrx_word' id='word_1_236' title='bbox 1601 1441 1687 1475; x_wconf 80' lang='lat' dir='ltr'>l&#39;rior</span> <span class='ocrx_word' id='word_1_237' title='bbox 1703 1440 1804 1474; x_wconf 78' lang='lat' dir='ltr'>Eremi</span> 
     </span>
     <span class='ocr_line' id='line_1_25' title="bbox 375 1491 1805 1541; baseline -0.004 -13"><span class='ocrx_word' id='word_1_238' title='bbox 375 1495 525 1541; x_wconf 65' lang='lat' dir='ltr'>primum,</span> <span class='ocrx_word' id='word_1_239' title='bbox 540 1503 607 1540; x_wconf 86' lang='lat' dir='ltr'>post</span> <span class='ocrx_word' id='word_1_240' title='bbox 625 1493 814 1539; x_wconf 76' lang='lat' dir='ltr'>generalem,</span> <span class='ocrx_word' id='word_1_241' title='bbox 838 1492 939 1527; x_wconf 88' lang='lat' dir='ltr'>locum</span> <span class='ocrx_word' id='word_1_242' title='bbox 965 1501 1058 1533; x_wconf 88' lang='lat' dir='ltr'>tenet,</span> <span class='ocrx_word' id='word_1_243' title='bbox 1074 1494 1147 1527; x_wconf 88' lang='lat' dir='ltr'>ibid.</span> <span class='ocrx_word' id='word_1_244' title='bbox 1171 1492 1301 1527; x_wconf 82' lang='lat' dir='ltr'>Abbatis</span> <span class='ocrx_word' id='word_1_245' title='bbox 1324 1501 1353 1526; x_wconf 81' lang='lat' dir='ltr'>et</span> <span class='ocrx_word' id='word_1_246' title='bbox 1377 1492 1487 1539; x_wconf 88' lang='lat' dir='ltr'>prioris</span> <span class='ocrx_word' id='word_1_247' title='bbox 1509 1491 1618 1525; x_wconf 81' lang='lat' dir='ltr'>electio</span> <span class='ocrx_word' id='word_1_248' title='bbox 1634 1502 1805 1536; x_wconf 86' lang='lat' dir='ltr'>eorumque</span> 
     </span>
     <span class='ocr_line' id='line_1_26' title="bbox 374 1539 1805 1589; baseline -0.003 -11"><span class='ocrx_word' id='word_1_249' title='bbox 374 1543 488 1579; x_wconf 79' lang='lat' dir='ltr'>officia.</span> <span class='ocrx_word' id='word_1_250' title='bbox 516 1545 590 1577; x_wconf 84' lang='lat' dir='ltr'>ibid.</span> <span class='ocrx_word' id='word_1_251' title='bbox 618 1545 645 1576; x_wconf 87' lang='lat' dir='ltr'>b.</span> <span class='ocrx_word' id='word_1_252' title='bbox 674 1542 763 1576; x_wconf 84' lang='lat' dir='ltr'>Prior</span> <span class='ocrx_word' id='word_1_253' title='bbox 787 1542 890 1576; x_wconf 87' lang='lat' dir='ltr'>Eremi</span> <span class='ocrx_word' id='word_1_254' title='bbox 921 1542 961 1575; x_wconf 89' lang='lat' dir='ltr'>ibi</span> <span class='ocrx_word' id='word_1_255' title='bbox 990 1554 1115 1589; x_wconf 81' lang='lat' dir='ltr'>semper</span> <span class='ocrx_word' id='word_1_256' title='bbox 1141 1543 1252 1576; x_wconf 90' lang='lat' dir='ltr'>morari</span> <span class='ocrx_word' id='word_1_257' title='bbox 1285 1541 1389 1580; x_wconf 83' lang='lat' dir='ltr'>debet,</span> <span class='ocrx_word' id='word_1_258' title='bbox 1422 1543 1496 1575; x_wconf 88' lang='lat' dir='ltr'>ibid.</span> <span class='ocrx_word' id='word_1_259' title='bbox 1525 1539 1689 1574; x_wconf 80' lang='lat' dir='ltr'>Generalis</span> <span class='ocrx_word' id='word_1_260' title='bbox 1710 1539 1805 1573; x_wconf 81' lang='lat' dir='ltr'>abbas</span> 
     </span>
     <span class='ocr_line' id='line_1_27' title="bbox 372 1588 1807 1637; baseline -0.004 -9"><span class='ocrx_word' id='word_1_261' title='bbox 372 1593 501 1628; x_wconf 85' lang='lat' dir='ltr'>Ordinis</span> <span class='ocrx_word' id='word_1_262' title='bbox 523 1592 610 1637; x_wconf 68' lang='lat' dir='ltr'>eligit</span> <span class='ocrx_word' id='word_1_263' title='bbox 628 1592 769 1634; x_wconf 83' lang='lat' dir='ltr'>vicarios,</span> <span class='ocrx_word' id='word_1_264' title='bbox 793 1593 864 1626; x_wconf 81' lang='lat'>560</span> <span class='ocrx_word' id='word_1_265' title='bbox 879 1605 908 1626; x_wconf 84' lang='grc' dir='ltr'>α.</span> <span class='ocrx_word' id='word_1_266' title='bbox 924 1591 1038 1626; x_wconf 89' lang='lat' dir='ltr'>Modus</span> <span class='ocrx_word' id='word_1_267' title='bbox 1053 1600 1216 1637; x_wconf 86' lang='lat' dir='ltr'>ettempus</span> <span class='ocrx_word' id='word_1_268' title='bbox 1238 1591 1415 1626; x_wconf 87' lang='lat' dir='ltr'>celebrandi</span> <span class='ocrx_word' id='word_1_269' title='bbox 1439 1589 1585 1636; x_wconf 81' lang='lat' dir='ltr'>capitula,</span> <span class='ocrx_word' id='word_1_270' title='bbox 1606 1591 1680 1623; x_wconf 86' lang='lat' dir='ltr'>ibid.</span> <span class='ocrx_word' id='word_1_271' title='bbox 1703 1588 1807 1622; x_wconf 72' lang='lat' dir='ltr'>Mona-</span> 
     </span>
     <span class='ocr_line' id='line_1_28' title="bbox 370 1637 1808 1687; baseline -0.004 -10"><span class='ocrx_word' id='word_1_272' title='bbox 370 1643 419 1677; x_wconf 82' lang='lat' dir='ltr'>chi</span> <span class='ocrx_word' id='word_1_273' title='bbox 443 1642 655 1677; x_wconf 73' lang='lat' dir='ltr'>Observautes</span> <span class='ocrx_word' id='word_1_274' title='bbox 677 1650 705 1675; x_wconf 88' lang='lat' dir='ltr'>et</span> <span class='ocrx_word' id='word_1_275' title='bbox 728 1641 885 1675; x_wconf 87' lang='lat' dir='ltr'>Eremitae</span> <span class='ocrx_word' id='word_1_276' title='bbox 907 1641 942 1675; x_wconf 89' lang='lat' dir='ltr'>ad</span> <span class='ocrx_word' id='word_1_277' title='bbox 968 1640 1199 1675; x_wconf 84' lang='lat' dir='ltr'>Conventuales</span> <span class='ocrx_word' id='word_1_278' title='bbox 1215 1642 1346 1675; x_wconf 88' lang='lat' dir='ltr'>transire</span> <span class='ocrx_word' id='word_1_279' title='bbox 1361 1640 1577 1687; x_wconf 75' lang='lat' dir='ltr'>probibentur,</span> <span class='ocrx_word' id='word_1_280' title='bbox 1592 1641 1666 1672; x_wconf 82' lang='lat' dir='ltr'>ibid.</span> <span class='ocrx_word' id='word_1_281' title='bbox 1679 1640 1705 1672; x_wconf 93' lang='lat' dir='ltr'>b.</span> <span class='ocrx_word' id='word_1_282' title='bbox 1722 1637 1808 1672; x_wconf 92' lang='lat' dir='ltr'>Con-</span> 
     </span>
     <span class='ocr_line' id='line_1_29' title="bbox 373 1687 1806 1736; baseline -0.003 -11"><span class='ocrx_word' id='word_1_283' title='bbox 373 1693 535 1726; x_wconf 86' lang='lat' dir='ltr'>ventnales</span> <span class='ocrx_word' id='word_1_284' title='bbox 557 1692 592 1725; x_wconf 88' lang='lat' dir='ltr'>ad</span> <span class='ocrx_word' id='word_1_285' title='bbox 620 1690 830 1725; x_wconf 85' lang='lat' dir='ltr'>Observantes</span> <span class='ocrx_word' id='word_1_286' title='bbox 854 1691 984 1726; x_wconf 80' lang='lat' dir='ltr'>transire</span> <span class='ocrx_word' id='word_1_287' title='bbox 1008 1699 1139 1736; x_wconf 84' lang='lat' dir='ltr'>possunt</span> <span class='ocrx_word' id='word_1_288' title='bbox 1161 1699 1189 1724; x_wconf 89' lang='lat' dir='ltr'>et</span> <span class='ocrx_word' id='word_1_289' title='bbox 1210 1690 1303 1736; x_wconf 83' lang='lat' dir='ltr'>recipi</span> <span class='ocrx_word' id='word_1_290' title='bbox 1332 1689 1457 1730; x_wconf 87' lang='lat' dir='ltr'>debent,</span> <span class='ocrx_word' id='word_1_291' title='bbox 1480 1691 1554 1722; x_wconf 82' lang='lat' dir='ltr'>ibid.</span> <span class='ocrx_word' id='word_1_292' title='bbox 1578 1688 1747 1722; x_wconf 68' lang='lat' dir='ltr'>Venientes</span> <span class='ocrx_word' id='word_1_293' title='bbox 1770 1687 1806 1721; x_wconf 85' lang='lat' dir='ltr'>ad</span> 
     </span>
     <span class='ocr_line' id='line_1_30' title="bbox 371 1738 1807 1787; baseline -0.004 -11"><span class='ocrx_word' id='word_1_294' title='bbox 371 1741 524 1776; x_wconf 85' lang='lat' dir='ltr'>Ordinem</span> <span class='ocrx_word' id='word_1_295' title='bbox 554 1741 748 1787; x_wconf 85' lang='lat' dir='ltr'>recipiuntur</span> <span class='ocrx_word' id='word_1_296' title='bbox 775 1748 893 1774; x_wconf 88' lang='lat' dir='ltr'>tantum</span> <span class='ocrx_word' id='word_1_297' title='bbox 923 1740 961 1774; x_wconf 89' lang='lat' dir='ltr'>ab</span> <span class='ocrx_word' id='word_1_298' title='bbox 983 1740 1247 1779; x_wconf 79' lang='lat' dir='ltr'>Observautilms,</span> <span class='ocrx_word' id='word_1_299' title='bbox 1271 1741 1333 1773; x_wconf 80' lang='lat'>561</span> <span class='ocrx_word' id='word_1_300' title='bbox 1363 1752 1392 1773; x_wconf 83' lang='lat' dir='ltr'>a.</span> <span class='ocrx_word' id='word_1_301' title='bbox 1416 1739 1573 1773; x_wconf 80' lang='lat' dir='ltr'>Licentiae</span> <span class='ocrx_word' id='word_1_302' title='bbox 1596 1738 1695 1771; x_wconf 75' lang='lat' dir='ltr'>standi</span> <span class='ocrx_word' id='word_1_303' title='bbox 1724 1745 1807 1771; x_wconf 81' lang='lat' dir='ltr'>extra</span> 
     </span>
     <span class='ocr_line' id='line_1_31' title="bbox 370 1786 1807 1837; baseline -0.003 -12"><span class='ocrx_word' id='word_1_304' title='bbox 370 1791 522 1825; x_wconf 83' lang='lat' dir='ltr'>Ordinem</span> <span class='ocrx_word' id='word_1_305' title='bbox 537 1799 731 1828; x_wconf 79' lang='lat' dir='ltr'>revorantur,</span> <span class='ocrx_word' id='word_1_306' title='bbox 745 1791 817 1824; x_wconf 82' lang='lat' dir='ltr'>ibid.</span> <span class='ocrx_word' id='word_1_307' title='bbox 831 1789 1039 1825; x_wconf 90' lang='lat' dir='ltr'>Familiaritas</span> <span class='ocrx_word' id='word_1_308' title='bbox 1053 1789 1169 1837; x_wconf 60' lang='lat' dir='ltr'>praelati</span> <span class='ocrx_word' id='word_1_309' title='bbox 1185 1789 1231 1823; x_wconf 87' lang='lat' dir='ltr'>vel</span> <span class='ocrx_word' id='word_1_310' title='bbox 1248 1788 1414 1823; x_wconf 85' lang='lat' dir='ltr'>cardinalis</span> <span class='ocrx_word' id='word_1_311' title='bbox 1427 1788 1584 1835; x_wconf 84' lang='lat' dir='ltr'>quomodo</span> <span class='ocrx_word' id='word_1_312' title='bbox 1601 1786 1807 1833; x_wconf 81' lang='lat' dir='ltr'>impetranda,</span> 
     </span>
     <span class='ocr_line' id='line_1_32' title="bbox 371 1837 1806 1884; baseline -0.005 -10"><span class='ocrx_word' id='word_1_313' title='bbox 371 1843 447 1875; x_wconf 82' lang='lat' dir='ltr'>ibid.</span> <span class='ocrx_word' id='word_1_314' title='bbox 467 1843 494 1874; x_wconf 88' lang='lat' dir='ltr'>b.</span> <span class='ocrx_word' id='word_1_315' title='bbox 518 1840 675 1874; x_wconf 76' lang='lat' dir='ltr'>Beneficia</span> <span class='ocrx_word' id='word_1_316' title='bbox 694 1839 872 1873; x_wconf 81' lang='lat' dir='ltr'>obtinentes</span> <span class='ocrx_word' id='word_1_317' title='bbox 898 1840 972 1874; x_wconf 88' lang='lat' dir='ltr'>etin</span> <span class='ocrx_word' id='word_1_318' title='bbox 989 1840 1035 1874; x_wconf 91' lang='lat' dir='ltr'>eis</span> <span class='ocrx_word' id='word_1_319' title='bbox 1059 1851 1120 1874; x_wconf 91' lang='lat' dir='ltr'>non</span> <span class='ocrx_word' id='word_1_320' title='bbox 1146 1838 1316 1873; x_wconf 85' lang='lat' dir='ltr'>residentes</span> <span class='ocrx_word' id='word_1_321' title='bbox 1340 1838 1499 1884; x_wconf 87' lang='lat' dir='ltr'>privantur</span> <span class='ocrx_word' id='word_1_322' title='bbox 1523 1837 1693 1879; x_wconf 82' lang='lat' dir='ltr'>beueliciis,</span> <span class='ocrx_word' id='word_1_323' title='bbox 1709 1848 1806 1882; x_wconf 80' lang='lat' dir='ltr'>eaque</span> 
     </span>
     <span class='ocr_line' id='line_1_33' title="bbox 372 1887 1805 1935; baseline -0.005 -11"><span class='ocrx_word' id='word_1_324' title='bbox 372 1890 484 1924; x_wconf 89' lang='lat' dir='ltr'>Ordini</span> <span class='ocrx_word' id='word_1_325' title='bbox 512 1896 733 1935; x_wconf 66' lang='lat' dir='ltr'>aggregantur,</span> <span class='ocrx_word' id='word_1_326' title='bbox 760 1890 833 1922; x_wconf 84' lang='lat' dir='ltr'>ibid.</span> <span class='ocrx_word' id='word_1_327' title='bbox 863 1888 975 1923; x_wconf 88' lang='lat' dir='ltr'>Curata</span> <span class='ocrx_word' id='word_1_328' title='bbox 1000 1889 1150 1923; x_wconf 79' lang='lat' dir='ltr'>beneficia</span> <span class='ocrx_word' id='word_1_329' title='bbox 1173 1888 1324 1922; x_wconf 87' lang='lat' dir='ltr'>habentes</span> <span class='ocrx_word' id='word_1_330' title='bbox 1343 1887 1517 1934; x_wconf 87' lang='lat' dir='ltr'>lampadem</span> <span class='ocrx_word' id='word_1_331' title='bbox 1546 1898 1706 1920; x_wconf 74' lang='lat' dir='ltr'>accensam</span> <span class='ocrx_word' id='word_1_332' title='bbox 1734 1894 1805 1919; x_wconf 86' lang='lat' dir='ltr'>ante</span> 
     </span>
     <span class='ocr_line' id='line_1_34' title="bbox 371 1935 1807 1986; baseline -0.004 -12"><span class='ocrx_word' id='word_1_333' title='bbox 371 1938 496 1986; x_wconf 85' lang='lat' dir='ltr'>Corpus</span> <span class='ocrx_word' id='word_1_334' title='bbox 517 1939 633 1974; x_wconf 69' lang='lat' dir='ltr'>Clu-isti</span> <span class='ocrx_word' id='word_1_335' title='bbox 664 1947 769 1972; x_wconf 83' lang='lat' dir='ltr'>tenere</span> <span class='ocrx_word' id='word_1_336' title='bbox 797 1938 998 1984; x_wconf 72' lang='lat' dir='ltr'>obligantur,</span> <span class='ocrx_word' id='word_1_337' title='bbox 1028 1946 1057 1971; x_wconf 84' lang='lat' dir='ltr'>et</span> <span class='ocrx_word' id='word_1_338' title='bbox 1079 1951 1095 1972; x_wconf 87' lang='lat' dir='ltr'>a</span> <span class='ocrx_word' id='word_1_339' title='bbox 1127 1950 1200 1972; x_wconf 89' lang='lat' dir='ltr'>eura</span> <span class='ocrx_word' id='word_1_340' title='bbox 1230 1938 1401 1972; x_wconf 89' lang='lat' dir='ltr'>animarum</span> <span class='ocrx_word' id='word_1_341' title='bbox 1431 1936 1582 1970; x_wconf 81' lang='lat' dir='ltr'>desistere</span> <span class='ocrx_word' id='word_1_342' title='bbox 1610 1935 1686 1969; x_wconf 78' lang='lat' dir='ltr'>iul&#39;ra</span> <span class='ocrx_word' id='word_1_343' title='bbox 1709 1947 1807 1969; x_wconf 85' lang='lat' dir='ltr'>anuos</span> 
     </span>
     <span class='ocr_line' id='line_1_35' title="bbox 370 1984 1805 2035; baseline -0.003 -13"><span class='ocrx_word' id='word_1_344' title='bbox 370 1989 521 2035; x_wconf 82' lang='lat' dir='ltr'>quinque,</span> <span class='ocrx_word' id='word_1_345' title='bbox 538 1990 613 2022; x_wconf 88' lang='lat' dir='ltr'>ibid.</span> <span class='ocrx_word' id='word_1_346' title='bbox 642 1988 702 2022; x_wconf 89' lang='lat' dir='ltr'>Pro</span> <span class='ocrx_word' id='word_1_347' title='bbox 725 1987 997 2027; x_wconf 77' lang='lat' dir='ltr'>Ordinisauxilio,</span> <span class='ocrx_word' id='word_1_348' title='bbox 1019 1987 1159 2034; x_wconf 81' lang='lat' dir='ltr'>quinque</span> <span class='ocrx_word' id='word_1_349' title='bbox 1179 1987 1350 2033; x_wconf 84' lang='lat' dir='ltr'>prudentes</span> <span class='ocrx_word' id='word_1_350' title='bbox 1366 1986 1418 2020; x_wconf 90' lang='lat' dir='ltr'>viri</span> <span class='ocrx_word' id='word_1_351' title='bbox 1433 1986 1461 2019; x_wconf 93' lang='lat' dir='ltr'>in</span> <span class='ocrx_word' id='word_1_352' title='bbox 1486 1985 1559 2019; x_wconf 73' lang='lat' dir='ltr'>locis</span> <span class='ocrx_word' id='word_1_353' title='bbox 1583 1984 1805 2018; x_wconf 81' lang='lat' dir='ltr'>Observantiae</span> 
     </span>
     <span class='ocr_line' id='line_1_36' title="bbox 373 2033 1807 2084; baseline -0.003 -12"><span class='ocrx_word' id='word_1_354' title='bbox 373 2037 654 2084; x_wconf 78' lang='lat' dir='ltr'>tenentur,quibus</span> <span class='ocrx_word' id='word_1_355' title='bbox 668 2036 879 2079; x_wconf 57' lang='lat' dir='ltr'>indulgentiae</span> <span class='ocrx_word' id='word_1_356' title='bbox 893 2037 1108 2083; x_wconf 70' lang='lat' dir='ltr'>duplicantur,</span> <span class='ocrx_word' id='word_1_357' title='bbox 1124 2038 1192 2071; x_wconf 74' lang='lat'>562</span> <span class='ocrx_word' id='word_1_358' title='bbox 1207 2050 1236 2071; x_wconf 87' lang='grc' dir='ltr'>α.</span> <span class='ocrx_word' id='word_1_359' title='bbox 1252 2036 1333 2070; x_wconf 86' lang='lat' dir='ltr'>Loca</span> <span class='ocrx_word' id='word_1_360' title='bbox 1348 2035 1488 2074; x_wconf 76' lang='lat' dir='ltr'>Ordinis,</span> <span class='ocrx_word' id='word_1_361' title='bbox 1508 2046 1640 2081; x_wconf 78' lang='lat' dir='ltr'>qnorum</span> <span class='ocrx_word' id='word_1_362' title='bbox 1669 2033 1807 2068; x_wconf 85' lang='lat' dir='ltr'>redditus</span> 
     </span>
     <span class='ocr_line' id='line_1_37' title="bbox 373 2086 1806 2132; baseline -0.003 -11"><span class='ocrx_word' id='word_1_363' title='bbox 373 2087 596 2122; x_wconf 84' lang='lat' dir='ltr'>transcendunt</span> <span class='ocrx_word' id='word_1_364' title='bbox 609 2100 763 2121; x_wconf 82' lang='lat' dir='ltr'>summani</span> <span class='ocrx_word' id='word_1_365' title='bbox 781 2089 851 2120; x_wconf 79' lang='lat'>600</span> <span class='ocrx_word' id='word_1_366' title='bbox 868 2088 1071 2126; x_wconf 71' lang='lat' dir='ltr'>florenorum,</span> <span class='ocrx_word' id='word_1_367' title='bbox 1094 2086 1208 2121; x_wconf 85' lang='lat' dir='ltr'>debent</span> <span class='ocrx_word' id='word_1_368' title='bbox 1226 2094 1442 2132; x_wconf 88' lang='lat' dir='ltr'>praeceptores</span> <span class='ocrx_word' id='word_1_369' title='bbox 1457 2087 1631 2119; x_wconf 83' lang='lat' dir='ltr'>conducere</span> <span class='ocrx_word' id='word_1_370' title='bbox 1647 2091 1675 2117; x_wconf 86' lang='lat' dir='ltr'>et</span> <span class='ocrx_word' id='word_1_371' title='bbox 1691 2091 1806 2123; x_wconf 87' lang='lat' dir='ltr'>tenere,</span> 
     </span>
     <span class='ocr_line' id='line_1_38' title="bbox 372 2133 1805 2182; baseline -0.003 -11"><span class='ocrx_word' id='word_1_372' title='bbox 372 2139 446 2171; x_wconf 85' lang='lat' dir='ltr'>ibid.</span> <span class='ocrx_word' id='word_1_373' title='bbox 474 2136 554 2171; x_wconf 88' lang='lat' dir='ltr'>Loca</span> <span class='ocrx_word' id='word_1_374' title='bbox 577 2136 706 2171; x_wconf 90' lang='lat' dir='ltr'>Ordinis</span> <span class='ocrx_word' id='word_1_375' title='bbox 735 2136 854 2181; x_wconf 73' lang='lat' dir='ltr'>ingredi</span> <span class='ocrx_word' id='word_1_376' title='bbox 876 2136 1059 2182; x_wconf 81' lang='lat' dir='ltr'>prohibetur</span> <span class='ocrx_word' id='word_1_377' title='bbox 1082 2135 1263 2170; x_wconf 88' lang='lat' dir='ltr'>mulieribus</span> <span class='ocrx_word' id='word_1_378' title='bbox 1285 2147 1461 2182; x_wconf 76' lang='lat' dir='ltr'>expressam</span> <span class='ocrx_word' id='word_1_379' title='bbox 1478 2133 1631 2179; x_wconf 62' lang='lat' dir='ltr'>generalis</span> <span class='ocrx_word' id='word_1_380' title='bbox 1651 2133 1805 2167; x_wconf 81' lang='lat' dir='ltr'>licentiam</span> 
     </span>
     <span class='ocr_line' id='line_1_39' title="bbox 376 2181 1806 2229; baseline -0.003 -9"><span class='ocrx_word' id='word_1_381' title='bbox 376 2199 436 2221; x_wconf 91' lang='lat' dir='ltr'>non</span> <span class='ocrx_word' id='word_1_382' title='bbox 461 2186 661 2229; x_wconf 78' lang='lat' dir='ltr'>habentibus,</span> <span class='ocrx_word' id='word_1_383' title='bbox 681 2187 754 2219; x_wconf 88' lang='lat' dir='ltr'>ibid.</span> <span class='ocrx_word' id='word_1_384' title='bbox 783 2187 809 2219; x_wconf 90' lang='lat' dir='ltr'>b.</span> <span class='ocrx_word' id='word_1_385' title='bbox 830 2185 1013 2220; x_wconf 82' lang='lat' dir='ltr'>Monialium</span> <span class='ocrx_word' id='word_1_386' title='bbox 1039 2186 1224 2219; x_wconf 87' lang='lat' dir='ltr'>monasteria</span> <span class='ocrx_word' id='word_1_387' title='bbox 1253 2185 1416 2218; x_wconf 87' lang='lat' dir='ltr'>visitentur</span> <span class='ocrx_word' id='word_1_388' title='bbox 1437 2196 1452 2218; x_wconf 89' lang='lat' dir='ltr'>a</span> <span class='ocrx_word' id='word_1_389' title='bbox 1467 2182 1676 2217; x_wconf 69' lang='lat' dir='ltr'>visitatoribus</span> <span class='ocrx_word' id='word_1_390' title='bbox 1688 2181 1806 2216; x_wconf 80' lang='lat' dir='ltr'>Obser—</span> 
     </span>
     <span class='ocr_line' id='line_1_40' title="bbox 372 2233 1806 2281; baseline -0.003 -11"><span class='ocrx_word' id='word_1_391' title='bbox 372 2236 523 2280; x_wconf 75' lang='lat' dir='ltr'>vantium7</span> <span class='ocrx_word' id='word_1_392' title='bbox 545 2244 574 2270; x_wconf 90' lang='lat' dir='ltr'>et</span> <span class='ocrx_word' id='word_1_393' title='bbox 602 2235 753 2269; x_wconf 86' lang='lat' dir='ltr'>moniales</span> <span class='ocrx_word' id='word_1_394' title='bbox 780 2235 856 2268; x_wconf 87' lang='lat' dir='ltr'>niliil</span> <span class='ocrx_word' id='word_1_395' title='bbox 874 2235 990 2281; x_wconf 91' lang='lat' dir='ltr'>proprii</span> <span class='ocrx_word' id='word_1_396' title='bbox 1016 2235 1161 2274; x_wconf 84' lang='lat' dir='ltr'>babeant,</span> <span class='ocrx_word' id='word_1_397' title='bbox 1176 2236 1249 2269; x_wconf 87' lang='lat' dir='ltr'>ibid.</span> <span class='ocrx_word' id='word_1_398' title='bbox 1278 2234 1464 2268; x_wconf 86' lang='lat' dir='ltr'>Eremiticae</span> <span class='ocrx_word' id='word_1_399' title='bbox 1492 2233 1568 2267; x_wconf 88' lang='lat' dir='ltr'>vitae</span> <span class='ocrx_word' id='word_1_400' title='bbox 1599 2233 1683 2278; x_wconf 77' lang='lat' dir='ltr'>rigor</span> <span class='ocrx_word' id='word_1_401' title='bbox 1705 2245 1720 2265; x_wconf 90' lang='lat' dir='ltr'>a</span> <span class='ocrx_word' id='word_1_402' title='bbox 1745 2239 1806 2266; x_wconf 89' lang='lat' dir='ltr'>toto</span> 
     </span>
     <span class='ocr_line' id='line_1_41' title="bbox 373 2282 1806 2331; baseline -0.003 -12"><span class='ocrx_word' id='word_1_403' title='bbox 373 2285 508 2331; x_wconf 89' lang='lat' dir='ltr'>capitulo</span> <span class='ocrx_word' id='word_1_404' title='bbox 529 2293 650 2319; x_wconf 86' lang='lat' dir='ltr'>tantuin</span> <span class='ocrx_word' id='word_1_405' title='bbox 675 2285 829 2318; x_wconf 85' lang='lat' dir='ltr'>immutari</span> <span class='ocrx_word' id='word_1_406' title='bbox 856 2293 968 2331; x_wconf 76' lang='lat' dir='ltr'>potest⁷</span> <span class='ocrx_word' id='word_1_407' title='bbox 990 2286 1064 2318; x_wconf 89' lang='lat' dir='ltr'>ibid.</span> <span class='ocrx_word' id='word_1_408' title='bbox 1089 2284 1268 2330; x_wconf 89' lang='lat' dir='ltr'>Capitulum</span> <span class='ocrx_word' id='word_1_409' title='bbox 1294 2283 1396 2318; x_wconf 81' lang='lat' dir='ltr'>Eremi</span> <span class='ocrx_word' id='word_1_410' title='bbox 1425 2282 1540 2329; x_wconf 90' lang='lat' dir='ltr'>quibus</span> <span class='ocrx_word' id='word_1_411' title='bbox 1564 2282 1708 2328; x_wconf 71' lang='lat' dir='ltr'>personis</span> <span class='ocrx_word' id='word_1_412' title='bbox 1729 2293 1806 2315; x_wconf 87' lang='lat' dir='ltr'>con-</span> 
     </span>
     <span class='ocr_line' id='line_1_42' title="bbox 373 2330 1806 2380; baseline -0.003 -11"><span class='ocrx_word' id='word_1_413' title='bbox 373 2336 474 2379; x_wconf 78' lang='lat' dir='ltr'>fletur,</span> <span class='ocrx_word' id='word_1_414' title='bbox 501 2336 575 2369; x_wconf 80' lang='lat' dir='ltr'>ibid.</span> <span class='ocrx_word' id='word_1_415' title='bbox 603 2333 761 2369; x_wconf 78' lang='lat' dir='ltr'>Officiales</span> <span class='ocrx_word' id='word_1_416' title='bbox 780 2346 889 2369; x_wconf 89' lang='lat' dir='ltr'>omnes</span> <span class='ocrx_word' id='word_1_417' title='bbox 918 2334 947 2368; x_wconf 91' lang='lat' dir='ltr'>iu</span> <span class='ocrx_word' id='word_1_418' title='bbox 976 2333 1103 2378; x_wconf 76' lang='lat' dir='ltr'>Eremo,</span> <span class='ocrx_word' id='word_1_419' title='bbox 1126 2333 1260 2380; x_wconf 83' lang='lat' dir='ltr'>singulis</span> <span class='ocrx_word' id='word_1_420' title='bbox 1278 2333 1380 2375; x_wconf 70' lang='lat' dir='ltr'>aunis7</span> <span class='ocrx_word' id='word_1_421' title='bbox 1412 2344 1466 2379; x_wconf 91' lang='lat' dir='ltr'>pro</span> <span class='ocrx_word' id='word_1_422' title='bbox 1495 2332 1545 2365; x_wconf 86' lang='lat' dir='ltr'>die</span> <span class='ocrx_word' id='word_1_423' title='bbox 1567 2331 1600 2365; x_wconf 89' lang='lat' dir='ltr'>S.</span> <span class='ocrx_word' id='word_1_424' title='bbox 1626 2330 1806 2374; x_wconf 76' lang='lat' dir='ltr'>Romualdi,</span> 
     </span>
     <span class='ocr_line' id='line_1_43' title="bbox 373 2381 1806 2431; baseline -0.004 -12"><span class='ocrx_word' id='word_1_425' title='bbox 373 2385 531 2431; x_wconf 79' lang='lat' dir='ltr'>eliguntur</span> <span class='ocrx_word' id='word_1_426' title='bbox 552 2397 567 2418; x_wconf 91' lang='lat' dir='ltr'>a</span> <span class='ocrx_word' id='word_1_427' title='bbox 598 2385 698 2431; x_wconf 87' lang='lat' dir='ltr'>priore</span> <span class='ocrx_word' id='word_1_428' title='bbox 721 2394 748 2418; x_wconf 89' lang='lat' dir='ltr'>et</span> <span class='ocrx_word' id='word_1_429' title='bbox 772 2383 924 2430; x_wconf 89' lang='lat' dir='ltr'>capitulo,</span> <span class='ocrx_word' id='word_1_430' title='bbox 948 2386 1019 2417; x_wconf 77' lang='lat'>565</span> <span class='ocrx_word' id='word_1_431' title='bbox 1045 2396 1076 2418; x_wconf 87' lang='grc' dir='ltr'>α.</span> <span class='ocrx_word' id='word_1_432' title='bbox 1107 2383 1168 2424; x_wconf 83' lang='lat' dir='ltr'>Qui</span> <span class='ocrx_word' id='word_1_433' title='bbox 1194 2395 1255 2417; x_wconf 91' lang='lat' dir='ltr'>non</span> <span class='ocrx_word' id='word_1_434' title='bbox 1280 2391 1352 2416; x_wconf 84' lang='lat' dir='ltr'>suut</span> <span class='ocrx_word' id='word_1_435' title='bbox 1382 2382 1480 2416; x_wconf 78' lang='lat' dir='ltr'>lionae</span> <span class='ocrx_word' id='word_1_436' title='bbox 1502 2381 1749 2416; x_wconf 86' lang='lat' dir='ltr'>conversationis</span> <span class='ocrx_word' id='word_1_437' title='bbox 1771 2393 1806 2413; x_wconf 83' lang='lat' dir='ltr'>ex</span> 
     </span>
     <span class='ocr_line' id='line_1_44' title="bbox 373 2430 1804 2478; baseline -0.003 -10"><span class='ocrx_word' id='word_1_438' title='bbox 373 2434 449 2469; x_wconf 88' lang='lat' dir='ltr'>locis</span> <span class='ocrx_word' id='word_1_439' title='bbox 471 2434 576 2468; x_wconf 87' lang='lat' dir='ltr'>Eremi</span> <span class='ocrx_word' id='word_1_440' title='bbox 605 2441 844 2476; x_wconf 69' lang='lat' dir='ltr'>removeantur,</span> <span class='ocrx_word' id='word_1_441' title='bbox 873 2434 947 2466; x_wconf 80' lang='lat' dir='ltr'>ibid.</span> <span class='ocrx_word' id='word_1_442' title='bbox 979 2432 1159 2478; x_wconf 88' lang='lat' dir='ltr'>Capitulum</span> <span class='ocrx_word' id='word_1_443' title='bbox 1182 2431 1288 2466; x_wconf 88' lang='lat' dir='ltr'>Eremi</span> <span class='ocrx_word' id='word_1_444' title='bbox 1319 2431 1393 2478; x_wconf 88' lang='lat' dir='ltr'>quid</span> <span class='ocrx_word' id='word_1_445' title='bbox 1423 2430 1545 2477; x_wconf 79' lang='lat' dir='ltr'>possit7</span> <span class='ocrx_word' id='word_1_446' title='bbox 1571 2431 1646 2464; x_wconf 86' lang='lat' dir='ltr'>ibid.</span> <span class='ocrx_word' id='word_1_447' title='bbox 1672 2430 1804 2464; x_wconf 81' lang='lat' dir='ltr'>Barbam</span> 
     </span>
     <span class='ocr_line' id='line_1_45' title="bbox 375 2480 1804 2529; baseline -0.004 -11"><span class='ocrx_word' id='word_1_448' title='bbox 375 2483 529 2518; x_wconf 87' lang='lat' dir='ltr'>Eremitae</span> <span class='ocrx_word' id='word_1_449' title='bbox 552 2483 672 2517; x_wconf 77' lang='lat' dir='ltr'>deferre</span> <span class='ocrx_word' id='word_1_450' title='bbox 701 2492 842 2529; x_wconf 80' lang='lat' dir='ltr'>possunt,</span> <span class='ocrx_word' id='word_1_451' title='bbox 865 2484 939 2516; x_wconf 82' lang='lat' dir='ltr'>ibid.</span> <span class='ocrx_word' id='word_1_452' title='bbox 967 2484 993 2516; x_wconf 93' lang='lat' dir='ltr'>b.</span> <span class='ocrx_word' id='word_1_453' title='bbox 1018 2482 1189 2517; x_wconf 88' lang='lat' dir='ltr'>Pecuniam</span> <span class='ocrx_word' id='word_1_454' title='bbox 1210 2481 1322 2515; x_wconf 87' lang='lat' dir='ltr'>babere</span> <span class='ocrx_word' id='word_1_455' title='bbox 1347 2480 1551 2526; x_wconf 87' lang='lat' dir='ltr'>probibentur</span> <span class='ocrx_word' id='word_1_456' title='bbox 1573 2480 1646 2513; x_wconf 87' lang='lat' dir='ltr'>dum</span> <span class='ocrx_word' id='word_1_457' title='bbox 1675 2487 1746 2513; x_wconf 88' lang='lat' dir='ltr'>sunt</span> <span class='ocrx_word' id='word_1_458' title='bbox 1775 2480 1804 2512; x_wconf 91' lang='lat' dir='ltr'>iu</span> 
     </span>
     <span class='ocr_line' id='line_1_46' title="bbox 374 2529 1806 2578; baseline -0.004 -11"><span class='ocrx_word' id='word_1_459' title='bbox 374 2533 501 2576; x_wconf 67' lang='lat' dir='ltr'>Eremo,</span> <span class='ocrx_word' id='word_1_460' title='bbox 524 2534 597 2566; x_wconf 83' lang='lat' dir='ltr'>ibid.</span> <span class='ocrx_word' id='word_1_461' title='bbox 623 2532 899 2566; x_wconf 72' lang='lat' dir='ltr'>Administratores</span> <span class='ocrx_word' id='word_1_462' title='bbox 916 2531 1069 2566; x_wconf 75' lang='lat' dir='ltr'>bonorum</span> <span class='ocrx_word' id='word_1_463' title='bbox 1086 2531 1304 2578; x_wconf 84' lang='lat' dir='ltr'>temporalium</span> <span class='ocrx_word' id='word_1_464' title='bbox 1328 2530 1431 2564; x_wconf 83' lang='lat' dir='ltr'>Eremi</span> <span class='ocrx_word' id='word_1_465' title='bbox 1459 2529 1512 2576; x_wconf 90' lang='lat' dir='ltr'>qui</span> <span class='ocrx_word' id='word_1_466' title='bbox 1535 2531 1608 2566; x_wconf 87' lang='lat' dir='ltr'>siut,</span> <span class='ocrx_word' id='word_1_467' title='bbox 1643 2531 1728 2567; x_wconf 68' lang='lat' dir='ltr'>ibid,</span> <span class='ocrx_word' id='word_1_468' title='bbox 1758 2541 1806 2562; x_wconf 74' lang='lat' dir='ltr'>ra-</span> 
     </span>
     <span class='ocr_line' id='line_1_47' title="bbox 374 2577 1806 2626; baseline -0.004 -10"><span class='ocrx_word' id='word_1_469' title='bbox 374 2583 490 2617; x_wconf 89' lang='lat' dir='ltr'>tionem</span> <span class='ocrx_word' id='word_1_470' title='bbox 519 2581 649 2616; x_wconf 84' lang='lat' dir='ltr'>reddere</span> <span class='ocrx_word' id='word_1_471' title='bbox 671 2589 828 2623; x_wconf 83' lang='lat' dir='ltr'>tenentur,</span> <span class='ocrx_word' id='word_1_472' title='bbox 864 2583 934 2615; x_wconf 73' lang='lat'>564</span> <span class='ocrx_word' id='word_1_473' title='bbox 964 2594 994 2615; x_wconf 88' lang='grc' dir='ltr'>α.</span> <span class='ocrx_word' id='word_1_474' title='bbox 1023 2580 1156 2616; x_wconf 85' lang='lat' dir='ltr'>Ereinus</span> <span class='ocrx_word' id='word_1_475' title='bbox 1185 2581 1320 2626; x_wconf 85' lang='lat' dir='ltr'>undique</span> <span class='ocrx_word' id='word_1_476' title='bbox 1344 2579 1471 2622; x_wconf 80' lang='lat' dir='ltr'>clausa,</span> <span class='ocrx_word' id='word_1_477' title='bbox 1505 2590 1568 2612; x_wconf 92' lang='lat' dir='ltr'>uno</span> <span class='ocrx_word' id='word_1_478' title='bbox 1602 2587 1653 2612; x_wconf 91' lang='lat' dir='ltr'>aut</span> <span class='ocrx_word' id='word_1_479' title='bbox 1683 2577 1806 2611; x_wconf 81' lang='lat' dir='ltr'>duobus</span> 
     </span>
     <span class='ocr_line' id='line_1_48' title="bbox 374 2627 1805 2677; baseline -0.003 -12"><span class='ocrx_word' id='word_1_480' title='bbox 374 2632 410 2665; x_wconf 85' lang='lat' dir='ltr'>ad</span> <span class='ocrx_word' id='word_1_481' title='bbox 435 2644 593 2665; x_wconf 84' lang='lat' dir='ltr'>summum</span> <span class='ocrx_word' id='word_1_482' title='bbox 622 2630 758 2665; x_wconf 88' lang='lat' dir='ltr'>aditibus</span> <span class='ocrx_word' id='word_1_483' title='bbox 780 2630 898 2665; x_wconf 90' lang='lat' dir='ltr'>relictis</span> <span class='ocrx_word' id='word_1_484' title='bbox 925 2630 960 2664; x_wconf 89' lang='lat' dir='ltr'>ad</span> <span class='ocrx_word' id='word_1_485' title='bbox 986 2630 1175 2677; x_wconf 83' lang='lat' dir='ltr'>pauperibus</span> <span class='ocrx_word' id='word_1_486' title='bbox 1197 2639 1225 2664; x_wconf 87' lang='lat' dir='ltr'>et</span> <span class='ocrx_word' id='word_1_487' title='bbox 1255 2628 1424 2675; x_wconf 82' lang='lat' dir='ltr'>peregrinis</span> <span class='ocrx_word' id='word_1_488' title='bbox 1447 2627 1708 2664; x_wconf 80' lang='lat' dir='ltr'>subveniendum,</span> <span class='ocrx_word' id='word_1_489' title='bbox 1733 2629 1805 2661; x_wconf 76' lang='lat' dir='ltr'>ibid.</span> 
     </span>
     <span class='ocr_line' id='line_1_49' title="bbox 374 2675 1808 2727; baseline -0.003 -12"><span class='ocrx_word' id='word_1_490' title='bbox 374 2681 495 2716; x_wconf 82' lang='lat' dir='ltr'>Mansio</span> <span class='ocrx_word' id='word_1_491' title='bbox 517 2693 571 2727; x_wconf 87' lang='lat' dir='ltr'>pro</span> <span class='ocrx_word' id='word_1_492' title='bbox 595 2680 774 2727; x_wconf 81' lang='lat' dir='ltr'>hospitibus</span> <span class='ocrx_word' id='word_1_493' title='bbox 796 2692 937 2714; x_wconf 72' lang='lat' dir='ltr'>seorsum</span> <span class='ocrx_word' id='word_1_494' title='bbox 962 2692 975 2714; x_wconf 89' lang='lat' dir='ltr'>a</span> <span class='ocrx_word' id='word_1_495' title='bbox 996 2679 1118 2715; x_wconf 86' lang='lat' dir='ltr'>cellulis</span> <span class='ocrx_word' id='word_1_496' title='bbox 1140 2679 1346 2714; x_wconf 82' lang='lat' dir='ltr'>Eremitarutn</span> <span class='ocrx_word' id='word_1_497' title='bbox 1370 2685 1564 2721; x_wconf 69' lang='lat' dir='ltr'>constructa7</span> <span class='ocrx_word' id='word_1_498' title='bbox 1601 2678 1672 2710; x_wconf 87' lang='lat' dir='ltr'>ibid.</span> <span class='ocrx_word' id='word_1_499' title='bbox 1696 2675 1808 2717; x_wconf 74' lang='lat' dir='ltr'>Nemo,</span> 
     </span>
    </p>
   </div>
  </div>
 </body>
</html>
