2281 3251
112 274 161 300 An.
181 273 208 300 C.
226 274 294 301 11ιίιῖ

122 479 170 500 tud«
160 481 192 500 «ci
215 483 236 500 et
257 485 292 500 sa-

109 511 180 531 meent
200 510 292 531 deetmas

109 541 193 562 solvere
209 541 266 562 tussi.

109 1419 175 1441 Vettii
188 1418 288 1441 romulum

102 1450 227 1472 ramularum
249 1450 289 1472 ln-

102 1481 155 1502 bere
187 1481 289 1503 christia-

103 1518 149 1533 1101-

113 1912 219 1935 Panium
229 1914 283 1934 blos-

100 1944 177 1970 phem.

113 2256 286 2284 insanissimis

100 2287 196 2309 vuitbus
218 2287 287 2309 anbe-

100 2323 131 2340 rs.

939 273 1108 297 rimemus.
1120 275 1152 296 lv
1178 274 1224 296 PP-

308 330 428 365 racenis
443 330 472 363 in
492 336 679 364 testamento
693 337 746 363 aut
760 329 918 364 voluntate
935 330 1054 368 ultima

307 378 410 425 aliqua
434 379 611 425 relinquere
635 379 731 425 possit
760 378 806 413 vel
834 378 948 425 legare.

355 428 375 475 g
403 429 435 462 5.
464 427 567 462 ludaei
605 440 732 475 qnoque
759 440 933 475 synagogas
962 440 1055 462 novas

306 479 437 524 erigere,
460 485 512 511 aut
534 478 672 511 construi
703 478 802 512 lfficeie
826 490 886 511 non
913 478 1055 522 valeant,

305 527 359 561 sed
393 527 538 574 antiquas
565 527 737 570 dumtaxat,
770 539 830 560 non
855 534 959 561 tamen
987 538 1056 561 am-

306 575 420 623 pliores
438 577 483 610 vel
516 577 714 623 pretiosiores
740 577 832 610 solito
856 577 1005 615 reliciant,
1026 585 1054 610 et

306 627 336 660 in
361 625 634 660 Lamentationnm
652 637 686 659 ac
702 625 877 659 dominicae
895 625 1055 660 Passionis

305 673 416 710 diebus
432 702 440 714 ,
477 686 531 722 per
567 674 632 709 loca
670 674 793 721 publica
830 687 885 708 seu
931 675 1054 720 publice

305 736 367 758 non
391 731 549 759 transeant
573 724 616 758 vel
642 725 799 764 incedant,
829 737 885 758 nec
911 725 987 758 ostia
1010 724 1053 758 vel

305 773 458 809 fenestras
488 782 615 809 teneant
637 782 776 820 apertas:
799 782 826 808 et
858 774 914 820 ipsi
937 786 973 807 ac
1005 785 1055 806 sa-

306 824 406 857 raceni
422 822 460 857 ad
475 823 662 858 solvendum
680 834 909 870 quascumque,
925 823 963 857 ‹le
982 823 1054 869 qui-

305 871 410 906 busvis
444 872 537 906 rebus
572 881 601 907 et
638 872 739 910 honis,
763 872 902 906 decimas
937 871 1053 906 astricti

304 930 516 962 censeantnr;
539 930 569 956 et
603 930 708 956 contra
743 934 798 955 eos
826 922 854 955 in
890 921 1055 967 quibusvis

304 971 430 1005 casibus
447 971 608 1006 christiani
626 979 720 1005 testes
739 982 808 1005 esse
834 978 978 1016 possunt,
998 969 1053 1004 scd

304 1019 489 1055 iudaeorum
510 1028 616 1055 contra
634 1020 861 1054 christianosin
875 1031 947 1053 casu
969 1019 1055 1053 nullo

304 1070 519 1104 testimonium
541 1070 655 1109 valeat,
684 1077 713 1104 et
746 1068 828 1116 apud
868 1069 1056 1103 christianos

304 1118 425 1154 iudices
451 1128 479 1153 ct
503 1131 690 1153 communes
712 1117 885 1157 <lammae
914 1130 976 1152 non
999 1130 1055 1152 an-

304 1176 365 1203 tem
387 1168 470 1216 apud
495 1168 685 1202 christianos
704 1167 822 1201 iudices
847 1179 901 1213 pro
923 1167 968 1201 eis
990 1180 1054 1213 spe·

303 1217 421 1253 cialiter
454 1217 621 1264 deputatos
638 1245 645 1258 ,
672 1228 727 1252 seu
750 1228 858 1251 eorum
894 1217 1054 1256 seniores,

304 1266 408 1301 iudaei
428 1278 463 1300 ac
481 1266 633 1304 saraceni,
657 1267 685 1300 in
709 1265 963 1313 quibuscumque
983 1278 1055 1300 cau-

303 1317 346 1350 sis
367 1323 471 1362 agant,
493 1316 707 1363 experiantur

352 1365 432 1412 ἓὸι
466 1364 532 1399 Nec
561 1365 679 1411 possint
713 1364 815 1399 iudaei
851 1373 880 1400 et
914 1365 1053 1399 saraceni

305 1414 458 1450 nutricem
495 1414 540 1448 vel
568 1413 752 1449 familiarem
788 1423 841 1449 aut
868 1414 1052 1449 servitorem

302 1463 532 1510 cuiuscumque
555 1475 649 1498 sexus
672 1463 907 1498 clii-'istiannm
902 1477 930 1497 in
959 1463 1054 1498 ‹lomo

304 1521 419 1548 tenere.
449 1512 514 1547 Nec
536 1512 629 1547 etiam
665 1512 824 1547 christiani
858 1513 887 1546 in
916 1512 1054 1546 sabbatis

301 1574 357 1596 seu
382 1562 564 1596 iudaeorum
586 1561 806 1597 festivitatibus
838 1562 959 1596 iudaeis
977 1563 1054 1609 ipsis

301 1612 405 1657 ignem
430 1611 620 1652 accendant,
649 1611 695 1645 vel
718 1611 822 1646 cibum
846 1619 898 1645 ant
927 1624 1052 1659 panem,

300 1672 355 1695 seu
391 1660 616 1708 quodcumque
647 1659 733 1694 aliud
769 1673 850 1708 opus
879 1660 982 1695 simile
1014 1661 1052 1695 ad

300 1709 447 1745 decorem
476 1709 580 1745 cultus
601 1709 777 1745 festivitatis
798 1710 940 1744 eiusdem
966 1723 1053 1757 quo-

301 1758 473 1793 modolibet
486 1758 671 1799 exhibeant,
694 1759 739 1793 vel
757 1760 918 1794 servitium
934 1768 984 1794 aut
1000 1759 1053 1794 ob-

300 1809 444 1855 sequium
461 1808 587 1855 aliquod
605 1816 764 1855 praestent
791 1809 837 1843 vel
855 1808 1050 1856 impendant.

348 1857 598 1901 §7.Saeculares
612 1870 738 1905 quoqne
754 1858 874 1893 iudices
889 1858 1049 1893 christiani

300 1906 431 1941 iudaeos
453 1906 573 1946 Deum,
600 1915 653 1941 aut
681 1907 941 1953 gloriosissimam
976 1908 1051 1942 bea-

299 1965 362 1991 tam
397 1955 524 1991 Mariam
552 1955 714 2002 Virginem
747 1957 816 1991 eius
842 1956 1051 1998 Genitricern,

300 2005 348 2040 vel
376 2005 497 2052 aliquos
518 2015 643 2040 sanctos
666 2005 922 2053 blasphemantes
945 2016 997 2040 aut
1020 2007 1049 2041 in

300 2054 361 2090 boc
375 2054 617 2102 quomodolibet
638 2055 869 2103 delinquentes,
899 2057 1051 2102 pecunia-

301 2104 345 2139 ria
361 2104 407 2138 vel
426 2104 483 2139 alia
505 2104 650 2150 graviori,
673 2104 712 2139 de
733 2117 793 2152 qna
816 2106 862 2140 eis
884 2105 1050 2144 videbitur.

302 2165 400 2200 poena
431 2154 562 2201 puniant
583 2162 613 2188 et
635 2154 817 2200 percellant.

349 2203 369 2250 S
391 2206 424 2238 8.
447 2202 577 2238 Necnon
613 2215 724 2237 omnes
751 2213 780 2238 et
807 2204 922 2250 singuli
948 2205 1050 2239 iudaei

300 2261 330 2287 et
345 2253 498 2296 saraceni,
518 2253 749 2300 cuiuscumque
771 2265 865 2288 sexus
879 2262 909 2287 et
930 2255 1050 2294 aetatis,

301 2301 483 2337 distinctum
508 2302 648 2336 habitum
673 2310 702 2336 et
725 2303 843 2337 notoria
867 2304 967 2350 sigum
997 2316 1052 2351 per

301 2363 383 2398 quae
401 2352 566 2386 evidenter
580 2364 596 2386 a
615 2351 795 2387 christianis
814 2354 964 2397 cognosci
985 2366 1051 2401 pos-

300 2401 375 2444 sint,
397 2401 515 2449 ubique
535 2400 688 2440 deferant,
710 2410 742 2437 et
761 2402 841 2436 inter
862 2402 1052 2438 christianos

301 2462 363 2485 non
391 2450 542 2494 habitent,
557 2451 610 2485 sed
626 2451 703 2485 infra
719 2459 840 2486 certum
855 2452 1033 2496 viculum(1
1042 2457 1051 2497 )

300 2512 356 2536 seu
379 2499 482 2535 locum
498 2513 514 2535 a
537 2500 718 2535 christianis
740 2501 874 2548 separati
897 2510 927 2536 et
945 2514 1052 2557 segre-

299 2550 377 2597 gati,
412 2557 498 2584 extra
531 2562 625 2606 quem
662 2550 842 2585 nullatenus
873 2552 1053 2587 mansiones

300 2599 415 2634 habere
438 2599 569 2640 valeant,
592 2599 673 2635 inter
694 2612 727 2634 se
754 2599 879 2647 degant.

335 2660 375 2695 (t)
391 2660 546 2697 Raynaldus
561 2661 642 2689 habet
657 2663 790 2689 circulum
807 2662 850 2698 (a.
868 2662 922 2698 r.).

1751 264 1796 304 69

1148 330 1221 371 §³9
1250 329 1277 363 A
1299 329 1479 363 christianis
1505 340 1631 376 (pioque
1654 342 1765 364 usuras
1788 343 1848 364 mi-

1099 351 1181 413 nime
1204 379 1342 424 exigant,
1367 378 1541 424 percipiant
1566 378 1612 412 vel
1629 386 1779 426 extorqut
1783 389 1847 418 ι,ιιιι

1099 440 1219 462 necnon
1248 434 1367 461 extorta
1395 440 1410 460 a
1439 427 1619 461 christianis
1652 439 1706 475 per
1734 440 1849 462 usura-

1098 478 1172 512 riam
1203 476 1397 524 pravitatem,
1426 476 1497 520 illis,
1520 488 1535 510 a
1559 475 1675 523 quibus
1708 486 1848 511 extorse-

1098 535 1180 563 runt.
1203 526 1272 560 sine
1301 524 1482 560 difficultate
1507 526 1650 571 protinus
1673 527 1847 561 restituant.

1144 576 1164 623 g
1183 577 1235 610 lO.
1252 575 1290 610 Et
1311 576 1451 621 insuper,
1481 583 1513 608 ιιι
1536 583 1596 609 tam
1617 575 1848 615 christifideles,

1096 637 1190 671 quam
1216 624 1318 658 iudaei
1342 632 1372 658 et
1398 625 1551 668 saraceni,
1575 625 1604 658 in
1629 624 1775 670 praefatis
1805 638 1851 661 re·

1095 674 1166 720 gnis
1188 682 1217 708 et
1241 673 1389 707 dominiis
1419 682 1653 708 commorantes
1687 675 1850 719 praedicti,

1098 730 1281 769 praesentes
1307 731 1335 756 et
1361 723 1490 769 posteri,
1518 723 1555 757 ad
1584 722 1783 758 decretorum
1821 734 1849 759 et

1096 771 1300 806 decretalium
1325 772 1540 818 epistolarum,
1563 784 1599 807 ac
1622 773 1850 820 praedictarum

1096 829 1125 856 et
1154 821 1328 867 praesentis
1353 830 1476 856 nostrae
1499 822 1765 857 constitutionum
1791 823 1852 857 liu-

1097 870 1233 904 iusmodi
1268 870 1519 905 observationem
1548 872 1763 907 omnimodam
1794 885 1852 908 no-

1098 920 1196 953 veiint
1218 918 1384 954 efficaciter
1406 932 1439 955 se
1467 922 1581 961 teneri
1606 933 1644 955 ne
1667 922 1773 968 vigore
1795 920 1850 957 seu

1097 977 1258 1022 praetextu
1287 968 1472 1016 quorumvis
1508 970 1756 1026 privilegiorum,
1791 984 1852 1006 ex-

1096 1026 1192 1066 θιιιριι
1189 1030 1319 1057 onum,
1356 1017 1554 1057 libertatum
1593 1020 1827 1056 immunitatum
1845 1049 1852 1060 ,

1096 1068 1339 1102 concessionum
1363 1074 1394 1101 et
1417 1068 1611 1102 indultorum
1642 1070 1687 1104 eis
1714 1082 1852 1117 quomo-

1096 1116 1215 1152 dolibet
1231 1128 1469 1161 concessorum,
1485 1117 1522 1151 ab
1541 1117 1761 1154 observatione
1778 1132 1852 1166 piae-

1096 1166 1177 1201 ‹licta
1201 1167 1323 1201 valeant
1343 1166 1544 1213 aliquatenus
1567 1180 1601 1201 se
1624 1168 1723 1212 tueri,
1746 1169 1851 1203 onmia

1096 1223 1124 1250 et
1146 1215 1269 1262 singula
1300 1215 1471 1263 privilegia,
1500 1217 1734 1263 exemptiones,
1758 1217 1852 1252 liber-

1097 1272 1186 1305 tates,
1207 1265 1432 1304 immunitates,
1449 1266 1673 1300 concessiones
1688 1274 1718 1301 et
1731 1267 1851 1301 indulta

1098 1326 1152 1359 per
1174 1327 1232 1349 nos
1255 1327 1289 1348 ac
1311 1314 1412 1349 felicis
1437 1315 1662 1350 recordationis
1678 1316 1849 1350 Martiuum

1098 1363 1213 1410 Papam
1237 1363 1275 1404 V,
1290 1373 1495 1411 caeterosque
1515 1364 1774 1411 praedecessores
1793 1378 1851 1399 no-

1095 1421 1177 1447 5ιιο5
1198 1412 1362 1448 Romanos
1388 1412 1560 1448 Pontifices
1587 1422 1616 1448 ct
1638 1414 1716 1449 alios
1747 1427 1851 1462 quos—

1870 278 1919 304 ln
1933 279 1959 305 C.
1981 280 2048 305 litt?

1880 338 1942 359 Velit}
1958 346 1968 359 a
1991 340 2035 360 chri
2039 352 2048 354 -

1877 371 1938 389 [laum
1976 377 2048 391 unis-'ll

1866 407 1887 421 ²
1892 407 1949 427 '“J‘W'

1881 589 1976 609 Remissa
1998 596 2050 611 eon-

1867 623 1923 640 trara
1947 619 1994 640 huie
2012 621 2053 640 dc-

1867 654 1926 670 rretn
1942 651 2010 670 omnia

1095 1474 1245 1507 cumque,
1268 1462 1433 1509 quibusvis
1455 1462 1572 1497 eisdem
1594 1463 1713 1498 iudaeis
1736 1465 1782 1498 vel
1805 1476 1851 1498 sa·
1887 1507 1890 1509 Β
1927 1507 1930 1510 ἢ

1097 1513 1232 1551 racenis,
1256 1512 1284 1545 in
1310 1513 1416 1559 specie
1438 1512 1482 1546 vel
1499 1524 1627 1558 genere,
1642 1512 1701 1546 snb
1717 1513 1850 1560 quibus-

1095 1560 1168 1595 libet
1197 1561 1361 1596 verborum
1401 1561 1510 1596 formis
1545 1571 1573 1596 et
1601 1570 1685 1596 motu
1711 1563 1849 1610 proprio,

1095 1617 1125 1644 et
1146 1610 1205 1645 sub
1226 1623 1427 1658 quacumque
1450 1610 1548 1645 forma
1572 1611 1618 1645 vel
1642 1613 1848 1658 expressione

1095 1659 1277 1704 verborum,
1311 1669 1418 1695 contra
1459 1661 1628 1707 praemissa
1652 1660 1697 1695 vel
1737 1674 1846 1697 eorum

1093 1709 1213 1757 aliquot
1235 1709 1477 1756 quomodolibet
1499 1709 1575 1744 facta
1601 1710 1646 1744 vel
1679 1723 1846 1749 concessa,

1094 1771 1173 1805 quae
1200 1759 1304 1793 omnia
1338 1759 1482 1793 similiter
1505 1759 1736 1806 praesentibus,
1763 1773 1800 1795 ac
1822 1761 1846 1795 si

1093 1808 1132 1841 (lc
1156 1807 1251 1842 verbo
1284 1808 1322 1842 ad
1352 1808 1480 1843 verbum
1506 1809 1619 1843 inserta
1644 1808 1763 1853 forent,
1793 1822 1848 1856 pro

1093 1857 1286 1891 sufficienter
1301 1858 1459 1905 expressis
1475 1857 1581 1892 baberi
1607 1857 1763 1899 v;olnmus
1780 1871 1849 1894 nec-

1094 1918 1155 1940 non
1178 1919 1399 1954 quaecumque
1429 1907 1502 1942 inde
1525 1915 1643 1951 secuta,
1659 1908 1768 1942 eadem
1791 1921 1848 1942 au-

1092 1957 1236 1990 ctoritate
1263 1968 1435 2000 cassamus,
1464 1969 1647 1991 revocamus
1675 1965 1705 1991 et
1733 1957 1847 1992 annul-

1093 2005 1214 2049 lamus,
1248 2018 1284 2040 ac
1323 2006 1444 2041 nullius
1478 2006 1680 2041 decernimus
1713 2008 1847 2041 existere

1093 2055 1215 2090 roboris
1239 2056 1282 2089 vel
1313 2056 1475 2090 momenti.

1140 2109 1155 2148 ξ
1176 2107 1230 2139 Η.
1254 2105 1419 2140 Praeterea
1443 2105 1561 2140 dictum
1585 2116 1690 2151 regem
1714 2116 1751 2139 ac
1774 2104 1846 2139 uni-

1092 2166 1198 2189 versos
1224 2162 1255 2189 et
1280 2154 1425 2201 singulos
1441 2154 1632 2189 venerabiles
1648 2154 1759 2189 fratres
1786 2166 1846 2189 no-

1092 2211 1173 2238 stros
1194 2204 1464 2250 archiepiscopos,
1480 2204 1647 2251 episcopos
1664 2214 1694 2239 et
1712 2203 1844 2239 dilectos

1093 2253 1175 2288 filios
1192 2254 1364 2301 principes,
1380 2253 1526 2288 dominos
1546 2255 1744 2300 temporales,
1759 2253 1845 2300 capi-

1094 2310 1213 2343 taneos,
1241 2304 1425 2349 armigeros,
1455 2303 1611 2347 barones,·
1629 2303 1760 2346 milites,
1788 2315 1845 2337 no-

1094 2351 1182 2393 biles,
1201 2353 1444 2388 communitates
1465 2361 1495 2387 et
1511 2360 1652 2388 caeteros
1673 2364 1845 2400 quoscum-

1092 2414 1154 2449 que
1190 2402 1423 2446 christifideles,
1459 2402 1686 2437 ecclesiasticos
1713 2410 1743 2436 et
1768 2413 1845 2436 sae-

1093 2451 1226 2493 culares,
1261 2452 1290 2486 in
1326 2451 1471 2498 praefatis
1493 2452 1598 2498 regnis
1633 2460 1663 2485 et
1698 2450 1844 2485 dominiis

1093 2510 1336 2544 commorantes,
1351 2501 1580 2548 cuiuscumque
1601 2508 1710 2540 status,
1728 2499 1844 2546 gradus

1094 2551 1139 2585 vel
1174 2550 1365 2586 conditionis
1401 2550 1538 2594 fuerint,
1572 2550 1775 2585 obsecramus
1810 2549 1841 2582 in

1093 2600 1230 2636 Domino
1245 2608 1274 2634 et
1292 2612 1346 2647 per
1363 2601 1578 2646 aspersionem
1593 2598 1763 2644 Sanguinis
1775 2597 1842 2632 Do-

1094 2650 1170 2684 mini
1199 2651 1294 2685 nostri
1318 2649 1387 2684 lesu
1405 2649 1521 2684 Christi
1546 2648 1759 2692 exhortamur,
1786 2647 1843 2682 eis-

1886 2116 2017 2144 Praecipitat

1860 2147 1957 2168 omnibus
1971 2150 1993 2167 ut
2003 2152 2044 2167 no-

1860 2184 1906 2199 vum
1918 2178 1957 2198 hoc
1967 2179 2045 2199 decre-

1860 2212 1901 2230 tum
1921 2208 2042 2229 observem.
