2281 3251
139 236 187 262 Αη.
206 236 232 262 Ο,
254 236 318 262 Ηι85

165 542 287 564 Pubtvauo.

154 2132 273 2154 Exordium,

924 232 1092 256 INNOCEN'I'I
1099 234 1134 257 US
1156 234 1215 256 vni
1238 233 1285 256 1’1‘.

384 289 499 325 Datum
522 288 642 323 Romae
664 287 747 334 apud
770 287 804 322 S.
827 287 976 329 Petrum,
1002 300 1085 323 anno

333 338 561 376 Incarnationis
587 337 765 372 dominicae
799 337 969 372 millesimo
1006 349 1085 384 qua-

332 387 581 435 dringentesimo
604 386 818 432 octuagesimo
833 394 944 434 quarto
959 388 1022 431 (l),
1041 389 1085 421 15

332 437 481 473 kalendas
503 435 616 480 martii,
645 435 845 483 pontificatus
873 436 970 471 nostri
994 448 1043 470 au.
1061 449 1082 470 1.

380 487 475 522 Lecta
510 493 540 520 et
580 484 733 532 publicata
771 485 826 519 fuit
870 485 1083 532 suprascripta

330 535 415 571 bulla
442 535 562 570 Romae
600 534 629 568 in
663 533 856 569 Cancellaria
885 534 1082 581 Apostolica,

330 585 382 620 die
396 585 490 625 Iovis,
503 596 575 618 xvil
601 583 720 619 mensis
743 583 901 624 februarii,
918 596 1001 618 auno
1015 583 1080 618 Do-

329 635 406 670 mini
425 635 531 677 1485,
543 633 745 680 pontificatus
762 633 888 680 praefati
904 633 1080 669 Innocentii

329 683 433 732 Papae
453 682 537 724 VIII,
560 694 642 717 anno
663 694 685 717 1.

368 745 431 776 Dat.
451 746 498 776 die
515 746 550 775 17
570 745 712 776 februarii
731 745 817 783 1485,
833 748 912 785 pont.
928 753 1005 775 anno
1024 754 1041 775 i.

679 908 715 942 V.

330 992 444 1026 Contra
458 991 636 1035 accipientes
657 990 807 1024 bonorum
825 988 1037 1022 Ecclesiarum
1055 995 1081 1022 ee

376 1041 629 1074 monasteriorum
640 1038 951 1081 administrationem,
969 1038 1081 1083 absque

375 1090 465 1124 Sedis
487 1090 681 1134 Apostolicae
708 1089 843 1126 licentia,
865 1088 1019 1132 literisque
1041 1088 1080 1121 ab

375 1151 410 1173 ea
434 1139 634 1184 impetrandis
661 1138 785 1171 minime
806 1137 966 1182 expeditis

596 1223 812 1254 SUMMARIUM

324 1296 492 1328 Exordium.
517 1313 553 1317 —
585 1295 611 1324 1.
634 1294 803 1325 Bonisacius
826 1294 887 1324 Vlll
906 1295 1016 1332 statuit,
1043 1295 1079 1325 ad

364 1341 507 1371 beneficia
530 1348 744 1379 vquaecumque
767 1340 893 1379 promoti
921 1340 997 1379 apud
1023 1339 1078 1370 Se-

364 1386 429 1416 dem
449 1385 658 1425 Apostolicam,
677 1384 741 1414 sine
760 1384 892 1414 eiusdem
905 1384 1011 1422 literis,
1031 1394 1079 1414 eo-

363 1430 497 1460 rumdem
527 1429 739 1459 beneficiorum
771 1428 990 1467 possessionem
1019 1438 1078 1458 non

363 1474 537 1514 reciperent.
555 1490 594 1495 ——
617 1473 644 1503 Ξ.
664 1472 724 1502 Hoc
751 1473 828 1503 idem
857 1472 982 1502 firmavit
1006 1473 1077 1502 Ale-

364 1519 473 1549 xander
491 1518 523 1548 V.
550 1535 588 1540 —
608 1518 635 1548 3.
653 1517 704 1548 His
719 1526 786 1547 vero
805 1526 864 1547 non
882 1516 1078 1555 obstantibus,

362 1563 498 1594 nonnulli
520 1563 732 1600 fraudulenter,
751 1562 848 1592 adhuc
876 1562 1077 1601 provisionum

363 1608 457 1639 literis
473 1617 532 1638 non
548 1607 702 1647 expeditis,
720 1607 931 1637 beneficiorum
952 1616 1077 1646 posses-

363 1652 475 1683 sionem
499 1651 735 1692 appreheudunt.
760 1668 799 1673 —
825 1651 853 1681 4.
871 1650 973 1690 Itaque
991 1650 1079 1681 luno-

362 1698 476 1728 centius
504 1697 605 1727 statuit
638 1697 736 1736 (prout
758 1697 787 1726 in
809 1696 947 1734 rubrica),
970 1696 1077 1726 additis

361 1741 464 1781 poenis
488 1740 670 1780 privationis,
696 1739 950 1777 inhabilitationis,
974 1744 1024 1777 elc;
1039 1757 1078 1763 --

360 1786 388 1816 5.
406 1785 577 1816 Terminum
602 1785 735 1823 praefigit
757 1784 950 1821 beneficiatiS,
969 1785 1029 1824 qui,
1046 1790 1078 1815 ut

361 1839 460 1870 supra,
480 1839 512 1859 se
531 1829 742 1859 beneficiorum
757 1828 893 1867 regitnini
912 1829 1075 1867 ingessere3

362 1891 400 1898 —
417 1874 444 1905 6.
463 1873 657 1904 Obstantihus
676 1874 804 1912 derogat.

346 1950 519 1979 innocentius
537 1950 678 1986 episcopus
703 1956 800 1978 servus
824 1955 965 1978 servorum
983 1949 1045 1983 Dei,

471 2000 505 2028 ad
521 2000 680 2036 perpetuam
700 1999 740 2027 rei
755 1998 923 2027 memoriam.

371 2071 421 2107 Ad
444 2070 678 2106 reformandum
707 2070 995 2106 ecclesiasticorum
1012 2083 1076 2105 mo-

322 2134 372 2157 res
398 2129 428 2156 et
450 2129 538 2156 actus
573 2120 706 2155 coelitus
733 2120 836 2165 nobis,
858 2120 977 2155 meritis
1004 2120 1075 2155 licet

324 2170 602 2212 insufficientibus,
624 2169 734 2205 collata
763 2178 900 2217 potestas
928 2182 985 2205 nos
999 2169 1076 2204 hor-

323 2230 405 2257 tatur
426 2228 457 2255 et
479 2229 585 2267 urget,
608 2227 691 2255 ntea
709 2219 755 2254 eis
770 2219 956 2254 interdicere
974 2219 1075 2254 soler-

322 2270 392 2306 tiori
409 2270 570 2317 diligentia
581 2281 742 2313 curemus,
756 2269 786 2303 in
802 2269 919 2316 quibus
929 2268 1075 2317 frequen-

322 2321 385 2356 tius
407 2332 461 2355 eos
488 2319 652 2363 excedere,
681 2319 711 2352 in
739 2319 916 2353 animarum
945 2331 1073 2354 suarum

323 2369 497 2418 periculum
521 2376 552 2404 et
579 2368 805 2403 beneficiorum
840 2368 1074 2403 ecclesiastico-

324 2432 391 2454 rum
435 2418 674 2466 praeiudicium,
708 2417 832 2453 assidua
862 2417 1072 2465 plurimorum

323 2477 537 2504 insinuatione
559 2476 727 2502 sentimus.

370 2522 385 2562 ἓ
411 2521 441 2552 t.
470 2516 597 2552 Dudum
632 2516 790 2564 siquidem
820 2515 871 2550 sel.
895 2528 956 2551 rec.
974 2515 1074 2551 Boni-

357 2589 397 2623 (l)
416 2587 567 2622 Legendum
587 2589 692 2620 quinto,
712 2587 816 2620 eadem,
833 2594 912 2622 quam
932 2594 1011 2621 supra
1029 2587 1072 2614 di-

322 2629 420 2660 ximus,
437 2628 539 2654 ratione
558 2628 596 2662 (a.
611 2628 662 2662 τ.).

911 2670 951 2702 40

400 2671 474 2703 Ruti.
492 2671 570 2703 Rom.
592 2671 701 2711 Votflv.

1760 220 1830 252 315
1895 230 1947 257 An.
1965 229 1991 257 c.
2010 230 2076 258 11185

1127 288 1227 323 sacius
1248 288 1332 335 Papa
1354 295 1495 331 octavus,
1518 285 1746 333 praedecessor
1759 292 1878 329 noster,
1900 291 2075 313 Bomfaefu-Vffl

1128 339 1206 372 iuter
1233 338 1290 372 alia
1324 336 1430 372 statuit
1465 335 1550 383 quod
1590 334 1730 382 episcopi
1767 342 1798 369 et
1825 323 2077 379 atiifisslssf¹¹43302⁰⁴u¹3n⁰j

1127 387 1255 434 praelati
1278 386 1457 433 superiores
1473 397 1597 419 necnon
1621 384 1761 427 abbates,
1791 384 1878 429 prio-
1892 387 2037 434 ‘luffspjj’ffiffl
2056 391 2075 429 ³j

1782 433 1787 438 .
1827 432 1833 437 .
1891 420 1924 441 pur
1954 421 1963 434 «γ
1982 415 2065 441 emApo

1127 448 1175 471 res
1209 444 1240 471 et
1273 435 1385 471 caeteri
1426 434 1688 469 monasteriorum
1724 444 1876 479 regimina
1891 444 2002 478 sionem,
2030 446 2075 466 aa·

1126 493 1319 526 exercentes,
1342 495 1543 531 quocumque
1559 484 1685 518 nomine
1701 493 1877 517 censeren—
1891 476 2074 527 ξζῖζᾞζὲξωζξζ

1127 543 1188 579 tur,
1203 535 1256 582 qui
1279 535 1363 582 apud
1386 533 1725 580 SedemApostolicam
1748 542 1876 578 promo·
1890 538 2012 577 nervorum
2028 542 2074 563 pos-

1126 592 1283 629 verentur,
1311 591 1362 618 aut
1389 583 1679 626 confirmationem,
1706 572 2074 625 consecra-{22iss‘22ffi,¹'⁰⁰

1127 634 1241 668 tionem
1271 633 1316 667 vel
1345 632 1576 667 benedictionis
1605 643 1721 667 munus
1743 631 1876 677 recipe-

1126 690 1206 727 rent,
1233 682 1270 717 ad
1293 683 1479 717 commissas
1500 682 1546 716 eis
1573 681 1725 716 ecclesias
1746 688 1777 715 et
1804 692 1875 715 mo-

1125 731 1400 779 nasteria,absque
1416 732 1516 766 dictae
1532 731 1625 766 Sedis
1638 731 1748 775 literis,
1764 738 1874 765 eorum

1125 781 1369 828 promotionem,
1397 781 1683 823 confirmationem,
1705 792 1875 816 consecra-

1125 831 1238 866 tionem
1272 839 1303 866 et
1344 830 1597 866 benedictionem
1626 829 1873 872 continentibus,

1123 880 1284 925 accedere,
1318 881 1365 915 vel
1392 880 1549 916 bonorum
1585 879 1872 916 ecclesiasticorum

1123 929 1428 965 administrationem
1455 930 1601 977 accipere
1634 942 1697 964 non
1735 941 1874 976 praesu-

1124 987 1268 1020 merent,
1306 979 1448 1027 nullique
1484 991 1551 1023 eos,
1571 979 1691 1026 absque
1717 978 1872 1013 dictarum

1123 1028 1282 1063 literarum
1311 1029 1503 1063 exhibitione
1525 1036 1555 1063 et
1583 1028 1774 1068 ostensione,
1791 1027 1874 1063 reci-

1123 1085 1242 1124 perent,
1265 1086 1319 1112 aut
1348 1078 1393 1113 eis
1417 1086 1561 1125 parerent
1584 1077 1630 1112 vel
1653 1076 1872 1118 intenderent;

1122 1134 1153 1160 et
1175 1127 1200 1161 si
1223 1138 1315 1162 secus
1339 1134 1578 1174 praesumptum
1601 1127 1692 1172 foret,
1713 1126 1797 1173 quod
1818 1138 1875 1173 per

1122 1176 1306 1223 episcopos,
1331 1177 1496 1224 praelatos,
1526 1176 1671 1217 abbates,
1704 1176 1823 1222 priores
1844 1182 1875 1210 et

1122 1225 1199 1260 alios
1223 1234 1356 1261 monast.
1372 1226 1524 1273 regimina
1540 1234 1724 1260 exercentes
1741 1224 1873 1272 praedi-

1122 1282 1170 1308 cto
1193 1274 1297 1310 medio
1324 1284 1468 1324 tempore
1495 1283 1599 1310 actum
1627 1275 1719 1315 foret,
1750 1274 1874 1309 irritum

1121 1323 1306 1366 haberetur;
1334 1338 1391 1361 nec
1424 1325 1600 1373 quidquam
1638 1324 1761 1360 interim
1796 1323 1872 1358 dicti

1121 1374 1262 1421 episcopi
1287 1375 1332 1410 vel
1356 1375 1496 1423 praelati,
1518 1375 1659 1419 abbates,
1683 1374 1803 1421 priores
1826 1374 1873 1410 vel

1122 1425 1276 1471 regimina
1315 1433 1498 1461 exercentes
1533 1425 1572 1459 de
1607 1424 1810 1460 ecclesiarum
1843 1432 1875 1459 et

1123 1476 1386 1511 monasteriorum
1431 1474 1636 1522 proventibus
1674 1474 1874 1522 perciperent

1121 1526 1325 1566 eorumdem,
1359 1525 1494 1572 capitula
1521 1536 1595 1560 vero
1632 1531 1664 1558 et
1698 1531 1873 1560 conventus

1121 1576 1326 1610 ecclesiarum
1362 1583 1393 1609 et
1426 1574 1690 1610 monasteriorum
1730 1573 1871 1621 ipsorum

1121 1634 1150 1660 et
1183 1625 1235 1660 alii
1269 1625 1464 1672 quicumque
1496 1624 1595 1672 ipsos,
1618 1623 1738 1670 absque
1772 1621 1873 1658 dictae

1120 1674 1212 1710 Sedis
1250 1674 1368 1716 literis,
1391 1673 1580 1721 recipientes
1615 1673 1661 1707 vel
1689 1671 1873 1708 obedientes

1120 1724 1251 1768 eisdem,
1268 1724 1387 1760 tamdiu
1400 1723 1503 1758 forent
1518 1735 1534 1758 a
1552 1721 1781 1758 beneficiorum
1797 1733 1873 1757 suo-

1121 1786 1188 1808 rum
1203 1774 1361 1809 fructuum
1377 1773 1581 1821 perceptione
1597 1771 1754 1819 suspensi,
1770 1770 1873 1808 donec

1119 1835 1216 1871 super
1237 1824 1297 1858 hoc
1320 1823 1464 1858 eiusdem
1492 1822 1585 1858 Sedis
1606 1822 1738 1869 gratiam
1761 1833 1871 1857 mere—

1120 1881 1228 1909 rentur
1247 1873 1404 1908 obtinere.

1166 1927 1182 1966 g
1204 1927 1236 1957 2.
1261 1923 1299 1957 Et
1325 1921 1440 1957 deinde
1477 1921 1663 1957 recolendae
1697 1920 1870 1956 memoriae
1898 1937 1942 1960 noe
1964 1940 2019 1960 mem
2037 1940 2068 1961 nr.

1119 1972 1298 2008 Alexander
1330 1972 1414 2019 Papa
1448 1971 1492 2013 V,
1528 1971 1620 2006 etiam
1649 1970 1871 2018 praedecessor
1884 1970 2068 2021 muz-nma-

1119 2022 1286 2066 noster,de
1308 2022 1439 2057 fratrum
1462 2033 1591 2056 suorum
1604 2019 1638 2055 S.
1657 2019 1696 2054 R.
1712 2020 1750 2054 E.
1767 2020 1871 2055 cardi·
1884 2002 1922 2023 ω

1119 2077 1236 2112 nalium
1260 2075 1403 2117 consilio,
1418 2074 1625 2116 omnibus,de
1637 2086 1772 2122 quorum
1798 2086 1870 2122 per-

1117 2130 1215 2172 sonis,
1240 2129 1526 2178 patriarchalibus,
1554 2128 1805 2176 metropolitanis
1840 2137 1871 2165 et

1118 2185 1185 2220 aliis
1211 2183 1444 2220 cathedralibus
1467 2183 1611 2219 ecclesiis
1625 2191 1656 2218 et
1672 2183 1870 2219 monasteriis

1118 2252 1152 2275 ac
1174 2239 1436 2275 conventualibus
1466 2237 1664 2286 prioratibus,
1682 2238 1713 2272 in
1730 2237 1870 2282 titulum,

1117 2294 1419 2329 administrationem
1435 2292 1481 2328 vel
1500 2292 1721 2327 commendam
1743 2291 1870 2327 contin—

1117 2357 1202 2394 geret
1236 2347 1404 2395 provideri,
1428 2358 1486 2391 ne,
1508 2346 1605 2381 literis
1639 2358 1735 2393 super
1757 2346 1869 2381 huius-

1118 2402 1201 2437 modi
1226 2401 1459 2450 provisionibus
1483 2412 1543 2435 non
1567 2400 1734 2447 expeditis,
1762 2399 1867 2435 eccle—

1116 2457 1233 2491 siarum
1261 2464 1291 2491 et
1314 2454 1578 2490 monasteriorum
1608 2466 1643 2490 ac
1668 2454 1865 2501 prioratuum

1116 2510 1303 2545 eorumdem
1320 2508 1464 2556 regimini
1487 2521 1521 2544 se
1545 2508 1687 2555 ingerere
1711 2507 1867 2543 ullatenus

1118 2563 1546 2613 praesumerent,districtius
1568 2561 1803 2611 praecipienda,
1816 2561 1866 2597 in-

1117 2619 1229 2664 hibuit,
1252 2626 1345 2666 prout
1372 2617 1402 2653 in
1426 2617 1612 2654 eorumdem
1640 2616 1864 2665 praedecesso-
