2281 3251
224 240 276 269 ΑΒ.
293 242 323 270 C.
340 242 406 270 15¹5

248 1442 276 1463 De
298 1443 399 1463 simoniis.

476 233 547 266 580
1015 239 1203 263 numnius!
1228 237 1391 260 noussen

427 307 530 334 tamen
558 297 704 332 diurnam
724 295 839 336 lucem,
866 294 904 330 ad
933 293 1113 329 duodecim.
1129 293 1180 328 Li·
1201 295 1205 357 J
1225 291 1513 327 etiamliibernicis:
1529 290 1569 326 ita
1585 289 1856 339 quodillis,prout
1871 300 1982 324 eorum

426 348 526 383 centia
554 345 732 382 celebrandi
761 344 893 391 ubique,
920 344 957 378 ad
987 342 1183 378 novem.Li-
1227 350 1393 389 paupertas
1413 340 1652 388 indigentiaque
1675 339 1854 387 expostulet.
1872 346 1903 374 et
1932 350 1984 374 re·

427 398 528 432 centia
542 395 720 431 celebrandi
737 395 766 428 in
783 394 881 428 aliena
898 393 1047 435 dioecesi,
1062 392 1098 426 ad
1115 404 1180 426 sex.
1203 390 1204 403 ¹
1225 391 1348 438 quirat,
1375 390 1618 437 diligentissime
1641 389 1858 425 subveniatur.

429 445 568 480 Licentia
591 445 630 479 de
658 443 848 478 monasterio
876 442 913 477 ad
944 442 1181 486 monasterium,
1274 446 1289 484 ἕ
1320 442 1376 475 18.
1401 440 1640 475 I‘oenitentiarii
1670 440 1820 479 minores,
1844 438 1875 472 in
1903 448 1985 484 quo-

427 496 465 530 ad
489 503 634 542 quatuor,
649 493 687 527 dc
700 492 821 527 Ordine
840 491 876 526 ad
900 492 1067 535 Ordinem,
1094 490 1184 525 dum-
1227 502 1295 524 rum
1313 489 1518 536 negligentia,
1534 488 1641 524 fraude
1659 489 1705 524 vel
1722 487 1877 536 imperitia
1893 499 1985 535 aper·-

431 544 524 579 modo
541 545 571 578 in
595 555 632 578 eo
657 555 711 589 par
739 542 784 576 vel
807 542 922 576 arctior
949 541 1050 588 vigeat
1071 540 1184 575 obser·
1204 559 1206 567 ι
1227 548 1293 574 tum
1312 548 1340 574 et
1355 551 1449 586 grave
1464 538 1640 586 periculum
1663 546 1712 573 est
1733 539 1923 581 animarum,
1947 548 1985 570 ne

430 594 532 629 vantia
555 592 721 639 regularis,
743 591 780 626 ad
798 590 986 631 duodecim;
1008 603 1063 638 pro
1082 599 1185 625 trans-
1228 590 1343 636 pariter
1370 601 1442 623 cum
1466 601 1500 624 se
1527 588 1724 623 adeuntibus
1751 588 1782 622 in
1805 587 1985 634 geliennam

430 644 498 678 latis
520 643 559 677 de
582 642 662 676 sacto
689 641 727 675 ad
757 641 898 675 latiorem
914 668 922 683 ,
945 640 982 674 ad
1005 640 1126 687 viginti.
1150 639 1182 675 Si
1204 638 1207 668 l
1229 647 1347 684 ruant,
1373 639 1413 674 ab
1440 637 1627 673 intolerabili
1655 637 1756 672 abusu
1784 646 1814 672 et
1843 648 1986 684 perversa

431 706 502 727 vei-0
522 692 600 728 tales
617 691 723 726 toluut
740 703 808 725 esse
831 702 963 737 capaces
982 689 1185 724 administra-

432 745 567 783 tionum,
590 740 765 776 dummodo
785 739 890 778 detur,
919 739 977 773 nisi
1004 752 1059 786 per
1086 740 1186 786 signa-

431 801 530 827 turam
547 790 651 837 Papae
675 790 767 824 l'ucrit
783 790 852 823 data
870 789 1031 824 translatio
1047 789 1116 823 sine
1130 802 1186 836 spe
1205 771 1208 815 l

431 841 670 883 beneficiorum,
693 839 730 874 ad
756 840 893 885 triginta.
917 838 1059 874 Licentia
1081 839 1184 873 standi
1204 818 1210 1116 ἱ

430 899 514 925 extra
529 890 752 925 monasterium
763 917 771 933 ,
785 890 823 923 dc
838 890 886 923 sui
902 889 1075 936 superioris
1087 888 1185 924 licen—

432 941 468 974 tia
492 948 523 976 et
551 952 586 975 ea
613 939 746 974 durante
773 951 810 973 ex
839 939 988 985 legitimis
1010 939 1126 983 causis,
1149 939 1184 972 ad

430 989 611 1025 duodecim.
629 989 770 1024 Licentia
789 988 926 1023 exeundi
944 997 1086 1035 tempore
1106 988 1188 1023 iulii·-

430 1039 558 1083 mitatis,
581 1039 617 1074 ad
637 1039 860 1079 duodecim;et
874 1038 898 1073 si
923 1038 1187 1085 praecedentibus

430 1090 565 1125 licentiis
604 1088 738 1124 addatur
765 1088 944 1123 assistentia
971 1088 1126 1132 iudicum,
1148 1088 1185 1123 ad

429 1151 494 1174 sex.
522 1138 664 1173 Licentia
692 1138 872 1173 celebrandi
894 1138 924 1172 in
952 1137 1093 1185 cappella
1113 1151 1185 1172 cum

427 1188 533 1236 aliquo
552 1188 640 1224 altari
672 1188 807 1235 portatili
826 1215 835 1232 ,
862 1188 900 1222 ad
928 1187 1108 1222 duodecim.
1132 1187 1187 1222 Li-

428 1238 530 1273 centia
543 1237 739 1284 ingrediendi
752 1237 975 1272 monasterium
992 1237 1187 1282 monialium,

429 1288 522 1322 etiam
540 1287 674 1323 Sanctae
683 1287 928 1335 Clarae‚quater
943 1287 972 1321 in
989 1299 1084 1331 anno,
1099 1287 1188 1322 dum-

430 1337 525 1372 modo
549 1349 610 1371 uon
641 1345 842 1384 pernoctent,
869 1337 906 1372 ad
930 1337 1112 1372 duodecim.

479 1390 500 1433 5
529 1389 584 1420 17.
597 1386 764 1421 Absolutio
779 1399 794 1421 a
809 1387 957 1426 simonia,
972 1386 1010 1421 ad
1025 1399 1098 1427 sex3
1115 1399 1186 1422 cum

430 1437 671 1483 dispensatione
693 1448 791 1483 super
813 1436 1055 1482 irregularitate,
1069 1436 1107 1471 ad
1125 1436 1186 1471 de-

431 1498 499 1520 cem
519 1495 548 1520 et
576 1494 658 1527 octo;
680 1493 711 1521 et
732 1486 757 1519 si
776 1498 849 1521 cum
875 1486 1063 1525 retentione,
1076 1486 1115 1521 ad
1145 1486 1189 1520 ri-

431 1535 523 1582 ginti;
537 1545 568 1571 et
590 1537 702 1570 sicum
721 1535 975 1571 reliabilitatione
986 1536 1023 1570 ad
1039 1535 1098 1571 alia
1113 1535 1190 1571 obti-

432 1585 546 1627 nenda,
574 1586 611 1620 ad
635 1585 772 1632 triginta.
801 1585 835 1621 Si
863 1585 893 1620 in
922 1585 1103 1620 evidentem
1127 1585 1189 1620 uti-

432 1635 743 1680 litatem,dummodo
758 1647 875 1671 census
889 1648 1013 1671 annuus
1030 1648 1091 1670 non
1109 1643 1190 1670 tran-

431 1685 562 1720 scendat
581 1685 714 1720 ducatos
741 1686 896 1733 quinque,
918 1685 957 1721 ad
977 1693 1109 1733 septem.
1126 1685 1189 1720 Pro

431 1733 574 1770 Haeticis
600 1735 813 1774 scismaticis,
841 1735 912 1770 filiis
938 1743 992 1770 aut
1019 1735 1189 1782 nepotibus

433 1796 649 1819 marranorum
660 1793 914 1832 nuncupatorum
927 1793 1189 1821 taxantur-secun·

433 1833 509 1868 dum
527 1846 637 1869 eorum
663 1835 842 1881 petitioneS,
860 1842 892 1869 et
914 1834 1119 1870 moderantur
1135 1847 1190 1882 pro

434 1883 563 1919 arbitrio
575 1884 718 1919 eiusdem
736 1884 921 1919 correctoris
944 1884 1127 1919 huiusmodi
1144 1893 1192 1919 ta-

434 1945 503 1975 xae,
519 1933 677 1979 videlicet,
693 1946 750 1981 pro
772 1933 916 1978 laicis,ad
933 1933 1190 1981 vigintiquatuor-3

435 1991 529 2030 etpro
538 1983 662 2019 clericis
678 1983 856 2018 volentibus
872 1984 1049 2031 promoveri
1064 1992 1093 2019 et
1107 1996 1192 2031 pres-

436 2032 553 2081 byteris
567 2060 576 2078 ,
597 2033 635 2068 ad
660 2033 784 2080 triginta
801 2046 866 2075 scx3
883 2041 913 2068 et
941 2033 1104 2068 mittantur
1126 2034 1193 2069 lite-

436 2099 489 2122 rae
511 2087 549 2122 ad
577 2087 697 2123 dictum
723 2087 890 2123 datarium.
914 2088 953 2123 Et
981 2099 1094 2123 omnes
1114 2088 1193 2124 aliae

440 2142 599 2187 materiae,
622 2155 703 2190 quae
716 2142 930 2190 expediuntur
949 2155 1004 2190 per
1020 2142 1193 2178 Poeniten—

438 2196 562 2231 tiariam
580 2196 619 2232 de
642 2197 782 2244 speciali,
809 2197 848 2232 ad
871 2209 938 2239 sex,
960 2205 990 2232 et
1012 2196 1050 2232 de
1065 2196 1192 2244 speciali

439 2259 468 2286 et
483 2263 645 2299 expresso,
666 2251 705 2286 ad
721 2252 902 2287 duodecim.
925 2252 1105 2297 Postremo,
1120 2264 1192 2287 cum

438 2305 490 2340 alii
520 2305 627 2353 plures
654 2318 745 2342 casus
767 2306 797 2341 in
821 2306 889 2342 dies
910 2314 1086 2353 emergant,
1110 2306 1194 2340 iuxta

439 2359 519 2394 etad
535 2360 686 2395 rationem
704 2360 972 2408 praecedentium,
985 2373 1040 2408 per
1051 2360 1192 2395 eiusdem

439 2413 532 2449 officii
561 2423 754 2450 correctores
788 2423 877 2450 taxae
909 2415 1136 2457 moderentur,
1166 2424 1195 2452 et

440 2467 580 2504 officium
603 2481 641 2504 ex
670 2482 724 2505 sua
752 2469 946 2517 benignitate
966 2477 995 2505 et
1014 2469 1195 2514 elementia,

441 2531 471 2558 ct
484 2524 681 2571 saepissime,
701 2533 734 2559 ut
758 2523 930 2572 plurimum
955 2532 1095 2559 taxarum
1111 2523 1197 2570 rigo-

442 2589 508 2613 rem
531 2586 698 2627 temperet,
724 2587 754 2614 et
783 2580 952 2627 praecipue
979 2591 1016 2614 ac
1037 2578 1198 2625 signanter

444 2644 499 2680 pro
513 2633 730 2680 praesentibus
743 2645 778 2669 ac
792 2633 1024 2670 miserabilibus
1040 2633 1198 2682 personis,

1229 689 1355 724 licentia
1376 688 1555 728 revocandi,
1569 696 1598 723 et
1615 687 1695 722 intra
1719 686 1850 734 pudoris
1864 698 1900 721 ac
1916 697 1987 721 mo-

1228 738 1347 773 destiae
1369 747 1457 785 septa
1486 737 1654 773 coercendi
1674 744 1759 772 sunt.
1775 735 1875 770 Nemo
1892 736 1988 782 igitur

1229 801 1264 822 cx
1282 789 1339 832 eis,
1356 789 1414 823 nisi
1437 788 1528 834 plane
1550 786 1712 823 sufficiens
1735 794 1765 821 et
1784 784 1988 833 qualitatibus

1230 850 1285 885 per
1306 839 1552 873 constitutiones
1574 836 1737 884 requisitis
1752 834 1928 884 praeditus,
1949 834 1987 870 ad

1229 888 1367 923 ollicium
1391 887 1429 923 de
1456 895 1560 923 cetero
1587 887 1769 934 recipiatur,
1788 893 1819 920 et
1843 898 1880 920 ex
1902 884 1988 920 omni

1229 938 1356 985 quidem
1376 938 1502 973 natione
1520 937 1591 972 hoc.
1615 937 1648 972 Si
1663 937 1718 983 qui
1742 936 1821 971 forte
1843 947 1881 970 ex
1898 946 1990 983 prae-

1229 988 1374 1022 sentibus
1391 1000 1451 1023 non
1477 996 1570 1022 erunt
1593 986 1681 1030 tales,
1696 986 1837 1032 diligenti
1853 997 1908 1032 per
1922 996 1990 1019 ma-

1230 1038 1326 1073 iorem
1346 1037 1628 1085 poenitentiarium
1647 1036 1791 1071 examine
1805 1035 1926 1079 liabito,
1942 1033 1989 1069 vel

1230 1096 1452 1122 removeantur
1466 1087 1596 1122 omnino
1616 1085 1662 1121 vel
1680 1098 1734 1133 per
1746 1097 1847 1120 annos
1861 1084 1991 1132 aliquot,

1230 1146 1382 1184 quantum
1412 1137 1562 1184 expedire
1585 1136 1686 1171 visum
1711 1135 1816 1179 fuerit,
1843 1134 1882 1169 ab
1897 1146 1990 1169 exer-

1231 1187 1305 1222 citio
1328 1186 1512 1221 huiusmodi
1536 1185 1789 1233 suspendantur;
1804 1184 1872 1220 etsi
1892 1183 1992 1218 dein-

1230 1250 1304 1283 ceps
1319 1236 1485 1283 contigerit
1500 1236 1639 1284 aliquem
1660 1248 1722 1270 nou
1740 1235 1889 1270 idoneum
1905 1233 1990 1279 eligi,

1230 1287 1323 1321 etiam
1339 1287 1364 1321 si
1381 1286 1564 1321 mandatum
1580 1285 1728 1325 babeat‚a
1740 1284 1831 1319 nobis
1854 1283 1901 1318 vel
1916 1295 1991 1317 suc-

1231 1336 1412 1372 cessoribus
1426 1336 1542 1371 nostris
1553 1334 1708 1370 Romanis
1716 1333 1925 1369 Pontificibus
1937 1332 1993 1367 im-

1232 1386 1422 1434 portunitate
1442 1394 1614 1429 extortum,
1636 1394 1742 1420 tamen
1771 1383 1859 1418 illum
1877 1383 1992 1429 poeni-

1231 1436 1395 1471 tentiarius
1423 1436 1522 1470 maior
1548 1434 1715 1470 admittere
1744 1445 1807 1468 uon
1836 1441 1991 1473 teneatur,

1234 1487 1292 1520 nisi
1309 1486 1400 1520 nobis
1415 1485 1461 1520 vel
1477 1484 1721 1519 successoribus
1736 1482 1907 1531 praedictis
1922 1492 1992 1517 ante

1231 1535 1396 1570 consultis.
1427 1535 1616 1569 Abstineant
1644 1533 1740 1568 iidem
1773 1546 1790 1568 a
1820 1532 1934 1568 vilibus
1961 1540 1991 1566 et

1231 1585 1451 1620 saecularibus
1473 1585 1647 1629 exercitiis,
1671 1595 1722 1628 ne,
1746 1583 1820 1618 dum
1839 1581 1993 1630 pecuniae

1232 1634 1382 1670 studeant
1396 1644 1425 1670 et
1439 1634 1578 1670 sordidis
1594 1634 1716 1668 inhiant
1735 1633 1842 1674 lucris,
1854 1634 1991 1668 animam

1234 1685 1318 1732 turpi
1341 1693 1371 1720 et
1402 1684 1541 1719 infraena
1575 1683 1720 1719 ariditate
1743 1681 1990 1723 commactilen13

1234 1735 1352 1779 babitu,
1370 1734 1483 1775 verbis,
1504 1735 1628 1768 incessu
1646 1733 1784 1768 debitam
1809 1732 1991 1779 gravitatem

1235 1785 1514 1832 praedecessorum
1530 1795 1663 1819 suorum
1687 1781 1822 1818 referant
1838 1791 1867 1817 et
1880 1781 1993 1817 obser-

1235 1843 1319 1876 rent;
1344 1846 1497 1881 pauperes
1520 1845 1582 1868 non
1610 1840 1805 1873 aversentur,
1834 1844 1892 1867 nec
1913 1843 1993 1866 con-

1235 1884 1396 1919 fitentibus
1416 1891 1540 1931 praeter
1556 1883 1685 1918 modum
1700 1891 1921 1926 succenseant,
1935 1881 1990 1916 scd

1236 1934 1390 1981 patienter
1402 1933 1528 1968 auditos
1544 1932 1572 1967 in
1589 1932 1740 1980 optimam
1757 1944 1847 1979 spem
1860 1931 1918 1966 Dei
1935 1931 1991 1965 mi-

1235 1983 1424 2019 sericordiae
1434 1983 1567 2030 erigant,
1580 1994 1640 2017 nec
1657 1982 1807 2029 pecunias
1817 1993 1872 2029 pro
1886 1980 1993 2015 missis

1235 2033 1434 2069 celebrandis
1449 2033 1487 2068 ab
1501 2033 1546 2068 eis
1561 2032 1727 2079 recipiant,
1745 2043 1802 2067 nec
1817 2030 1992 2079 quidquam

1235 2088 1365 2124 omuino
1387 2087 1426 2123 ab
1449 2087 1570 2123 eisdem
1593 2086 1762 2135 petantvel
1778 2086 1917 2133 exigant,
1934 2084 1994 2120 sub

1236 2142 1578 2178 excommunicationis
1609 2153 1709 2189 poena
1738 2149 1769 2176 et
1796 2139 1992 2188 privationis,

1236 2196 1290 2232 sed
1314 2196 1416 2231 oblata
1442 2196 1501 2231 sibi
1531 2196 1560 2231 in
1584 2196 1646 2231 fine
1668 2194 1878 2231 confessionis
1905 2205 1992 2242 qua-

1236 2251 1396 2299 licumque
1418 2252 1617 2300 eleemosyna
1644 2250 1784 2286 coutenti
1807 2250 1954 2291 existant;
1976 2261 1994 2284 a

1237 2306 1364 2341 casibus
1385 2305 1431 2341 eis
1454 2318 1514 2341 non
1543 2304 1706 2352 permissis
1728 2304 1916 2339 confitentes
1939 2303 1996 2338 mi-

1239 2361 1321 2395 nime
1336 2360 1510 2405 absolvant,
1523 2360 1590 2395 etin
1607 2359 1732 2407 publice
1755 2358 1994 2405 poenitentibus

1238 2414 1439 2449 absolvendis
1454 2414 1599 2461 antiquas
1610 2412 1858 2448 consuetudines
1872 2420 1903 2447 et
1916 2412 1995 2447 ritus

1238 2481 1346 2503 serere
1362 2466 1546 2504 observent.v
1560 2467 1767 2511 Substitutos,
1781 2474 1903 2514 praeter
1921 2477 1996 2513 pau-

1239 2536 1292 2558 cos
1308 2523 1377 2558 illos
1397 2524 1451 2571 qui
1466 2535 1522 2571 pro
1538 2522 1653 2569 linguis
1668 2533 1698 2556 et
1710 2520 1890 2556 nationibus
1901 2520 1995 2555 variis

1240 2577 1365 2612 assidue
1381 2577 1546 2613 necessarii
1562 2584 1646 2616 sunt,
1670 2574 1757 2610 nullo
1786 2582 1875 2621 pacto
1890 2573 1995 2622 depu-

1241 2639 1317 2678 tent,
1337 2632 1396 2667 nisi
1427 2632 1456 2666 in
1474 2630 1702 2679 principalibus
1725 2629 1812 2667 sestis
1827 2636 1858 2666 ct
1871 2628 1994 2665 hebdo-

1997 232 2048 259 Αη.
2065 231 2095 259 C.
2113 231 2182 260 tut-⁷»

2013 447 2175 468 rennuenti-ru

2040 483 2140 499 minore}-
