2281 3251
105 277 154 302 An.
174 274 202 300 C.
221 273 289 299 ttt7u

935 274 1054 297 PAVLUS
1077 275 1098 297 ΙΙ
1130 276 1175 296 l'l'.

306 340 390 362 mum
429 327 512 362 diem
550 328 650 374 fugaci
692 328 841 374 temporis
879 329 1052 363 mobilitate

307 384 454 423 raptatur.
476 375 610 411 Provide
632 376 746 411 deinde
769 377 968 412 considerem
991 386 1053 412 tre-

306 424 410 460 mendi
431 425 538 460 iudicii
559 425 656 468 diem,
678 425 708 460 in
723 438 783 472 qua
806 427 961 466 omnium,
984 440 1053 472 quse

306 474 336 508 in
363 486 494 521 corpore
521 475 689 520 gessimus,
705 483 735 509 et
756 475 820 510 sive
844 475 960 510 bonum
985 476 1053 511 fue-

307 523 344 558 rit
369 523 434 558 sive
463 523 591 565 malum,
620 523 770 558 reddituri
803 524 922 559 erimus
954 526 1053 560 ratio-

306 584 390 617 nem,
412 581 443 607 et
460 572 580 619 absque
599 574 827 618 provocationis
847 574 956 609 effectu
973 575 1054 621 quis·

305 633 366 667 que
404 622 561 668 propriam
598 622 777 657 mercedem
813 623 966 670 accipiet,
1001 632 1053 657 aut

305 678 451 705 aeternae
471 669 670 705 beatitudinis
694 672 843 718 praemia,
870 681 923 706 aut
945 673 1053 706 mortis

306 727 476 766 perpetuae
510 727 540 754 et
562 718 772 755 damnationis
798 729 942 756 aeternae
975 735 1053 767 sup-

306 768 406 814 plicia,
428 767 546 815 quibus
568 769 707 804 secunda
731 782 816 804 mors
839 770 930 804 linem
956 770 1053 817 impo-

305 829 379 852 nere
401 825 501 852 autea
525 817 668 863 mitigare
685 818 844 864 nequibit3
861 828 891 853 et
915 819 1052 862 tandem,

304 878 375 900 cum
393 866 432 900 ita
454 866 504 906 sit,
521 866 663 913 nihilque
687 867 797 901 babeat
816 867 952 902 humana
975 880 1053 902 mor-

305 914 403 949 talitas
438 915 520 961 quod
557 915 709 950 bonorum
739 917 879 951 omnium
899 916 1052 963 Largitori

304 963 399 1010 digne
428 964 599 1004 retribuere
629 966 727 1011 possit
755 969 844 1008 (cum
870 965 992 999 nullum
1022 966 1051 999 in

304 1025 336 1046 se
360 1012 476 1047 bonum
501 1013 648 1057 inveniat,
671 1014 754 1060 quod
775 1027 836 1049 non
862 1014 901 1048 sit
923 1014 950 1048 ei
975 1013 1053 1048 libe-

305 1061 408 1096 raliter
438 1074 454 1096 a
484 1061 552 1096 Deo
573 1062 747 1106 collatum),
771 1072 802 1097 ut
829 1063 937 1097 mortis
960 1063 1053 1097 huius

303 1118 333 1144 et
351 1110 561 1145 damnationis
583 1111 769 1146 detrimenta
792 1112 919 1156 evitent,
942 1112 990 1145 his
1011 1120 1053 1146 at-

304 1171 366 1206 que
392 1159 462 1194 aliis
484 1161 651 1195 meritoriis
673 1161 822 1207 operibus
851 1168 975 1207 peccata
998 1174 1052 1194 sua

303 1208 388 1243 omni
411 1221 447 1243 ex
476 1217 562 1255 parte
589 1209 737 1244 studeant
763 1211 898 1257 expiare,
926 1218 961 1243 ut
991 1209 1052 1244 sal-

304 1265 364 1292 tern
390 1270 444 1304 per
471 1258 548 1292 baec
571 1258 672 1293 media
701 1266 794 1305 atque
827 1259 1051 1293 remissionum

302 1313 333 1341 et
354 1306 621 1353 indulgentiarum
638 1307 837 1354 largitionem
856 1308 1052 1351 huiusmodi,

301 1355 417 1402 quibus
458 1356 655 1391 christicolas
693 1369 820 1397 omnes,
850 1357 941 1391 veluti
983 1357 1052 1392 data

302 1416 409 1445 manu,
437 1405 474 1439 ad
502 1405 632 1440 salutem
666 1414 849 1452 perpetuam
872 1406 1052 1450 invitamus,

300 1465 336 1488 ac
362 1462 542 1490 sanctorum
572 1454 693 1489 meritis
714 1463 745 1489 et
769 1455 1052 1490 intercessionibus

301 1502 410 1548 adiuti,
432 1504 470 1538 ad
497 1514 654 1539 aeternam
683 1516 860 1539 mereamur
882 1504 1052 1540 beatitudi-

301 1564 373 1587 nem
407 1554 579 1599 pervenire.
603 1552 786 1600 Suscipiant
818 1554 911 1588 etiam
945 1555 1051 1588 cuncti

302 1601 374 1636 fidei
401 1602 573 1637 catholicae
597 1603 790 1649 professores
813 1604 907 1650 patris
934 1603 1051 1638 monita

301 1659 332 1685 et
353 1651 490 1686 instituta
519 1652 640 1695 salutis,
669 1659 762 1699 atque
786 1653 955 1699 praecipua
979 1665 1051 1687 cum

301 1700 504 1741 exultatione,
527 1701 562 1735 ad
579 1701 827 1748 praeparandum
853 1702 909 1735 iter
932 1702 990 1736 sibi
1013 1702 1051 1736 ad

301 1749 432 1795 gloriani
456 1751 760 1797 sempiternam,has
777 1751 995 1785 remissionum
1018 1763 1051 1785 ac

302 1798 567 1844 indulgentiarum
600 1800 716 1846 gratias
745 1800 940 1839 uberrimas,
975 1812 1052 1846 quas

302 1859 370 1888 nos,
399 1848 519 1883 illarum
548 1849 782 1895 dispensatores
814 1849 947 1895 indigni,
971 1858 1051 1883 tam-

300 1908 393 1942 quam
408 1897 480 1932 Iesu
497 1898 612 1932 Christi
629 1899 772 1936 vicarius,
792 1898 830 1932 de
845 1907 1052 1932 sacrosanctae

299 1944 462 1981 Romanae
484 1946 643 1981 Ecclesiae
666 1947 821 1981 thesauris
853 1947 1051 1987 exhibemus,

302 2003 336 2029 ut
369 1995 511 2041 ipsorum
545 1997 677 2035 animas,
701 1996 740 2030 ab
768 1996 867 2030 hostis
901 1997 1048 2030 teterrimi

302 2052 455 2090 potestate
473 2053 613 2091 ereptas,
633 2045 801 2080 immortali
825 2045 891 2079 Deo
908 2045 1049 2080 Creatori

302 2105 420 2137 nostro,
442 2098 532 2132 sicuti
558 2099 712 2146 supremis
735 2098 954 2134 desideramus
977 2100 1051 2134 all'e-

300 2149 414 2192 ctibus⁷
437 2151 598 2195 exhibere,
621 2159 651 2186 et
669 2163 727 2186 nos
748 2165 821 2186 cum
848 2152 893 2186 eis
916 2165 1051 2199 superna

302 2203 493 2240 beatitudine
516 2205 632 2252 perfrui
660 2205 830 2241 valeamus.
855 2205 969 2241 Amen.

350 2257 434 2293 Nulli
458 2271 533 2306 ergo
554 2268 607 2294 etc.

351 2312 384 2347 Si
411 2314 482 2359 quis
504 2321 610 2348 autem
633 2322 685 2348 etc.

350 2366 466 2402 Datum
484 2367 605 2402 Romae
627 2368 709 2415 apud
734 2368 886 2403 Sanctum
911 2368 1051 2410 Petrum,

302 2433 384 2456 anno
410 2434 425 2456 a
449 2422 608 2457 nativitate
631 2422 769 2457 eiusdem
798 2423 924 2456 Domini
952 2423 1052 2457 mille-

303 2474 383 2509 simo
401 2475 711 2521 quadringentesimo
727 2477 971 2523 septuagesimo,
995 2485 1050 2510 ter-

303 2528 471 2563 tiodecimo
486 2527 635 2563 kalendas
657 2529 747 2573 maii,
771 2529 970 2576 pontificatus
995 2542 1051 2564 uo-

302 2581 357 2616 stri
383 2594 466 2618 anno
490 2594 534 2616 vi.

362 2642 423 2673 Dat.
443 2644 479 2674 19
502 2644 603 2684 aprilis
627 2645 709 2682 1470,
732 2645 834 2685 pontif.
854 2653 929 2674 anuo
952 2653 989 2674 w.

1339 330 1515 379 SlXTUS
1550 331 1596 379 tv
1726 266 1794 299 200

1352 426 1447 456 PAPA
1469 426 1570 456 CCXIV

1203 500 1294 532 Anno
1319 499 1447 532 Domini
1475 499 1735 533 MGCCGLXXI.

1095 589 1214 654 Sinus
1250 619 1302 663 lV,
1341 627 1428 654 antea
1451 619 1638 655 Franciscus
1666 619 1847 665 Roboreus,

1097 669 1192 714 patria
1220 668 1423 708 Savonensis,
1446 681 1483 704 ex
1500 668 1621 704 Ordine
1643 669 1773 704 fratrum
1791 669 1847 704 Mi-

1096 729 1205 751 norum
1229 717 1262 752 S.
1291 718 1463 760 Francisci,
1492 718 1525 752 S.
1555 718 1594 752 R.
1617 718 1655 752 E.
1685 717 1848 766 presbyter

1095 766 1262 801 cardinalis
1315 767 1396 801 tituli
1432 767 1465 801 S.
1505 766 1589 801 Petri
1628 767 1665 802 ad
1703 766 1846 807 Vincula,

1095 815 1214 850 electus
1236 824 1281 850 est
1299 816 1328 849 in
1351 816 1530 850 Romanum
1554 815 1741 851 Pontificem
1760 815 1810 850 die
1825 817 1846 850 9

1094 865 1216 909 augusti
1243 867 1350 904 1471,
1372 873 1402 899 et
1418 865 1468 900 die
1490 867 1536 900 25
1560 865 1703 900 eiusdem
1721 864 1755 899 S.
1775 865 1847 899 Bar·

1097 913 1274 947 tholomaeo
1297 926 1385 948 sacro
1407 915 1455 956 (l)
1481 914 1650 960 pontificali
1680 921 1849 948 coronatur

1096 962 1204 996 thiara.
1228 962 1318 997 Sedit
1338 963 1367 996 in
1387 962 1423 996 B.
1444 963 1526 996 Petri
1550 963 1634 997 Sede
1652 974 1753 997 annos
1772 974 1847 1006 xm,

1095 1010 1160 1045 dies
1174 1023 1220 1055 lv,
1235 1018 1264 1045 et
1279 1021 1348 1046 octo
1366 1011 1619 1058 promotionibus
1634 1023 1738 1046 xxxiv
1759 1023 1848 1046 crea·-

1097 1060 1137 1093 rit
1169 1060 1343 1094 cardinales
1379 1060 1577 1107 temporibus
1612 1059 1765 1094 Friderici
1802 1059 1848 1094 ‘lll

1096 1109 1306 1155 imperatoris.
1329 1108 1417 1143 Obiit
1439 1110 1491 1144 die
1522 1113 1565 1144 15
1588 1109 1715 1154 augusti
1741 1111 1848 1153 1484,

1095 1165 1123 1191 et
1146 1158 1291 1204 sepultus
1314 1165 1362 1193 est
1384 1158 1413 1192 in
1437 1157 1566 1193 basilica
1592 1158 1626 1193 S.
1656 1157 1755 1193 Petri.
1778 1157 1848 1193 Va—

1095 1207 1174 1241 ravit
1200 1206 1301 1242 Sedes
1327 1208 1396 1242 dies
1422 1219 1467 1241 xv
1490 1209 1548 1251 (Ξ).

1454 1372 1478 1406 Ι.

1097 1444 1266 1488 Privileqia
1292 1445 1481 1478 thesaurarii
1517 1451 1543 1477 ec
1570 1445 1750 1479 clericorum
1785 1455 1847 1478 rev.

1146 1494 1290 1527 Gamerae
1322 1495 1528 1538 Apostoli'cae,
1550 1505 1676 1528 suorum
1707 1500 1848 1539 nepotum

1142 1549 1170 1576 et
1191 1543 1398 1587 familiarium
1420 1545 1476 1586 (5).

1361 1621 1573 1652 SUMMARIUM

1097 1687 1283 1717 l‘rooemium.
1312 1705 1350 1711 —
1383 1689 1408 1717 1.
1431 1688 1502 1727 Eug.
1525 1688 1570 1725 lv,
1591 1688 1653 1718 Nic.
1675 1688 1697 1718 V
1725 1692 1753 1718 et
1779 1688 1848 1719 Cal—

1134 1732 1193 1761 list.
1224 1732 1260 1762 lll
1292 1737 1458 1762 statuerunt
1491 1733 1580 1762 multa
1609 1733 1686 1762 circa
1716 1733 1848 1771 regimen

1133 1775 1282 1805 Gamerae.
1314 1794 1353 1799 —
1384 1778 1411 1806 2.
1434 1777 1487 1806 Hic
1511 1777 1597 1807 modo
1626 1776 1760 1806 Pontifex
1780 1777 1847 1806 illas

1134 1819 1232 1849 bullas
1252 1821 1416 1857 confirmat3
1433 1837 1471 1842 —
1489 1821 1516 1850 3.
1532 1820 1669 1860 Suosque
1686 1821 1848 1850 familiares

1133 1868 1255 1893 etveros
1270 1865 1461 1903 cappellanos
1481 1864 1565 1894 Sedis
1577 1865 1764 1904 Apostolicae
1782 1873 1848 1894 esse

1133 1907 1263 1937 declarat
1276 1909 1492 1938 thesaurarium
1506 1908 1849 1945 etelericosd.Camerae;

1132 1968 1171 1973 —
1191 1952 1220 1981 4.
1243 1952 1447 1991 Expeditiones
1477 1952 1615 1981 Gamerae
1639 1956 1667 1981 et
1693 1951 1848 1981 Cancella-

1133 1996 1194 2024 riae
1215 2005 1264 2034 pro
1284 1997 1326 2025 eis
1356 2001 1383 2026 ct
1406 2005 1507 2025 eorum
1528 1996 1686 2034 nepotibus
1706 2005 1738 2025 ac
1758 1995 1847 2024 fami-

1134 2039 1257 2068 liaribus
1277 2040 1367 2077 gratis
1388 2040 1457 2069 (lare
1481 2041 1632 2078 praecipit.
1655 2057 1692 2062 —
1715 2040 1741 2069 5.
1771 2039 1846 2068 Exe-

1133 2088 1249 2113 cutores
1270 2084 1358 2113 huius
1382 2084 1481 2113 bullae
1504 2085 1632 2123 deputat.

1109 2150 1203 2178 sixtus
1222 2150 1293 2186 Papa
1316 2151 1347 2178 tv
1368 2151 1401 2178 ad
1420 2152 1582 2186 perpetuam
1602 2150 1643 2178 rei
1662 2151 1830 2179 memoriam.

1142 2213 1358 2259 Dispositione
1381 2213 1497 2254 divina,
1513 2213 1656 2260 quamvis
1683 2213 1845 2254 immeriti,

1094 2263 1179 2308 gregi
1220 2262 1377 2297 dominico
1421 2271 1451 2296 ct
1490 2262 1706 2297 ecclesiastico
1749 2263 1844 2298 statui

1096 2311 1331 2356 praesidentes,
1372 2312 1453 2346 inter
1488 2312 1585 2346 nostri
1623 2312 1716 2346 officii
1753 2324 1846 2347 curas

1096 2361 1286 2407 multiplices
1315 2361 1405 2395 nohis
1432 2361 1648 2402 imminentes,
1684 2361 1846 2396 Romanae

1096 2410 1208 2444 Curiae
1236 2418 1266 2445 et
1293 2410 1494 2456 Apostolicae
1533 2410 1627 2445 Sedis
1663 2410 1844 2445 officialium

1095 2468 1212 2499 s'atus,
1237 2460 1375 2505 regimen
1416 2467 1446 2493 et
1482 2460 1668 2505 gubernatio
1702 2467 1843 2494 nostrum

1130 2530 1167 2563 (l)
1187 2530 1222 2555 lta
1245 2530 1375 2555 lnt‘essura
1403 2530 1427 2555 iu
1453 2536 1502 2556 suo
1528 2530 1628 2556 Diario.
1667 2529 1706 2564 (Q)
1724 2529 1845 2555 Exclusis

1095 2571 1230 2595 extremis.
1271 2570 1309 2603 (Τί)
1330 2569 1514 2596 Dehishabes
1524 2578 1584 2604 sup.
1598 2569 1787 2603 Constit.Eug.
1802 2568 1844 2600 IV,

1095 2610 1178 2640 laser,
1197 2618 1252 2643 μσς.
1276 2611 1308 2635 52
1327 2609 1404 2635 huius
1417 2610 1494 2641 t0n1i;
1515 2614 1541 2635 et
1557 2610 1668 2635 Constit.
1684 2608 1781 2635 Callisti
1799 2609 1845 2641 Ill,

1094 2649 1164 2681 Quae
1182 2651 1318 2681 laudabili,
1337 2656 1394 2683 pag.
1417 2650 1462 2675 ttt}
1479 2649 1607 2675 ciusdem.

1859 277 1906 302 An.
1925 277 1954 303 C.
1976 276 2041 302 ¹1:7⁴2

1888 2221 2018 2243 Prooexnlum.
