2281 3251
189 229 238 255 Au.
260 227 288 254 c.
305 228 372 254 11139
437 216 481 249 40

432 285 555 314 fratrum
574 285 729 313 nostrorum
748 282 982 319 patriarcharum,
1004 282 1033 309 et
1054 281 1149 308 caete-

433 334 472 364 tls
489 333 652 363 orientalem
685 332 831 361 Ecclesiam
862 329 1149 367 repraesentantibus.

441 406 614 442 Laetentur
640 405 718 440 coeli
747 414 777 439 et
811 404 929 438 exultet
959 411 1054 435 terra:
1092 414 1148 434 su-

205 461 316 497 E¹9¹⁶³⁰m
366 467 377 480 ¹
392 456 494 490 blatus
517 466 563 490 est
586 457 670 489 enim
691 455 729 488 de
754 454 858 488 medio
882 453 997 499 paries,
1017 450 1151 496 1111100-

192 494 289 544 lsfflissz'.
319 499 594 548 31Ϊῇἶο1110111310111,
616 504 873 550 Orientalernqne
903 500 1064 535 dividebat
1088 498 1150 533 Ec-

192 555 380 606 ffiffi‘rss'gjfunss'-
393 555 546 598 elesiarii,
573 565 604 589 01
636 566 692 600 pax
722 562 817 599 atque
851 551 1018 585 concordia
1049 549 1151 590 rediit,

193 622 220 637 ue
265 617 378 643 pron-uno
395 604 448 638 illo
485 604 627 650 angulari
657 603 760 649 lapide
797 601 949 638 Christo,
984 600 1038 646 qni
1080 598 1151 632 fecit

193 648 264 669 “¹³⁸‘'
282 648 377 673 ”mm
397 664 528 700 utraque
558 665 674 694 unum,
706 651 828 685 rinculo
863 650 1035 684 fortissimo
1063 647 1149 682 cari-

396 704 467 738 tatis
482 711 510 737 ct
534 702 617 749 pacis.
635 711 804 747 utrntnque
819 701 970 744 inungente
989 699 1153 744 parietem,

395 762 425 787 01
458 761 628 799 perpetuae
666 751 795 784 unitatis
827 749 953 783 sot-dere
985 747 1153 794 copulante

397 815 432 836 ac
460 802 655 842 continente,
686 807 819 846 postque
847 798 972 843 longam
1003 796 1155 831 muer-uris

398 851 542 886 nebulam
577 858 607 884 et
641 849 765 883 dissidii
801 848 941 882 diuturni
971 856 1068 881 atram
1101 846 1154 880 ni-

398 911 550 946 gramque
588 898 774 944 caliginem,
815 909 962 932 serenum
1005 895 1156 931 omnibns

399 950 530 984 unionis
551 956 675 995 optatae
703 947 794 982 iubar
816 947 927 981 illuxit.
959 945 1104 980 Gaudeat
1126 954 1156 980 et

400 1008 499 1033 mater
523 997 677 1041 Ecclesia,
699 1010 778 1044 quae
802 996 883 1031 lilios
905 1008 981 1031 suos
1003 996 1156 1030 ltactenus

401 1049 535 1083 invicem
564 1046 756 1081 dissidentes
791 1047 850 1081 iam
886 1046 1022 1081 videtin
1051 1045 1157 1079 unita-

401 1108 463 1133 tem
505 1109 680 1144 pacemque
710 1096 857 1131 rediisse:
891 1105 922 1130 et
952 1107 1033 1142 quae
1066 1103 1157 1129 antea

401 1148 430 1181 in
454 1159 564 1181 eornm
595 1146 794 1193 separatione
824 1145 1022 1180 amarissime
1045 1143 1157 1187 llebat,

401 1210 437 1231 ex
475 1196 617 1242 ipsorum
642 1195 736 1230 modo
773 1195 850 1229 mira
878 1193 1057 1234 concordia,
1085 1205 1157 1228 cum

402 1245 552 1281 inell'abili
576 1245 694 1292 gaudio
718 1244 929 1291 omnipotenti
954 1244 1022 1278 Deo
1041 1243 1157 1289 gratias

402 1295 526 1330 reserat.
546 1294 662 1329 Cuncti
686 1293 883 1340 gratulentur
906 1292 1016 1327 lideles
1041 1292 1158 1340 ubique

403 1357 459 1392 per
491 1344 618 1388 orbem,
646 1352 676 1378 et
704 1344 758 1390 qni
786 1343 960 1378 cliristiano
988 1350 1161 1378 censentur

403 1394 531 1428 nornine
581 1395 671 1428 matri
700 1393 873 1428 (atholicae
902 1392 1063 1427 Ecclesiae
1093 1392 1160 1426 col-

404 1442 666 1478 laetentur.Ecce
686 1444 770 1478 enirn
794 1441 1019 1477 Occidentalcs
1045 1440 1161 1476 Orien-

404 1494 546 1540 talesqne
580 1492 705 1536 Patres,
741 1501 810 1538 post
838 1491 1060 1537 longissimum
1089 1491 1160 1525 dis-

405 1543 565 1578 sensionis
605 1551 699 1590 atque
733 1542 909 1576 discordiae
944 1549 1093 1587 tempus,
1129 1553 1162 1575 se

406 1592 501 1628 maris
522 1604 560 1626 ac
578 1601 677 1626 terrae
697 1592 846 1639 periculis
865 1599 1074 1638 exponentes,
1093 1602 1163 1624 om-

407 1642 566 1689 nibusque
590 1642 748 1689 superatis
771 1640 943 1680 laboribus,
965 1644 1002 1674 ad
1032 1640 1091 1675 1100
1112 1652 1163 1674 sa-

407 1705 495 1727 crum
524 1692 768 1726 oecumenicum
792 1690 981 1730 concilium,
1005 1689 1164 1724 desiderio

409 1742 639 1776 sacratissimae
662 1741 789 1775 unionis
811 1749 841 1774 et
861 1740 1008 1786 antiquae
1025 1739 1165 1774 caritatis

410 1789 670 1837 redintegrandae
711 1790 830 1836 gratia,
870 1789 939 1823 laeti
982 1789 1165 1835 alacresque

410 1848 629 1875 convenerunt
644 1848 674 1874 ct
693 1839 867 1874 intentione
883 1850 939 1872 sua
965 1850 1163 1885 nequaqnam

412 1890 549 1924 frustrati
576 1898 661 1924 sunt.
684 1888 759 1924 Post
788 1888 913 1934 longam
942 1888 1028 1921 0111111
1071 1887 1163 1921 labo-

412 1940 591 1986 riosamquc
631 1938 838 1984 indaginem,
867 1936 992 1971 tandem
1029 1936 1167 1983 Spiritus

411 1988 519 2023 Sancti
555 1988 720 2023 clementia
749 1988 848 2034 ipsam
872 1987 1101 2033 optatissimam
1138 1994 1168 2020 et

412 2047 642 2073 sanctissttnatn
684 2049 831 2072 unionem
877 2044 1042 2071 consecuti
1081 2043 1166 2070 sunt.

413 2087 494 2130 Quis
521 2088 615 2134 igitur
635 2087 747 2133 dignas
775 2086 1003 2132 omnipotentis
1025 2084 1082 2119 Dei
1112 2085 1170 2119 be-

414 2137 536 2173 neficiis
549 2137 663 2184 gratias
682 2136 797 2171 referre
811 2135 966 2171 sufficiat?
984 2135 1054 2182 quis
1070 2143 1170 2169 tantas

415 2187 539 2222 divinae
569 2187 780 2221 miserationis
807 2185 931 2221 divitias
965 2197 1025 2219 non
1061 2184 1171 2219 obstu-

417 2237 542 2284 pescat?
564 2237 657 2271 cuius
689 2237 735 2271 vel
764 2235 898 2270 serrcutn
924 2243 1034 2282 pectus
1068 2242 1172 2269 tantae

417 2298 573 2334 supernae
594 2285 721 2334 pietatis
743 2285 927 2332 magnitudo
952 2297 1013 2319 non
1038 2282 1173 2318 molliat?

418 2341 501 2377 Sunt
523 2342 579 2376 ista
604 2353 735 2389 prorsus
756 2340 862 2375 divina
889 2352 998 2387 opera,
1022 2351 1083 2374 non
1113 2338 1174 2372 ltu-

420 2408 531 2432 manae
555 2396 729 2442 fragilitatis
753 2395 888 2434 inventa,
908 2403 1002 2441 atquc
1021 2393 1092 2427 ideo
1108 2392 1175 2427 exi-

421 2451 483 2486 tnia
517 2463 589 2485 curn
613 2449 815 2484 veneratione
838 2447 1039 2494 suspicienda
1067 2455 1097 2481 ct
1120 2446 1174 2481 di-

422 2505 501 2539 vinis
527 2503 676 2539 laudibus
712 2502 941 2550 prosequenda.
975 2500 1046 2536 Tibi
1084 2501 1175 2545 lans,

423 2557 477 2592 tibi
501 2557 612 2604 gloria,
634 2557 689 2592 tibi
714 2557 883 2603 gratiarnm
913 2555 1013 2599 aetio,
1036 2553 1177 2598 Cltriste,

423 2611 494 2648 sons
529 2611 836 2652 misericordiarum,
867 2609 920 2658 qui
945 2617 1067 2644 tantum
1103 2607 1177 2644 boni

967 222 1154 245 nt‘ttmntt'at
1188 221 1349 243 nouanti!

1191 288 1326 322 sponsae
1355 284 1425 308 tuae
1454 273 1626 307 catholicae
1649 273 1809 308 Ecclesiae
1832 280 1948 307 contu-

1193 325 1275 362 listi,
1308 333 1401 370 atque
1437 323 1466 356 in
1494 324 1700 368 generatione
1737 331 1840 357 nostra
1877 330 1948 356 tuae

1194 375 1318 421 pit-tatis
1347 372 1496 407 miracula
1519 372 1764 410 demonstrasti,
1789 380 1820 406 ut
1849 383 1949 406 enar-

1194 432 1258 457 rent
1284 435 1396 457 omnes
1419 422 1570 456 mirabilia
1594 429 1656 455 tua.
1675 421 1825 467 Magnum
1849 421 1950 467 siqui-

1193 473 1263 506 dem
1289 473 1496 518 divinumque
1519 483 1635 505 munus
1659 470 1750 505 nobis
1773 470 1859 505 Deus
1886 471 1951 504 lar-

1194 523 1280 568 gitus
1303 530 1361 564 est,
1385 522 1437 568 qni
1462 520 1564 555 oculis
1589 520 1742 560 vidimus,
1765 519 1849 567 quod
1877 527 1950 554 ante

1195 584 1252 605 nus
1276 572 1385 613 multi,
1408 583 1479 604 011111
1505 569 1593 604 valde
1615 569 1786 617 cupierint,
1809 569 1951 616 aspicere

1196 621 1419 668 nequiverunt.

1244 671 1264 715 (ξ
1284 672 1311 703 1.
1329 667 1564 704 Convenientes
1579 669 1662 704 enirn
1683 667 1784 702 Latini
1801 675 1831 702 ct
1849 666 1950 702 Gtaeci

1197 719 1224 752 in
1256 719 1313 753 ltac
1343 728 1540 754 sacrosancta
1569 718 1773 753 oecumenica
1806 716 1951 764 synodo,

1198 780 1310 814 magno
1338 769 1443 803 studio
1467 768 1600 803 inticetn
1630 767 1677 802 usi
1701 775 1786 806 sunt,
1815 775 1847 800 111
1871 766 1953 801 inter

1196 817 1253 852 alia
1271 819 1363 852 etiam
1387 817 1541 852 articulus
1559 817 1609 852 ille
1633 817 1671 852 de
1690 816 1794 850 divina
1815 815 1954 863 Spiritus

1196 866 1303 902 Sancti
1326 868 1542 913 processione,
1558 878 1682 901 summa
1699 879 1770 900 curn
1789 865 1953 912 diligentia

1197 926 1226 951 et
1253 917 1380 952 assidua
1405 916 1611 964 inquisitione
1635 916 1856 950 discuteretur.
1876 914 1955 949 Pro-

1199 967 1266 1001 latis
1283 979 1355 1001 vero
1375 967 1564 1002 testimoniis
1580 978 1618 1000 ex
1637 965 1752 1000 divinis
1767 964 1955 1012 Scriptnris,

1200 1015 1408 1063 plurimisque
1431 1015 1674 1050 auctoritatibus
1696 1023 1879 1049 sanctorum
1903 1013 1957 1047 do·

1199 1073 1322 1100 ctorum
1333 1064 1546 1100 Orientalium
1563 1073 1592 1099 et
1608 1063 1879 1101 Occidentalium,
1898 1063 1957 1098 ali-

1199 1115 1315 1162 quibus
1337 1115 1465 1162 quidem
1489 1127 1525 1149 ex
1546 1114 1637 1150 Patre
1655 1123 1683 1148 et
1702 1113 1796 1157 Filio,
1819 1111 1957 1160 quibus-

1200 1166 1270 1199 dam
1292 1177 1364 1199 rero
1389 1178 1426 1199 ex
1447 1164 1539 1199 Patre
1569 1176 1625 1211 per
1647 1163 1761 1198 Filium
1787 1162 1958 1210 procedere

1200 1214 1383 1249 dicentibus
1404 1213 1557 1261 Spiritum
1581 1213 1734 1248 Sanctum
1758 1221 1788 1247 et
1811 1211 1957 1247 eamdem

1203 1264 1441 1310 intelligentiam
1471 1263 1700 1310 aspicientibus
1721 1262 1872 1297 omnibus
1899 1260 1960 1295 sub

1201 1314 1335 1348 diversis
1363 1313 1541 1355 vocabulis3
1563 1312 1676 1347 Graeci
1705 1311 1834 1360 quidem
1865 1322 1960 1346 asse-

1203 1372 1335 1398 ruerunt
1362 1363 1445 1411 qnod
1483 1363 1512 1398 id
1549 1362 1634 1410 quod
1663 1362 1775 1396 dicunt
1801 1360 1958 1408 Spiritum

1201 1412 1357 1448 Sanctum
1393 1425 1429 1447 ex
1459 1412 1549 1447 Patre
1583 1412 1773 1460 procedere,
1801 1422 1864 1445 non
1901 1409 1961 1445 hac

1204 1471 1308 1497 mente
1325 1462 1501 1510 proferunt,
1518 1471 1553 1496 ut
1575 1461 1743 1497 excludant
1758 1460 1888 1502 Filium;
1903 1458 1959 1494 sed

1203 1513 1275 1560 quia
1299 1513 1344 1546 eis
1373 1511 1550 1551 ridebatur,
1575 1519 1607 1546 ut
1629 1512 1730 1549 aiunt,
1752 1509 1882 1545 Latinos
1909 1512 1960 1544 asss

1203 1574 1308 1597 serere
1326 1561 1480 1608 Spiritum
1497 1561 1650 1596 Sanctum
1671 1573 1709 1596 ex
1723 1560 1816 1596 Patre
1834 1568 1864 1595 et
1878 1557 1962 1594 Filio

1206 1611 1377 1660 procedere
1397 1620 1558 1659 tamquam
1582 1624 1620 1646 ex
1641 1610 1768 1646 duobus
1796 1607 1962 1658 principiis

1205 1670 1234 1697 01
1266 1661 1390 1696 duabus
1418 1661 1662 1708 spirationibus;
1696 1656 1768 1695 ideo
1795 1659 1962 1705 abstinue-

1207 1720 1279 1746 runt
1301 1723 1316 1746 a
1341 1711 1490 1752 dicendo,
1517 1712 1602 1758 quod
1626 1709 1763 1757 Spiritus
1785 1709 1924 1744 Sanctus
1945 1720 1961 1754 a

1207 1761 1299 1795 Patre
1325 1760 1474 1807 procedat
1505 1769 1535 1794 01
1556 1759 1656 1801 Filio;
1685 1771 1757 1794 rero
1787 1758 1968 1794 affirmave-

1208 1819 1279 1845 runt
1310 1823 1371 1845 non
1400 1823 1433 1844 se
1461 1809 1518 1844 ltac
1546 1819 1652 1844 mente
1675 1808 1783 1844 dicere
1810 1807 1966 1854 Spiritum

1207 1859 1360 1894 Sanctum
1384 1872 1421 1894 ex
1454 1859 1545 1893 Patre
1563 1858 1709 1906 Filioque
1731 1857 1915 1905 procedere,
1935 1865 1967 1891 ut

1208 1909 1376 1944 excludant
1400 1909 1537 1952 Patrem,
1571 1909 1647 1955 quin
1689 1908 1728 1942 sit
1762 1907 1831 1942 sons
1873 1916 1968 1955 atque

1210 1959 1402 2006 principium
1433 1959 1529 1992 totius
1563 1957 1709 2001 deitatis,
1744 1956 1814 1992 Filii
1846 1957 1969 1991 scilicet

1962 217 2011 243 An.
2032 214 2062 241 C.-
2076 213 2144 249 ἰδ’-,19

1979 671 2077 698 Arttcntt,
2087 676 2152 699 super

1965 703 2040 731 qutbnn
2055 703 2077 723 tn
2097 707 2152 724 euu-

1966 740 1976 756 c

1979 734 2016 755 ttto
2027 733 2152 755 Florentino

1967 765 2094 793 disputatum
2110 767 2150 785 ent.

1210 2020 1245 2042 ac
1260 2007 1401 2055 Spiritus
1419 2007 1613 2048 Sancti3aut
1631 2007 1717 2054 quod
1741 2006 1770 2041 id
1788 2006 1872 2054 qnod
1893 2006 1969 2054 Spi-
2004 2027 2007 2030 <
2030 1995 2032 1997 Ι
2054 2027 2057 2029 >
2086 2027 2088 2029 >

1212 2061 1288 2096 ritus
1310 2062 1449 2097 Sanctus
1479 2061 1619 2109 procedit
1643 2074 1678 2096 ex
1703 2060 1802 2104 Filio,
1830 2059 1931 2095 Filius
1951 2072 1969 2095 a

1213 2116 1302 2151 Putre
1326 2129 1387 2151 non
1415 2117 1542 2158 lrabea13
1565 2117 1631 2151 sire
1657 2116 1739 2164 qnod
1764 2115 1829 2151 duo
1852 2122 1970 2163 ponant

1214 2171 1381 2219 principia,
1399 2184 1453 2206 seu
1475 2171 1555 2206 duas
1570 2171 1774 2219 spirationes:
1794 2169 1848 2205 sed
1869 2181 1969 2205 unum

1214 2234 1334 2260 tantum
1358 2234 1499 2270 asserant
1514 2237 1583 2261 esse
1608 2225 1812 2273 principium,
1831 2223 1973 2259 unicam-

1214 2292 1276 2327 que
1302 2281 1507 2328 spirationem
1542 2279 1683 2328 Spiritus
1716 2279 1843 2323 Sancti,
1878 2285 1972 2326 prout

1216 2335 1368 2371 lractenus
1391 2344 1603 2371 asseruerunt.
1623 2335 1661 2370 Et
1683 2346 1754 2369 cum
1778 2346 1816 2368 ex
1838 2333 1888 2368 bis
1903 2345 1972 2368 om-

1217 2389 1310 2425 nibns
1348 2403 1432 2425 unus
1472 2400 1502 2425 01
1535 2389 1617 2424 idem
1654 2388 1798 2423 eliciatur
1832 2387 1973 2423 veritatis

1217 2457 1342 2487 sensuS,
1365 2444 1493 2479 tandem
1525 2444 1554 2478 in
1579 2443 1812 2490 infrascriptam
1845 2450 1876 2477 et
1896 2453 1974 2477 san-

1218 2508 1299 2534 ctam
1314 2498 1383 2533 Deo
1405 2497 1572 2533 amabilem
1592 2496 1704 2532 eodem
1727 2507 1823 2532 sensu
1842 2495 1974 2531 eadem-

1218 2565 1280 2600 que
1303 2561 1406 2588 mente
1438 2553 1589 2588 unionem
1613 2551 1805 2586 unanimiter
1837 2561 1974 2586 concor·-

1220 2607 1336 2642 darunt
1358 2615 1387 2643 et
1414 2613 1657 2643 consenserunt.
