2281 3251
208 251 257 277 An.
276 250 306 278 C.
323 250 388 278 Ιᾱδδ

227 1157 250 1179 Et
273 1165 320 1185 quia
344 1158 393 1179 lites

209 1190 281 1216 dnssup.
298 1193 358 1210 ortae
373 1195 392 1211 e·

209 1223 263 1243 rani.

227 2159 286 2180 Ponit
310 2160 349 2179 iste
365 2165 398 2185 ap-

215 2192 286 2218 probat
312 2191 397 2210 rniistit.

215 2222 244 2243 pn
261 2221 292 2247 u,

227 2553 328 2575 Coiiccdtt
348 2558 393 2574 ¹ter

219 2587 295 2606 ”inum
317 2561 343 2606 ³:¹¹
364 2586 403 2606 ⁵⁰¹·
417 2582 584 2618 statuimus
600 2581 685 2630 quod
709 2582 863 2617 hactenus
877 2582 1006 2629 obligati
1021 2581 1172 2617 Gamerae

218 2617 308 2637 undum
315 2619 403 2637 nnn-ta·

219 2650 326 2670 decursu.

453 241 523 274 5¹2

404 316 435 342 et
459 315 668 354 proventuum
696 305 777 348 eius,
799 305 828 339 in
854 303 994 351 partibus
1017 304 1158 338 existen-

405 356 503 401 tibus,
525 354 705 391 satisfacere
732 354 904 389 deficerent
921 381 930 397 ,
954 355 1021 400 ipso
1053 353 1157 397 sacto,

405 407 493 453 lapso
521 405 667 447 termino,
694 417 755 438 non
779 403 884 438 solum
914 404 942 437 in
967 403 1156 437 sententiani

405 454 744 490 excommunicationis
771 453 958 488 inciderent.
979 452 1033 486 sed
1064 453 1156 486 etiam

405 505 570 540 beneficiis
602 503 691 547 suis,
720 515 775 550 pro
797 502 914 549 quibus
947 514 980 536 se
1009 502 1038 535 in
1075 501 1157 536 dicta

405 554 538 590 Camera
555 552 760 599 obligassent,
775 552 905 586 omnino
923 551 1030 598 privati
1045 550 1158 591 forent;

407 604 449 639 illi
478 615 564 646 vero,
585 603 638 649 qni
669 614 730 637 non
756 614 811 649 pro
835 613 879 641 se,
907 600 961 635 sed
992 612 1047 647 pro
1070 600 1159 645 aliis,

407 663 439 689 ut
462 652 665 700 principales,
691 664 724 685 se
750 663 804 698 pro
832 651 954 697 :innatis
976 649 1158 684 huiusmodi

406 703 603 749 obligarent,
625 702 650 736 si
679 702 708 735 iu
733 700 877 735 terminis
905 713 967 734 non
991 700 1160 735 satisface-

407 762 489 796 rent,
512 752 592 786 ultra
615 750 802 785 senitentiam
818 750 1160 785 excommunicatiouis

407 801 599 845 huiusmodi,
622 808 726 835 essent
751 801 820 847 ipso
838 798 918 834 facto
937 800 1086 834 omuibus
1103 799 1161 834 be-

407 851 527 887 neficiis
554 850 800 893 ecciesiasticis,
840 861 920 896 quae
955 849 1159 893 obtinerent,

407 901 529 948 privam
545 909 738 948 possentque
750 899 818 933 talia
835 899 985 933 beneficia
1001 911 1055 945 per
1069 912 1160 945 qnos-

406 962 544 998 cumque
572 950 669 985 libere
692 948 878 997 impetrari,
904 956 996 996 prout
1021 949 1051 982 in
1075 949 1160 983 cius-

407 1000 480 1036 dem
518 999 771 1047 praedecessoris
799 998 896 1033 literis
923 999 1061 1044 desuper
1089 1010 1162 1033 con-

408 1050 496 1085 sectis
525 1049 649 1097 plenius
671 1048 860 1084 continetur.

456 1099 476 1147 g
497 1103 532 1134 2.
555 1098 637 1134 Cum
654 1106 774 1143 autem,
801 1097 883 1132 sicut
905 1096 1101 1143 accepimus,
1123 1109 1161 1132 ex

408 1149 605 1184 ordinatione
629 1147 783 1195 praedicta
800 1175 809 1191 ,
836 1146 875 1182 ab
896 1146 1056 1193 aliquibus
1080 1154 1161 1181 tem-

409 1198 540 1246 poribus
562 1198 652 1243 citra,
674 1197 744 1232 ideo
760 1197 855 1243 optati
873 1196 994 1231 sructus
1010 1208 1071 1231 non
1087 1208 1161 1243 pro-

409 1248 563 1292 venerint,
585 1248 657 1295 quia
681 1246 840 1290 nonnulli,
854 1246 907 1293 qui
936 1245 1091 1281 beneficia
1108 1258 1161 1280 ec-

408 1298 582 1333 clesiastica
608 1309 662 1343 per
689 1296 869 1331 huiusmodi
891 1295 1096 1342 privationem
1115 1307 1163 1330 va-

408 1347 510 1381 cantia
534 1359 590 1395 pro
613 1354 757 1393 tempore
791 1344 993 1392 postmodum
1017 1346 1162 1391 impetra-

409 1406 493 1441 runt,
507 1408 603 1443 super
618 1396 679 1430 illis
698 1395 835 1442 agendo,
853 1395 950 1441 etqui
973 1394 1161 1440 excipiendo

409 1446 615 1493 privationem
635 1444 819 1479 huiusmodi
837 1445 867 1478 in
892 1443 1042 1478 indicium
1059 1444 1162 1478 dedu-

410 1503 524 1531 xerunt
547 1507 652 1530 coram
676 1494 785 1529 Palatii
801 1505 968 1529 causarum
986 1494 1160 1540 Apostolici

409 1544 607 1581 auditoribus
645 1553 675 1579 et
702 1543 772 1579 aliis
809 1543 968 1579 iudicibus
1000 1543 1163 1578 Romanae

409 1593 537 1639 Curiae,
559 1593 656 1629 auditi
681 1606 744 1628 non
761 1593 889 1629 suerunt
911 1593 949 1627 ab
971 1593 1090 1628 eisdem
1107 1606 1163 1628 au—

409 1644 565 1680 ditoribus
587 1652 617 1679 ct
639 1643 812 1687 iudicibuS,
834 1643 1049 1678 asserentibus
1076 1643 1161 1678 ordi-

411 1694 569 1729 nationem
587 1693 730 1728 eamdem
756 1693 1006 1740 praedecessoris
1035 1693 1162 1740 praefati

411 1756 473 1778 uon
500 1743 595 1778 fuisse
618 1751 775 1790 receptam
800 1750 830 1777 et
846 1742 988 1777 moribus
1005 1744 1162 1777 utentium

410 1792 660 1841 comprobatam
683 1793 842 1839 crevitque
865 1800 895 1826 ct
917 1792 1028 1826 erescit
1053 1792 1165 1826 indies

411 1854 566 1877 numerus
588 1841 768 1877 debitorum
793 1841 1004 1885 eorumdem,
1033 1842 1064 1875 in
1093 1842 1164 1876 ani-

411 1904 532 1927 marum
563 1904 626 1927 non
655 1891 846 1927 solventium
869 1903 948 1937 quae
971 1890 1086 1926 delient
1111 1904 1166 1938 pe-

411 1942 559 1986 riculum,
579 1950 609 1977 et
633 1941 769 1989 praefate
786 1940 939 1976 Gamerae
959 1952 994 1975 ac
1018 1941 1165 1975 christia-

411 2004 469 2027 nae
492 1991 686 2039 reipublicae
711 1990 867 2039 praefatae
895 2001 957 2025 non
987 1990 1053 2025 leve
1073 2003 1166 2038 prae-

412 2041 580 2077 iudicium.

460 2100 475 2139 ξ
503 2098 536 2130 5.
563 2095 629 2130 Nos
657 2095 762 2142 igitur,
776 2094 916 2129 volentes
943 2106 1040 2140 super
1077 2106 1167 2140 prae—

413 2149 520 2184 missis
529 2158 712 2197 opportune
728 2147 909 2196 providere,
921 2148 1063 2182 eiusdem
1082 2160 1169 2195 prae-

413 2203 590 2238 decessoris
617 2203 848 2238 ordinationem
873 2210 903 2237 et
937 2202 1043 2237 literas
1071 2214 1167 2248 prae·

413 2257 526 2302 dictas,
540 2269 575 2292 ac
597 2259 701 2293 omnia
719 2265 747 2292 et
763 2257 886 2304 singula
902 2257 931 2291 in
947 2257 992 2292 eis
1010 2264 1168 2299 contenta,

413 2312 599 2347 auctoritate
622 2311 811 2358 apostolica,
829 2311 1040 2358 praesentium
1062 2321 1169 2346 tenore

414 2366 681 2414 approbamus‚et
705 2366 801 2400 robur
824 2374 992 2412 perpetuae
1014 2365 1170 2400 firmitatis

414 2420 557 2456 obtinere
576 2420 693 2456 debere
711 2420 926 2462 decernimus,
949 2420 1031 2456 iuxta
1047 2420 1168 2456 illarum

415 2474 641 2510 continentiam
665 2482 695 2509 et
721 2482 874 2509 tenorem.

465 2533 481 2573 ξ
503 2531 536 2563 4.
559 2527 606 2563 Ac
634 2528 781 2563 volumus
803 2536 833 2563 et
855 2528 968 2563 eadem
987 2527 1171 2564 auctoritate

418 2637 520 2673 eidem
543 2649 580 2673 ex
604 2637 707 2673 causis
731 2637 917 2685 praedictis,
939 2637 994 2685 qui
1024 2649 1085 2672 non
1109 2637 1173 2672 sol-

1005 248 1190 271 arctantur
1220 248 1382 271 nonnum

1199 311 1311 338 verunt
1333 302 1459 338 statutis
1485 302 1532 338 eis
1555 302 1709 343 terminis,
1731 313 1767 336 ac
1791 310 1956 349 propterea

1199 360 1539 388 excommnuicationis
1576 360 1766 387 sententiam
1783 380 1793 391 ,
1816 360 1844 386 et
1869 361 1955 387 iuxta

1199 402 1342 438 eiusdem
1379 401 1631 450 praedecessoris
1669 401 1830 436 literarum
1853 402 1957 436 conti-

1199 452 1351 496 nentiaui,
1385 451 1566 499 privationis
1601 463 1734 498 poenam
1764 450 1954 498 praedictam

1201 501 1411 539 incurrerunt.
1435 501 1458 535 si
1474 500 1630 544 (curiales,
1649 500 1727 535 insra
1741 501 1958 541 unum;citra-

1201 550 1535 595 montani,ins1·atres;
1563 559 1593 585 et
1617 550 1853 589 ultramontani,
1877 550 1956 584 infra

1202 611 1312 635 novem
1337 611 1504 640 menses,a
1527 598 1577 633 die
1606 599 1830 646 publicationis
1860 612 1957 646 prae—

1201 650 1335 684 sentium
1360 649 1390 684 in
1411 648 1605 683 Cancellaria
1621 648 1803 696 Apostolica
1822 660 1960 696 compu-

1201 698 1322 742 tandos)
1350 698 1451 733 dictae
1472 696 1626 733 Gamerae
1653 697 1692 732 de
1711 698 1773 742 his,
1795 710 1875 745 quae
1903 699 1959 733 de-

1201 748 1306 790 beant,
1329 747 1550 791 satisfecerint,
1573 759 1611 782 ex
1635 755 1722 787 tunc,
1749 759 1786 782 eo
1812 748 1891 793 ipso.
1919 748 1960 783 ab

1201 797 1542 833 excommunicationis
1575 797 1731 832 sententia
1770 796 1905 832 absoluti
1929 807 1959 832 et

1201 848 1238 883 ad
1261 848 1427 888 beneficia,
1451 846 1567 895 quibus
1595 855 1773 894 propterea,
1797 847 1880 881 iuxta
1903 859 1958 882 or-

1201 898 1395 932 dinationem
1433 896 1638 944 praedictam,
1667 896 1777 944 privati
1805 897 1958 940 existunt,

1203 947 1341 995 plenarie
1364 947 1498 982 restituti
1532 954 1741 987 censeantur;
1777 955 1807 981 et
1840 946 1867 980 si
1895 959 1957 982 nou

1201 996 1353 1032 solverint
1369 997 1399 1031 in
1417 996 1561 1032 terminis
1576 995 1757 1044 praedictis,
1776 996 1958 1042 privationis

1204 1058 1336 1094 poenam
1361 1046 1551 1094 praedictam
1579 1045 1619 1081 de
1642 1058 1723 1081 novo
1747 1046 1958 1095 incurranteo

1203 1108 1282 1144 ipso.

1251 1145 1271 1192 S
1295 1150 1325 1181 5.
1349 1145 1441 1188 Quod
1459 1144 1515 1189 illi,
1537 1145 1591 1192 qui
1615 1145 1646 1180 in
1667 1152 1829 1192 posterum
1852 1156 1887 1180 se
1901 1144 1958 1179 ob-

1203 1194 1358 1242 ligabunt,
1372 1194 1712 1231 excommunicationis
1727 1202 1756 1229 et
1776 1194 1959 1241 privationis

1204 1257 1320 1290 poenas
1345 1245 1531 1293 praedictas,
1552 1245 1637 1279 iuxta
1653 1243 1800 1281 eiusdem
1825 1243 1959 1291 praede-

1203 1295 1338 1330 cessoris
1359 1294 1606 1335 ordinationem,
1625 1295 1756 1329 omnino
1785 1294 1959 1333 incurrant;

1204 1352 1234 1379 et
1257 1345 1461 1391 impetrantes
1496 1343 1650 1379 beneficia
1683 1357 1737 1390 per
1775 1343 1958 1378 huiusmodi

1205 1394 1409 1441 privationem
1434 1393 1590 1433 vacantia,
1619 1401 1649 1427 et
1684 1392 1827 1428 similiter
1849 1401 1960 1427 eontra

1205 1443 1273 1478 illos
1292 1444 1338 1478 sic
1361 1444 1511 1490 privatos,
1525 1442 1564 1477 de
1576 1443 1751 1490 privatione
1774 1442 1959 1477 huiusmodi

1204 1493 1417 1540 excipientes,
1441 1493 1563 1540 possint
1578 1500 1607 1527 et
1630 1492 1768 1528 debeant
1792 1504 1847 1540 per
1868 1504 1960 1539 quos-

1205 1555 1343 1590 cumque
1370 1542 1532 1577 auditores
1559 1550 1589 1577 et
1618 1541 1739 1578 iudices
1766 1541 1878 1583 audiri3
1901 1554 1962 1578 nec

1205 1605 1241 1628 eo
1265 1602 1438 1640 praetextu,
1461 1592 1546 1639 quod
1582 1592 1766 1627 constitutio
1803 1591 1961 1639 praedicta

1206 1655 1267 1677 non
1291 1642 1383 1678 suerit
1407 1650 1531 1689 recepta
1547 1670 1555 1682 ,
1583 1649 1614 1677 et
1642 1642 1784 1676 moribus
1807 1641 1961 1676 utentium

1205 1692 1408 1739 comprobata
1422 1720 1429 1732 ,
1459 1691 1591 1739 repelli;
1619 1700 1849 1738 teneanturque
1871 1691 1963 1726 audi-

1206 1750 1290 1777 tores
1317 1750 1345 1777 et
1382 1742 1502 1776 iudices
1536 1741 1753 1788 quicumque,
1788 1741 1817 1775 in
1859 1741 1963 1776 causis

1206 1791 1438 1838 cognoscendis
1461 1791 1490 1825 in
1513 1791 1657 1825 Romana
1679 1790 1776 1825 Curia
1802 1799 1831 1825 et
1863 1799 1962 1831 extra,

1206 1841 1383 1876 secundum
1394 1840 1538 1876 eamdem
1553 1840 1785 1875 ordinationem
1810 1839 1963 1884 iudicare,

1207 1891 1327 1925 sublata
1358 1891 1403 1926 eis
1425 1899 1455 1925 et
1477 1890 1606 1925 cuilibet
1629 1902 1740 1925 eorum
1765 1889 1875 1936 quavis
1902 1889 1962 1924 ali-

1209 1950 1254 1975 ter
1277 1940 1436 1975 iudicandi
1463 1948 1493 1974 et
1517 1939 1742 1987 interpretandi
1767 1939 1911 1974 facultate
1933 1947 1962 1974 et

1207 1998 1402 2025 anctoritate.

1257 2044 1272 2083 ἕ
1296 2043 1328 2074 6.
1356 2039 1421 2075 Nee
1458 2039 1580 2086 prosint
1609 2038 1755 2086 obligatis
1798 2037 1965 2086 praedictis

1208 2094 1431 2142 quietationes,
1445 2106 1524 2140 quas
1546 2105 1562 2127 a
1585 2093 1810 2128 collectoribus
1821 2093 1866 2128 vel
1886 2092 1965 2128 sub-

1209 2147 1432 2183 collectoribus
1468 2147 1635 2194 praedictis
1675 2147 1850 2187 haberent,
1884 2159 1964 2194 quae

1211 2202 1339 2249 publico
1362 2214 1424 2237 uon
1454 2201 1663 2249 probarentur
1685 2201 1907 2236 instrumento.

1260 2262 1275 2300 ξ
1303 2260 1334 2291 7.
1355 2256 1571 2292 Decernentes
1593 2264 1776 2303 praesentes
1798 2256 1914 2301 literas,
1927 2268 1965 2291 ex

1211 2311 1262 2346 dic
1297 2310 1521 2358 publicationis
1555 2322 1663 2345 earum
1705 2310 1735 2345 in
1768 2309 1965 2346 Cancellaria

1212 2365 1407 2413 Apostolica,
1420 2376 1641 2413 quoscumque
1664 2365 1771 2412 ligare;
1791 2378 1827 2399 ac
1844 2365 1964 2401 irritum

1212 2429 1242 2455 et
1257 2420 1347 2454 inane
1370 2419 1525 2467 quidquid
1553 2431 1646 2454 secus
1664 2431 1759 2466 super
1782 2419 1831 2454 liis
1853 2432 1867 2453 a
1883 2431 1966 2467 quo-

1213 2486 1319 2521 quam,
1333 2473 1444 2520 quavis
1461 2468 1656 2514 auctoritate,
1675 2473 1811 2508 scienter
1824 2472 1967 2520 veligne-

1215 2536 1318 2563 ranter
1340 2527 1504 2574 contigerit
1528 2527 1681 2563 attentari.

1263 2588 1278 2626 g
1306 2586 1337 2617 8.
1365 2582 1434 2617 Non
1458 2581 1656 2617 obstantibus
1676 2590 1728 2616 etc.

1264 2636 1347 2672 Nulli
1377 2648 1452 2683 ergo
1473 2645 1527 2671 etc.

1971 248 2022 274 An.
2039 246 2069 274 C.
2088 245 2155 274 tuas

1987 1154 2031 1175 Non
2051 1155 2159 1175 salvante.-

1973 1191 2062 1208 anuatas
2077 1193 2158 1214 poenus

1973 1219 2007 1240 tiir
2023 1221 2109 1239 conten.
2129 1225 2160 1239 in-

1974 1253 2068 1271 ΕΠΙΊἹΙΙῚΙ,

1992 2044 2073 2066 solutio
2083 2047 2105 2065 ut
2116 2050 2163 2072 pro-

1979 2075 2054 2095 banda.

1999 2265 2111 2286 Decretum
2133 2267 2165 2286 ir-

1979 2298 2052 2318 ritant⁴

1994 2592 2104 2614 etausutae
2127 2593 2165 2614 dt-

1981 2625 2107 2649 rogatorine.
