2281 3251
107 296 155 323 An.
172 277 291 322 casii

112 697 233 724 ‘Decretum
247 702 293 723 irri—

110 735 163 754 unu.

123 1052 200 1074 Omnes
219 1057 294 1072 execu-

111 1086 151 1104 tor.
172 1083 217 1103 eius
240 1087 295 1102 man-

111 1114 158 1134 dota
187 1118 294 1140 exequun-

110 1147 150 1165 tur.

126 1805 182 1827 Eue
197 1806 254 1827 bulla
264 1812 297 1826 ca-

114 1837 144 1864 pit
155 1837 266 1863 prasentia
277 1840 297 1858 ot

113 1868 189 1890 tutun-

129 2031 238 2053 Contraria
257 2037 298 2052 non

117 2062 208 2084 obstent.

131 2158 226 2180 noriano
249 2159 300 2179 urte-

118 2189 167 2211 llter
177 2189 230 2211 offic.
242 2195 302 2210 exer-

120 2222 189 2242 tondi.

988 293 1048 317 LEO
1070 293 1092 317 Χ
1115 294 1161 316 PP.

309 356 389 389 rant,
417 359 475 383 nec
503 347 662 383 incurrere
686 347 822 393 valeant,
849 348 902 384 sed
932 349 1061 397 perinde

307 405 365 451 sit,
386 417 423 441 ae
448 405 473 440 si
502 406 571 440 talia
610 406 823 442 comminatus
849 419 912 442 non
948 407 1061 442 fuisses

308 462 354 498 v'el
391 463 610 511 imposuisses„
633 473 687 498 aut
724 464 838 499 talibus
870 478 931 500 uon
962 466 1061 501 inter-

307 520 434 561 fuisses,
450 533 486 556 ac
509 522 552 556 tui
569 522 728 557 auditores
746 531 775 557 et
796 523 980 557 mandatarii
999 536 1059 558 non

309 578 535 614 interfuissent.

356 640 371 681 5
401 638 456 672 16.
491 637 538 673 Ac
565 638 609 673 sic
633 650 688 685 per
719 650 940 686 quoscumque
963 650 1061 686 repu-

309 695 379 740 tari,
406 696 531 731 tractari
558 704 587 731 et
621 696 752 731 indicari
793 696 922 741 debere,
944 696 1062 732 decer-

308 761 418 789 nentes
445 765 484 789 ex
512 767 597 789 nunc
613 755 734 789 irritum
748 762 778 789 et
801 754 894 789 inane.
909 754 1061 802 quidquid

308 822 401 846 secus
428 824 525 859 super
553 813 733 860 praemissis
764 811 913 847 omuibus
940 821 971 847 et
997 813 1063 847 sin-

307 869 391 915 gulis
407 882 422 904 a
438 870 732 918 quoquam,quavis
751 870 948 914 auctoritate⁷
963 871 1064 906 scien-

308 936 355 963 ter
377 927 424 962 vel
451 928 634 974 ignoranter
657 928 822 974 contigerit
844 928 1002 963 attentari.

357 986 378 1034 S
401 989 458 1021 17.
483 985 641 1021 Volumus
663 987 770 1029 etiam,
792 986 886 1021 certis
905 985 997 1020 bonis
1019 998 1064 1021 re-

308 1044 469 1091 spectibus
492 1044 581 1086 moti,
609 1053 638 1079 et
661 1044 712 1084 ita,
727 1044 788 1079 sub
810 1045 1064 1079 exeommunica-

310 1103 402 1137 tionis
429 1115 529 1150 poena
563 1102 642 1137 latae
665 1103 852 1146 sententiae,
874 1102 1064 1136 mandamus

309 1160 392 1208 quod
421 1159 588 1194 barisellus
622 1168 653 1194 et
683 1160 777 1194 ceteri
812 1167 998 1194 executores
1033 1160 1061 1194 in

310 1218 414 1253 causis
428 1217 658 1257 criminalibus,
676 1217 705 1251 in
720 1217 836 1264 quibus
851 1218 958 1252 veniet
978 1229 1064 1252 mors

311 1275 542 1313 inseren‹la.vel
560 1275 702 1321 corporis
715 1287 814 1322 poena
830 1287 883 1309 seu
899 1275 1064 1322 sanguinis

309 1332 517 1381 imponenda,
552 1341 719 1368 teneantur
754 1332 897 1368 mandata
937 1342 1062 1368 tuorum

308 1391 554 1427 locatenentium
575 1403 630 1426 seu
645 1391 839 1436 auditorum,
855 1391 953 1439 quiin
971 1391 1063 1426 dictis

308 1450 411 1485 causis
437 1449 628 1484 seutentiam
657 1449 798 1490 tulerint,
818 1448 857 1483 de
880 1457 935 1484 tuo
958 1457 1063 1484 tamen

310 1508 458 1544 mandato
491 1520 527 1542 ae
550 1508 776 1543 commissione
808 1507 907 1552 faeta,
934 1507 1064 1542 indilate

309 1566 420 1614 exequi
450 1566 535 1600 iuxta
564 1565 689 1600 illorum
726 1573 891 1610 tenorem,
917 1566 1064 1613 quamvis

311 1637 364 1672 per
399 1632 428 1659 te
452 1623 556 1671 ipsum
580 1636 673 1658 manu
703 1624 830 1672 propria
859 1635 921 1659 non
950 1623 1065 1659 suerint

310 1682 504 1729 subscripta.

358 1745 374 1785 ἓ
405 1742 461 1776 18.
480 1740 668 1776 Mandantes
684 1740 814 1775 ulterius
829 1740 933 1775 omnia
953 1749 984 1775 et
998 1741 1066 1775 sin—

311 1800 382 1847 gula
410 1799 581 1846 praemissa
616 1800 647 1833 in
684 1799 834 1834 omnibus
866 1806 897 1833 et
931 1798 1067 1847 singulis

311 1857 415 1894 causis
438 1866 469 1893 et
491 1858 637 1905 negotiis,
660 1866 722 1892 tam
745 1857 969 1905 pendentibus,
984 1870 1068 1904 prac-

313 1917 412 1952 teritis
425 1925 453 1952 et
464 1916 694 1964 praesentibus,
707 1928 802 1963 quam
815 1915 941 1956 suturis,
961 1916 1064 1951 locum

313 1975 371 2011 sibi
396 1975 556 2009 vindicare
578 1983 608 2009 et
635 1974 779 2010 effectum
807 1987 903 2009 suum
925 1974 1040 2009 sortiri.

362 2033 382 2081 S
406 2035 461 2068 19.
486 2032 556 2067 Non
581 2032 782 2067 obstantibus
805 2040 857 2067 etc.

363 2096 379 2136 g
401 2094 458 2127 ⁶20.
486 2091 534 2126 Tu
559 2091 654 2137 igitur
676 2091 814 2125 officium
839 2091 941 2137 ipsum
962 2090 1008 2124 sic
1022 2102 1070 2125 so-

315 2151 411 2192 licite,
435 2150 569 2185 lideliter
592 2158 621 2184 et
645 2148 818 2196 prudenter
839 2149 968 2184 studeas
984 2160 1068 2183 excr-

316 2221 399 2252 ccre,
422 2216 456 2243 ut
483 2217 534 2243 tua
559 2208 656 2255 possit
678 2207 762 2254 apud
786 2219 844 2242 nos
877 2207 1009 2241 fidelitas
1040 2215 1069 2241 et

319 2267 485 2315 prudentia
521 2279 583 2301 non
612 2266 771 2299 immerito
793 2264 1022 2308 commendari,
1041 2272 1071 2299 et

317 2326 353 2360 ad
382 2325 499 2361 maiora
534 2324 587 2359 tibi
623 2322 848 2358 committenda
893 2323 1070 2370 promptius

319 2385 500 2419 invitemur.

368 2442 484 2478 Datum
509 2440 629 2475 Romae
652 2439 736 2486 apud
760 2438 795 2474 S.
819 2439 966 2484 Petrum,
989 2451 1070 2473 anno

320 2500 548 2536 incarnationis
570 2499 749 2533 dominicae
779 2497 946 2532 millesimo
975 2498 1072 2544 quiu-

320 2559 498 2605 gentesimo
515 2558 766 2602 decimoquarto,
788 2563 899 2602 quarto
924 2555 1073 2590 ltaleudas

322 2617 401 2662 iulii⁷
424 2615 623 2664 pontificatus
651 2614 749 2649 nosti-i
772 2625 855 2648 atino
877 2626 912 2648 ιι.

369 2673 430 2705 Dat.
449 2674 496 2704 die
517 2672 555 2703 28
571 2672 646 2702 iunii
666 2671 751 2709 1514,
774 2671 878 2711 pontif.
899 2680 974 2701 auno
992 2679 1023 2702 11.

400 2721 475 2754 Bait.
497 2721 575 2752 Rom.
597 2721 651 2751 vot.
677 2720 702 2750 V.
918 2719 954 2750 78

1734 281 1803 315 617

1423 348 1450 385 x
1474 352 1528 394 (ι).

1105 432 1281 465 luri'sdicti‘o
1326 430 1558 464 ordinariorum
1590 430 1856 463 ecclesiasticorum

1151 481 1351 525 coynoscenda'
1371 491 1548 525 quascumq.
1571 491 1679 512 causas
1697 479 1856 523 adfurum

1151 530 1385 564 ecclesiasticum
1398 535 1563 574 spectantes
1575 529 1607 561 in
1621 529 1725 572 prima
1736 529 1855 561 instan-

1152 581 1207 618 tia,
1229 581 1262 611 in
1288 590 1388 612 omnes
1401 589 1558 623 personas,
1575 579 1667 610 etiam
1688 584 1854 621 exemptas,

1151 630 1179 662 si
1199 629 1312 662 iudices
1337 629 1378 662 eis
1416 628 1484 660 daci
1508 635 1578 661 sunt
1604 628 1805 671 neqb'yenles;
1828 632 1855 659 et

1152 678 1310 711 innovatio
1323 678 1572 710 constitutionum
1584 677 1734 708 editarum
1749 682 1857 709 contra

1154 728 1345 772 impedientes
1362 727 1530 760 libertatem
1550 726 1782 759 ecclesiasticam
1797 726 1855 767 (2).

1373 803 1589 835 SUMMAutUM

1104 872 1271 902 Exordium.
1288 888 1327 894 —
1350 872 1376 902 1.
1394 870 1486 901 Causa
1507 871 1596 900 huius
1624 870 1855 902 constitutionis.

1143 933 1180 939 —
1192 916 1220 946 2.
1236 916 1351 946 ludices
1369 920 1568 953 exemptoruiu
1586 915 1743 952 diligenter
1758 916 1857 945 causis

1145 961 1380 997 incumbaut;—
1397 960 1424 990 3.
1443 960 1579 998 Alioquin
1599 960 1741 990 ordinarii
1759 960 1787 989 in
1805 969 1858 990 eos

1145 1006 1314 1044 procedant.
1337 1021 1376 1027 —
1390 1005 1419 1034 4.
1440 1004 1632 1033 Protoaotarii
1653 1004 1806 1041 apostolici
1831 1008 1859 1034 et

1144 1051 1192 1080 alii
1217 1050 1302 1081 Sedis
1327 1049 1510 1088 Apostolicae
1537 1049 1678 1079 officiales
1701 1054 1767 1079 actu
1797 1057 1859 1078 ser-

1147 1095 1256 1124 vientes
1276 1094 1398 1132 exempti
1423 1098 1491 1122 suut
1513 1103 1527 1121 a
1553 1093 1755 1123 iurisdictione
1774 1093 1857 1123 ordi-

1145 1139 1305 1168 nariorum.
1335 1154 1374 1160 —
1406 1138 1432 1166 5.
1461 1137 1632 1166 Familiares
1662 1136 1858 1167 cardinalium

1145 1188 1213 1212 snut
1229 1183 1316 1212 etiam
1336 1182 1470 1218 exempti,
1490 1182 1514 1210 si
1535 1186 1599 1210 actu
1621 1181 1759 1210 serviunt.
1777 1196 1816 1203 —
1830 1181 1858 1210 6.

1144 1226 1316 1257 Dioeccsani
1339 1225 1430 1255 semel
1457 1225 1486 1255 in
1505 1235 1582 1254 anno
1604 1226 1724 1254 visitent
1752 1233 1858 1254 mona-

1145 1272 1232 1301 steria
1253 1270 1436 1300 monialium.
1457 1286 1493 1291 —
1513 1269 1539 1299 7.
1557 1268 1764 1306 Exemptiones
1788 1269 1860 1298 irra-

1146 1315 1302 1346 tionabiles
1315 1316 1500 1345 damnantur.
1510 1330 1548 1336 —
1559 1314 1585 1343 8.
1597 1312 1710 1343 Causae
1723 1313 1752 1343 in
1766 1313 1859 1351 prima

1144 1361 1282 1389 instantia
1299 1369 1397 1389 coram
1417 1359 1566 1389 ordinario
1582 1362 1806 1394 cognoscantur.
1821 1374 1861 1381 —

1144 1405 1171 1435 9.
1190 1404 1306 1434 ludices
1326 1413 1382 1433 uon
1402 1403 1538 1432 doctores
1557 1402 1687 1432 iudicent
1704 1411 1771 1432 cum
1795 1407 1859 1431 voto

1145 1449 1317 1480 assessoris.
1335 1448 1437 1478 -10.
1461 1447 1658 1486 Impedientes
1682 1447 1861 1477 iurisdictio-

1144 1503 1210 1523 nem
1223 1492 1454 1523 ecclesiasticam
1473 1492 1575 1530 poenis
1595 1491 1806 1521 subiiciuutur.
1820 1506 1860 1513 —

1146 1539 1192 1569 11.
1210 1537 1361 1567 lunovatio
1383 1545 1639 1576 quarumcumque
1667 1536 1858 1566 constitutio-

1145 1592 1215 1613 num
1239 1585 1382 1612 editaruin
1402 1587 1501 1611 contra
1522 1582 1716 1619 impediente<
1739 1580 1861 1610 liberta-

1147 1633 1202 1658 tem
1223 1627 1468 1656 ecclesiasticam.
1486 1643 1524 1648 —
1544 1626 1589 1655 1⁶2.
1607 1625 1769 1655 Concilium
1794 1633 1860 1664 pro·

1145 1672 1270 1702 vinciale
1300 1671 1432 1710 quolibet
1457 1671 1583 1701 triennio
1611 1670 1789 1699 celebretur.
1820 1685 1860 1692 —

1147 1716 1192 1746 13.
1219 1716 1366 1745 innovatio
1390 1716 1504 1745 constit.
1527 1715 1645 1744 eom—itit
1666 1714 1806 1743 Vienueu.
1830 1714 1858 1743 it't

1147 1760 1237 1791 Clem.
1249 1760 1281 1790 V.
1300 1760 1337 1790 De
1355 1760 1431 1789 elect.
1446 1777 1485 1782 -
1501 1760 1546 1789 14.
1560 1758 1712 1788 Decretum
1730 1758 1858 1789 irritans.

1106 1838 1156 1867 Leo
1175 1837 1317 1873 episcopus
1336 1842 1431 1864 servus
1456 1842 1597 1864 servorum
1621 1833 1682 1867 Dei.
1707 1835 1741 1862 ad
1763 1840 1860 1870 perpe-

1152 1888 1231 1916 tuam
1256 1886 1297 1914 rei
1319 1885 1492 1919 memoriam,
1514 1891 1592 1914 sacro
1612 1884 1777 1920 approbante
1796 1883 1862 1914 Con·

1153 1937 1228 1966 cilio.

1157 2008 1316 2053 Regimini
1339 2007 1522 2042 universalis
1548 2006 1724 2050 Ecclesiae,
1747 2005 1862 2052 dispo-

1111 2067 1203 2092 nente
1221 2058 1367 2098 Domino,
1393 2057 1619 2102 praesidentes,
1643 2057 1726 2090 iuxta
1752 2064 1862 2100 pasto-

1112 2108 1182 2142 ralis
1209 2107 1302 2142 ostie-ii
1326 2107 1479 2149 debitum,
1508 2105 1641 2139 libenter
1669 2105 1863 2139 intendimus

1113 2157 1299 2191 utilitatibus
1325 2156 1538 2195 subditoiuuu
1561 2155 1598 2189 ad
1616 2155 1863 2189 conservandam

1112 2204 1866 2241 libertatemecclesiasticarumremovendascau-

1147 2279 1186 2314 (l)
1206 2277 1380 2305 Undecimum
1393 2276 1479 2302 locum
1497 2276 1521 2301 iu
1534 2274 1581 2301 Ed.
1597 2275 1673 2301 Rom.
1687 2274 1752 2301 baec
1763 2274 1866 2303 obtinet

1113 2319 1268 2346 constitutio
1286 2319 1323 2351 (n.
1341 2319 1390 2349 T.).
1429 2317 1468 2350 (Ξ)
1496 2316 1706 2343 Constitutiones
1725 2315 1789 2341 alias
1808 2316 1866 2342 edi-

1114 2366 1152 2385 tas
1181 2363 1273 2385 contra
1297 2357 1472 2390 impedientes
1497 2355 1644 2382 libertatem
1661 2355 1864 2382 ecclesiasticam

1114 2398 1174 2425 vide
1192 2399 1216 2424 in
1236 2396 1387 2423 lunoceutio
1405 2396 1449 2427 tu,
1468 2396 1579 2421 constit.
1602 2402 1708 2426 cxxxv,
1736 2398 1801 2421 tom.
1822 2403 1864 2427 nt,

1113 2447 1171 2472 pag.
1189 2439 1251 2469 ‘lt'du
1270 2437 1388 2463 l-louorio
1404 2437 1449 2468 ΙΙΙ,
1470 2437 1561 2462 Cous-t.
1582 2442 1668 2461 xcviii
1682 2455 1689 2466 ,
1707 2434 1783 2465 ibid..
1805 2443 1863 2469 pag.

1114 2479 1181 2511 57⁷i;
1202 2477 1333 2505 Bauifaciu
1355 2476 1402 2508 lx,
1420 2478 1510 2503 (Tonst.
1529 2483 1568 2505 vr,
1591 2480 1655 2501 tom.
1674 2481 1711 2505 iv,
1725 2481 1782 2508 pag.
1796 2475 1864 2507 ῠΙΙι;

1114 2518 1226 2545 Martium
1243 2516 1273 2547 V,
1291 2518 1382 2543 Coust..
1396 2523 1454 2543 xxi.
1468 2515 1544 2547 ibim,
1558 2523 1615 2549 pag.
1628 2514 1688 2540 72³8.
1708 2514 1781 2540 Circa
1802 2522 1866 2540 vero

1113 2559 1323 2585 iurisdictionem
1348 2557 1561 2587 ordinariorum,
1589 2555 1650 2580 vide
1674 2555 1755 2581 Cone.
1776 2553 1864 2586 Tr=d.,

1113 2607 1177 2626 sess.
1199 2606 1248 2630 vu,
1266 2606 1324 2629 cap.
1342 2597 1386 2628 1!t;
1403 2604 1469 2623 sess.
1488 2603 1548 2627 xiv,
1567 2603 1623 2630 cap.
1638 2595 1654 2621 4
1670 2599 1697 2621 et
1712 2601 1782 2629 seq.;
1796 2602 1862 2621 sess.

1114 2646 1193 2670 xxiv,
1213 2646 1273 2672 cap.
1289 2637 1334 2668 ‘20;
1357 2636 1510 2670 uultumque
1528 2639 1594 2670 quot
1606 2635 1682 2661 anuis
1694 2634 1741 2669 legi
1757 2634 1863 2661 solitam

1114 2679 1139 2705 in
1156 2677 1198 2705 die
1214 2678 1316 2705 Coeuae
1336 2676 1449 2703 Domini.

1872 291 1921 320 An.
1939 290 2053 319 01515

1909 2017 2028 2041 Exordium.
