2281 3251
141 291 190 318 An.
206 290 234 316 C.
253 289 315 317 tuti

374 342 400 371 3.
423 341 491 371 Eam
513 340 541 371 S.
564 339 730 378 Hieronymi
754 337 890 368 Fesulani
910 336 990 366 iubet
1004 345 1077 365 nun-

373 387 485 425 cupari.
505 402 542 407 —
558 384 586 415 4.
608 384 786 413 Conventum
810 382 985 412 Fesulanum
1010 390 1077 409 eon-

373 430 549 469 gregationis
571 433 657 466 caput
680 428 749 462 fore,
769 429 796 457 in
821 435 913 466 eoque
932 426 1075 463 generalia

372 474 499 514 capitula
523 474 585 511 cogi
606 472 755 511 praecipit.
774 488 812 493 —
829 472 856 506 5,
874 472 900 499 t).
925 470 1078 508 Praeposi-

374 523 493 558 lulllque
520 518 684 557 gellesulelll
708 527 741 545 at:
765 520 891 545 ΙἙΕΙΟΓΟΞ
924 515 1076 544 domorum

373 563 451 601 eligi.
468 580 507 585 —
530 563 556 599 7,
578 563 604 592 8.
627 561 755 597 Quorum
780 560 872 590 officia
901 560 928 589 in
952 559 1076 597 singulis

371 607 491 648 capituli
515 606 683 645 primordiis
702 606 842 645 expirent.
865 621 902 626 —
923 605 951 634 9.
974 603 993 634 li
1011 613 1077 633 vcro

372 661 437 681 cum
461 651 522 681 suis
545 650 684 680 fratribus
708 650 821 688 possint
843 649 1025 687 dispensare3
1040 664 1078 670 —

374 697 419 727 10.
441 695 557 726 Fratres
579 704 644 725 vero
663 699 797 732 vagantes
816 694 851 724 ad
874 694 998 723 claustra
1027 702 1075 721 re-

372 741 479 771 ducere
497 746 525 770 et
541 740 654 779 punire,
671 756 710 762 —-
722 739 768 768 11.
783 738 930 768 Personas
948 736 1077 771 Ordinis,

373 786 487 826 praevia
511 785 708 820 consessione,
730 783 893 819 absolvere,
910 799 948 804 —-
970 781 1015 810 12.
1045 780 1078 809 Et

371 831 414 860 eis
432 830 596 860 ministrare
619 832 810 864 sacramenta,
831 844 870 849 -
898 826 942 856 13.
961 825 1078 855 Profes-

372 874 484 904 sionem
516 882 582 903 vero
623 874 650 902 in
688 872 823 902 manibus
859 869 1017 909 praepositi
1051 874 1078 898 et

372 919 503 958 episcopi
523 919 666 948 emittere.
690 935 727 938 —
747 917 792 947 Η,
814 915 998 945 Obstantium
1022 914 1076 943 de-

373 963 493 1002 rogatio.

330 1040 463 1077 Eugenius
485 1039 623 1075 episcopus
636 1044 729 1067 servus
748 1043 886 1065 sorvorum
899 1035 955 1068 Dei.
968 1035 1078 1064 dilectis

345 1100 354 1106 ·
375 1090 441 1118 titiis
458 1088 591 1117 universis
610 1087 746 1117 fratribus
768 1086 793 1114 S.
813 1085 965 1120 Hieronymi
998 1084 1078 1112 Fesu—

375 1139 431 1168 lani
466 1137 627 1174 nuncupatis
641 1157 648 1169 .
681 1135 872 1172 praesentibus
896 1136 926 1163 et
959 1134 1077 1167 futuris.

377 1188 495 1218 satutem
513 1187 543 1215 et
562 1185 740 1221 apostoticam
763 1184 987 1212 benedictionem.

380 1259 485 1305 Super
505 1269 631 1303 gregem
655 1255 849 1291 dominicum
879 1264 1002 1290 nostrae
1026 1255 1077 1288 vi-

331 1307 476 1355 gilantiae
498 1307 650 1341 divinitus
676 1306 828 1341 creditum
853 1305 978 1349 intenti,
1004 1318 1078 1352 spe-

330 1357 489 1400 culatoris,
508 1367 598 1404 proiit
618 1355 708 1391 nobis
722 1355 859 1402 desuper
881 1355 1077 1399 conceditur,

329 1415 511 1442 exercentes
546 1405 701 1445 officium,
737 1404 957 1440 christifideles
985 1417 1077 1451 prae-

328 1457 435 1491 sertim
464 1455 599 1502 regulari
634 1454 850 1490 observantiae
872 1454 1012 1495 deditos,
1040 1467 1077 1489 eo

329 1506 543 1553 providentiae
570 1504 674 1540 studio
697 1504 863 1550 gubernari
886 1504 1075 1544 annuimus,

330 1565 363 1591 ut
389 1555 476 1591 suavi
499 1555 677 1601 Religionis
693 1555 766 1600 iugo
780 1555 948 1600 suppositi,
971 1554 1076 1588 curio-

328 1617 383 1640 sus
400 1604 562 1640 Ecclesiae
583 1611 738 1639 scrutator
753 1604 784 1637 in
806 1604 852 1639 eis
875 1603 918 1637 nil
941 1603 1076 1638 inveniat

329 1663 400 1690 nota
417 1655 561 1701 dignum,
581 1654 714 1702 ipsique,
739 1654 912 1687 animarum
941 1653 1075 1688 sublatis

329 1705 493 1751 periculis,
528 1704 636 1738 votivis
669 1703 927 1749 congratulentur
954 1704 1075 1738 eventi-

327 1753 398 1794 bus,
420 1761 451 1788 et
472 1753 671 1796 continuum,
686 1752 824 1787 Domino
847 1752 953 1788 dante.
975 1753 1076 1788 susci-

328 1803 414 1850 piant
442 1804 683 1838 incrementum.

375 1857 391 1896 ἓ
409 1852 536 1888 1.Sane
560 1865 616 1899 pro
635 1860 722 1900 parte
742 1860 841 1886 vestra
866 1851 955 1886 nobis
975 1865 1076 1900 nuper

139 1909 236 1947 fratrum
257 1912 313 1938 veti—
327 1901 464 1937 exhibita
488 1901 597 1949 petitio
619 1901 799 1936 continebat
817 1901 899 1949 quod
924 1915 990 1946 vos,
1006 1903 1074 1949 qui,

129 1945 159 1963 '¹⁰
170 1941 247 1970 ΡΨ*
328 1952 496 1987 mundanis
521 1952 634 1999 spretis
670 1951 841 1991 illecebris,
869 1951 951 1986 iuxta
978 1964 1076 1999 quas-

326 2000 397 2036 dam
420 2001 661 2037 constitutiones
681 2001 714 2036 S.
740 2000 921 2048 Hieronymi
944 2002 1003 2036 sub
1026 2014 1075 2036 re-

325 2050 423 2097 gulari
447 2051 642 2086 observantia
666 2051 816 2086 hactenus
842 2051 1074 2098 multiplicastis

325 2109 356 2134 et
384 2101 414 2135 in
436 2100 503 2135 dies
526 2100 744 2147 multiplicatis
767 2101 916 2135 virtutum
941 2102 1073 2143 meritis,

326 2157 411 2185 uteo
429 2150 574 2185 devotius
589 2149 753 2186 Altissimo
772 2150 914 2185 famulari
937 2152 1073 2196 valeatis,

325 2212 387 2246 quo
411 2212 464 2235 vos
478 2200 538 2235 sub
553 2199 657 2248 aliqua
678 2213 716 2235 ex
732 2200 864 2246 Regulis
888 2214 941 2247 per
956 2201 1072 2237 Sedem

325 2249 538 2296 Apostolicam
562 2249 743 2297 approbatis
764 2249 877 2296 degere
900 2263 1075 2297 conspexe-

326 2299 405 2344 ritis,
426 2299 485 2334 sub
507 2298 628 2346 Regula
651 2300 684 2335 S.
709 2299 897 2346 Augustini,
920 2300 957 2335 ad
980 2314 1073 2349 quani

325 2348 518 2395 singularem
541 2349 650 2396 geritis
666 2349 842 2384 devotionis
863 2349 1007 2385 affectum
1028 2352 1075 2385 vi-

325 2410 412 2439 vere,
446 2398 595 2447 illamque
618 2399 756 2447 profiteri
786 2399 956 2434 ferventius
987 2400 1075 2436 (lesi-

325 2447 452 2483 deratis.

373 2502 447 2550 52.
475 2502 560 2538 Hinc
591 2512 639 2538 est
668 2504 752 2552 qnod
783 2517 857 2545 nos,
892 2505 951 2552 qui*
976 2505 1073 2540 divini

128 2557 430 2616 „figuntaffigtcultus
457 2565 660 2604 augmentum
693 2571 746 2602 ac,
764 2558 926 2605 religionis
961 2571 1075 2606 propa-

290 2601 301 2616 ⁸
324 2611 495 2661 gationem,
532 2612 645 2648 nostris
673 2613 835 2660 potissime
869 2613 1073 2660 temporibus,

127 2624 240 2652 numius.

325 2666 430 2714 augeri
455 2666 586 2703 intensis
607 2667 772 2703 desideriis
799 2667 996 2708 affectamus,
1016 2668 1075 2716 piis

162 1312 290 1334 Prooniinm.

946 281 1101 305 amamus
1122 282 1153 303 IV

1769 270 1810 281 ..-

1181 281 1226 303 ΡΡ.
1768 281 1811 301 ῠῦ
1878 278 1926 304 An.
1943 277 1971 303 C.
1989 277 2050 303 stat

1120 335 1228 370 vestris
1255 334 1283 368 in
1309 334 1364 367 liae
1395 340 1479 380 parte
1501 331 1784 378 supplicationibus
1813 332 1862 365 in-

1118 384 1234 423 clinati,
1268 383 1369 425 vobis,
1407 390 1440 417 ut
1469 381 1624 429 prioribus
1657 381 1806 416 vocabulo
1833 390 1862 414 et

1119 435 1331 469 nominatione
1353 433 1387 466 S.
1416 430 1595 479 Hieronymi
1619 430 1862 470 remanentibus.

1120 484 1257 518 liabitnm
1281 496 1373 531 quem
1394 482 1557 528 bucusque
1582 488 1703 526 gestare
1728 492 1863 515 consue—

1120 534 1217 574 vistis,
1240 541 1371 579 gestare,
1399 540 1428 566 et
1444 531 1556 566 dictam
1573 529 1724 575 Regulam
1740 530 1773 564 S.
1799 529 1864 563 Αυ-

1118 584 1246 630 gustini,
1262 582 1364 629 quoad
1381 582 1436 616 tria
1448 583 1491 624 (1)
1503 579 1714 614 substantialia
1731 587 1864 619 tantum,

1119 632 1263 667 videlicet
1278 631 1500 674 obedientiam,
1518 629 1688 664 castitatem
1705 629 1777 663 etin
1800 641 1865 675 par-

1120 683 1237 717 ticulari
1272 688 1482 729 paupertatem
1507 679 1643 726 profiteri
1670 691 1706 712 ac
1728 678 1788 713 sub
1815 679 1864 713 illa

1120 732 1233 771 vivere;
1257 743 1378 766 necnon
1403 730 1481 773 loca,
1504 729 1624 767 domos,
1646 728 1711 763 sive
1733 729 1864 762 oratoria

1118 781 1154 815 ad
1175 793 1227 815 vos
1245 781 1429 827 spectantia,
1449 780 1478 813 in
1502 778 1613 813 domos
1625 778 1689 813 sive
1711 778 1865 825 prioratus

1118 831 1219 864 dictae
1242 830 1380 875 Regulae
1402 830 1435 864 S.
1457 828 1645 875 Augustini,
1666 840 1738 862 cum
1760 827 1866 862 Eccle-

1118 880 1184 919 siis,
1203 880 1412 919 coemeteriis,
1434 877 1675 925 campanilibus,
1692 877 1865 924 campanis,

1119 929 1228 969 bortis,
1249 929 1412 963 liortalitiis
1439 936 1468 963 et
1494 928 1564 963 aliis
1587 927 1770 962 necessariis
1797 927 1866 961 offi-

1119 979 1210 1021 cinis,
1225 979 1345 1024 erigere
1368 978 1505 1025 possitis.

1167 1029 1227 1076 §3-
1245 1028 1285 1062 Et
1300 1028 1381 1075 quod
1398 1040 1451 1062 vos
1468 1039 1577 1062 omnes
1590 1035 1619 1060 et
1634 1026 1748 1072 singuli
1764 1038 1863 1061 unum
1893 1033 1940 1070 ΒΨ
1956 1034 1977 1054 S·
1992 1033 2065 1069 Βίοτοῑ

1119 1090 1234 1125 corpus
1248 1087 1278 1112 et
1301 1090 1360 1112 una
1383 1076 1595 1123 congregatio,
1618 1076 1702 1122 qnod
1723 1088 1778 1110 seu
1796 1088 1865 1122 quae
1879 1071 1937 1116 ξ’ἔδᾞ
1964 1064 2064 1117 Ρζῗζιῖζῖ

1118 1128 1320 1174 congregatio
1352 1126 1480 1162 fratrum
1504 1126 1536 1161 S.
1560 1125 1742 1172 Hieronymi
1764 1125 1865 1160 Fesu-
1879 1128 1932 1153 ΡΨ»

1119 1178 1179 1211 lani
1204 1185 1416 1224 nuncupetur,
1435 1176 1502 1210 sitis
1525 1185 1553 1210 et
1575 1187 1644 1209 esse
1662 1175 1864 1209 censeamini.

1167 1227 1186 1274 S
1206 1231 1237 1261 4.
1254 1226 1395 1270 Necnon,
1411 1225 1643 1274 quamprimum
1661 1223 1814 1270 Regulam
1829 1224 1864 1259 S.
1887 1232 2016 1253 Conveniam
2028 1232 2064 1253 Fe-

1118 1275 1285 1323 Augustini
1310 1275 1490 1311 liuinsmodi
1520 1274 1648 1322 professi
1677 1273 1808 1311 fueritis,
1831 1264 2063 1321 utZssssssjssnifssfl]

1119 1326 1306 1373 praefertur,
1335 1337 1390 1372 pro
1414 1333 1515 1360 vestro
1542 1336 1577 1358 ac
1609 1324 1773 1358 domorum
1809 1336 1863 1358 seu
1880 1325 2062 1375 ⁹⁰2¹⁰¹⁰³¹³0¹07

1119 1376 1313 1423 prioratuum
1335 1375 1371 1410 ad
1396 1387 1450 1410 vos
1472 1373 1706 1421 pertinentium,
1739 1381 1800 1407 tam
1835 1373 1863 1407 in
1880 1361 2062 1414 ἓῖξῑιηῧεωῖοὲῗ

1117 1425 1334 1473 spiritualibus
1349 1436 1441 1472 quam
1457 1424 1485 1458 in
1502 1422 1738 1470 temporalibus,
1749 1422 1866 1457 salubri
1881 1420 1990 1446 ''⁰⁵⁹⁰il'i'·

1118 1483 1212 1515 statu,
1237 1475 1266 1509 in
1284 1474 1378 1509 domo
1401 1486 1456 1509 seu
1479 1473 1615 1521 prioratu
1632 1472 1665 1507 S.
1682 1472 1864 1520 Hieronymi

1118 1524 1284 1566 Fesulani,
1306 1536 1400 1572 quam
1425 1536 1479 1558 seu
1503 1535 1596 1570 quem
1619 1530 1754 1557 vestrum
1779 1522 1867 1569 prin·

1117 1574 1217 1622 cipale
1240 1583 1346 1622 caput,
1369 1574 1418 1608 cui
1442 1572 1518 1608 aliae
1539 1584 1595 1607 seu
1618 1572 1667 1606 alii
1690 1571 1804 1606 domus
1819 1572 1865 1606 vel

1119 1625 1271 1671 prioratus
1308 1624 1346 1659 ad
1384 1636 1437 1658 vos
1471 1629 1648 1670 spectantes
1684 1621 1864 1656 huiusmodi

1117 1673 1243 1709 subsint
1265 1681 1295 1708 et
1318 1673 1456 1708 membra
1479 1673 1626 1711 existant,
1649 1671 1714 1706 fore
1735 1679 1866 1718 aposto-

1117 1723 1174 1758 lica
1194 1724 1378 1759 auctoritate
1392 1722 1593 1757 decernimus
1603 1720 1660 1755 bac
1673 1721 1772 1768 prima
1788 1721 1865 1765 vice⁷

1116 1781 1147 1808 et
1168 1773 1355 1813 successive,
1377 1772 1469 1807 annis
1492 1771 1635 1817 singulis,
1663 1770 1786 1817 singula
1813 1782 1866 1805 ca-

1118 1823 1211 1870 pitula
1235 1823 1404 1869 generalia,
1434 1823 1463 1856 in
1494 1820 1629 1867 singulis
1656 1820 1731 1855 locis
1753 1828 1784 1855 et
1804 1828 1866 1855 ter-

1117 1873 1210 1907 minis
1224 1873 1261 1907 ad
1280 1873 1309 1907 id
1325 1885 1380 1920 per
1396 1884 1491 1906 unum
1510 1872 1623 1918 primo,
1642 1878 1671 1905 et
1687 1870 1864 1905 successive

1117 1934 1171 1969 per
1191 1922 1312 1969 singula
1347 1922 1481 1969 capitula
1506 1920 1661 1968 praedicta
1689 1919 1864 1955 statuendis

1116 1980 1145 2007 et
1166 1972 1361 2012 ordinandis,
1388 1971 1549 2007 celebrari.

1164 2022 1183 2069 S
1211 2026 1243 2057 5.
1271 2021 1317 2057 Ac
1340 2023 1368 2056 in
1393 2020 1572 2056 huiusmodi
1595 2018 1742 2066 capitulis
1765 2031 1860 2053 unum
1890 2033 2046 2061 Praepositum—

1117 2072 1147 2106 in
1162 2080 1297 2107 vestrum
1317 2071 1464 2119 generale
1482 2070 1705 2119 praepositum,
1728 2069 1861 2116 priorem
1877 2066 2057 2118 ζζθηξῗξξὲζᾙ

1115 2133 1145 2158 et
1173 2131 1304 2168 patrem.
1862 2133 1956 2149 morum
1971 2128 2026 2154 eligi.

1164 2173 1184 2220 S
1206 2177 1239 2208 6.
1263 2173 1393 2208 Necnon
1421 2171 1459 2208 ad
1488 2170 1625 2217 regimen
1647 2177 1678 2204 et
1703 2169 1863 2216 guberna-

1116 2222 1231 2257 tionem
1255 2222 1448 2269 singularum
1472 2221 1638 2255 domorum
1661 2231 1716 2254 seu
1742 2218 1863 2266 priora-

1117 2281 1204 2307 tuum
1223 2272 1405 2308 huiusmodi
1424 2270 1566 2317 singulos
1589 2279 1725 2305 rectores
1747 2268 1862 2314 eligere

1115 2332 1145 2358 et
1172 2322 1334 2370 deputare.
1359 2322 1420 2364 Qui
1450 2321 1496 2356 sic
1523 2333 1577 2368 pro
1605 2328 1746 2366 tempore
1770 2318 1860 2353 electi

1115 2381 1146 2408 et
1161 2372 1314 2420 deputati,
1327 2372 1447 2419 absque
1463 2374 1508 2415 (2)
1521 2366 1655 2406 alicuius
1667 2369 1803 2415 desuper
1817 2368 1861 2402 eis

1117 2422 1275 2458 faciendae
1301 2421 1569 2461 confirmationis,
1604 2419 1778 2455 collationis
1804 2432 1858 2454 seu

1117 2473 1301 2520 provisionis
1318 2471 1508 2519 apostolicae
1530 2483 1585 2505 seu
1601 2469 1785 2510 ordinariae,
1805 2468 1860 2503 fra-

1116 2531 1190 2564 tres,
1213 2523 1324 2558 domos
1345 2535 1380 2556 ac
1400 2522 1553 2569 prioratus
1585 2519 1643 2554 sibi
1676 2518 1860 2553 commissos

1116 2574 1145 2608 in
1168 2571 1386 2620 spiritualibus
1413 2581 1442 2606 et
1478 2568 1703 2618 temporalibus
1731 2579 1858 2615 regere.

1115 2632 1145 2659 et
1167 2624 1227 2658 illis
1250 2635 1382 2670 praeesse
1411 2622 1540 2657 valeant.

1149 2680 1190 2716 (i)
1207 2681 1285 2708 Deest
1301 2680 1318 2707 t'.
1340 2684 1400 2707 vota
1420 2680 1463 2715 (n.
1476 2679 1531 2714 τ.).
1551 2678 1591 2713 (2)
1607 2677 1685 2704 Deest
1697 2675 1738 2702 hic
1748 2674 1856 2712 aliquid.
