2281 3251
112 245 159 271 Αιι.
178 244 204 271 C.
228 244 292 271 lssittss

121 449 249 498 Ιζ·.ιιιιι,>ιιι[Η,[

943 241 1044 262 titii-3

309 298 464 333 uariorum
487 297 627 331 locorum
656 295 685 329 in
716 294 965 330 absolutionibus
991 298 1052 329 tiu-

308 347 440 382 iusmodi
470 346 651 381 scandalum
675 345 818 380 evitetur.

355 398 375 443 S
408 399 440 432 9.
476 396 574 431 Porro
608 395 705 441 quieti
742 403 860 429 vestrae
889 394 1052 441 proxideit

253 447 447 499 ¹¹¹2¹·volentes
466 473 473 487 ,
509 444 593 492 quod
629 457 684 492 per
712 446 815 479 literas
850 444 1052 491 Apostolicat

263 517 291 530 r
287 482 399 531 Sedis
420 503 473 530 aut
495 495 666 540 tenatorum
695 507 749 529 seu
778 494 929 540 subdeleg
920 502 1051 528 aterum

308 546 405 592 ipsius
427 544 584 579 conveniri
608 557 623 578 a
651 557 808 592 quoquam
838 544 967 578 minime
996 556 1052 578 va-

308 595 407 636 leatis3
430 602 461 629 et
482 594 564 641 quod
589 594 627 628 ad
653 595 818 641 pecuniam
846 593 1052 648 collige-Midum

308 645 375 690 cogi
400 657 460 679 non
484 644 611 691 possitis
634 644 719 678 ἰιιιίῑί
743 656 798 691 per
825 643 960 678 literas
956 643 1054 690 ipsius

307 693 399 729 Sedis
431 694 469 728 de
502 702 626 728 caetero
659 692 883 749 impetrandam
906 693 1053 748 quodque

308 743 413 778 nullus
435 751 570 778 testium
599 744 801 778 correctionis
828 754 883 777 seu
907 743 1053 776 ιιεὶιιιιιο-

309 793 356 828 uis
379 793 424 828 vel
448 793 662 840 inquisitionis
690 793 827 827 officium
857 792 1054 826 monasteriis

309 843 354 877 vel
387 843 528 878 ecclesiis
551 856 606 878 seu
629 842 887 889 quibuscumque
912 841 1054 888 personis

308 892 503 940 impendere,
527 893 572 927 vel
596 892 632 926 ad
655 892 854 938 cognitiones
876 903 1054 933 causarum,

307 942 469 977 citationes
492 942 624 990 partium
648 950 676 976 et
699 941 958 976 denunciationes
981 952 1055 974 sen—

307 992 475 1027 tentiarum
521 991 677 1026 interdicti
718 992 764 1025 vel
792 990 1056 1025 excommunica—

307 1042 430 1076 tionum
465 1041 656 1088 precedere,
686 1048 739 1074 aut
773 1041 912 1087 recipere
949 1052 1054 1073 euram

308 1092 493 1126 monialium
522 1103 575 1126 seu
600 1091 817 1136 religiosarum
841 1088 1054 1136 quarumlibet

309 1153 525 1188 personarum,
543 1141 601 1175 illis
616 1141 779 1174 dumtaxat
801 1139 953 1186 exceptis⁷
978 1150 1057 1185 quae

308 1193 337 1224 in
353 1191 463 1225 vestris
478 1189 597 1236 Regula
611 1190 656 1224 vel
679 1189 960 1224 constitutionilms
980 1200 1057 1222 con-

309 1241 470 1280 tinentur,
505 1248 558 1274 aut
590 1251 670 1285 quae
705 1238 823 1273 fuerint
849 1238 1058 1272 demandato

308 1289 508 1336 Apostolicae
549 1289 641 1323 Sedis
681 1296 851 1335 exceptae,
895 1296 1057 1330 teneatur,

312 1352 365 1386 per
386 1339 491 1373 literas
513 1338 701 1385 apostolicas
723 1338 904 1385 impetratas
926 1336 974 1371 vel
999 1338 1058 1371 im-

309 1388 475 1435 petrandas
505 1388 534 1422 in
565 1396 747 1434 posterum,
782 1388 840 1421 nisi
877 1386 1057 1420 huiusmodi

307 1438 497 1485 apostolicae
523 1437 631 1472 literae
654 1437 691 1472 de
715 1437 774 1471 boc
798 1437 920 1471 indulto
943 1445 973 1470 et
995 1435 1056 1470 Or-

308 1487 381 1522 dine
395 1496 495 1522 vestro
506 1499 688 1533 expressam
704 1486 837 1521 feceriut
851 1486 1058 1523 mentionem

307 1538 493 1571 auctoritate
526 1537 698 1582 apostolica
729 1536 818 1570 vobis
847 1535 1058 1581 indulgemus

309 1586 524 1621 Concedimus
546 1586 637 1620 etiam
662 1594 695 1620 ut
722 1587 758 1620 ad
783 1585 933 1619 visitanda
956 1584 1058 1631 aliqua

309 1636 495 1671 monasteria
523 1635 718 1678 monialium,
746 1636 973 1681 cuiuscumque
997 1634 1059 1669 Or-

309 1685 404 1729 dinis,
432 1685 493 1719 illis
520 1685 660 1731 exceptis
687 1697 767 1732 quae
793 1685 887 1729 (sicut
912 1684 1060 1731 praemit-

311 1735 394 1779 titur)
413 1735 441 1769 in
460 1735 569 1769 vestris
580 1735 700 1781 Regula
718 1734 765 1768 vel
782 1733 1061 1769 constitutionibus

310 1785 521 1825 continentur,
540 1794 591 1819 aut
609 1797 688 1831 quae
712 1784 829 1818 fuerint
852 1784 889 1818 de
913 1783 1060 1817 mandato

310 1834 510 1881 Apostolicae
532 1834 625 1869 Sedis
647 1843 788 1880 excepta,
816 1834 862 1867 vel
886 1833 1060 1867 audiendas

310 1884 523 1919 consessiones
542 1896 650 1918 earum
665 1883 811 1929 compelli
828 1883 983 1917 ullatenus
999 1895 1059 1916 non

312 1934 443 1980 possint,
457 1942 509 1968 aut
524 1933 562 1968 ad
580 1934 794 1980 recipiendum
819 1932 1061 1967 commissiones

311 1995 475 2018 causarum
499 1995 555 2017 seu
582 1983 806 2017 sententiarum
830 1982 1062 2029 exequutiones

312 2032 358 2067 vel
380 2032 437 2067 alia
468 2032 682 2079 contingentia
705 2044 816 2067 causas
840 2033 922 2079 ipsas
946 2044 1000 2078 per
1021 2031 1059 2065 li-

313 2090 393 2117 teras
421 2082 576 2129 praefatae
592 2081 697 2122 Sedis,
713 2082 742 2116 in
759 2081 877 2128 quibus
900 2081 977 2116 facta
998 2093 1059 2115 non

313 2132 404 2166 fuerit
435 2131 473 2166 de
501 2131 695 2177 indulgentia
731 2131 912 2166 huiusmodi
945 2131 1061 2165 mentio

312 2181 469 2237 specialis,
492 2181 556 2215 sive
581 2193 637 2228 per
664 2181 783 2227 legatos
819 2181 865 2214 vil
900 2180 1062 2227 delegatos

314 2231 423 2287 ipsius.
453 2230 565 2265 Nullus
594 2232 721 2277 insuper
743 2230 1000 2277 archiepiscopus
1016 2230 1060 2264 vel

314 2281 495 2336 episcopus,
523 2293 581 2316 nec
607 2282 687 2316 alius
721 2280 877 2327 praelatus
911 2279 1063 2314 ecclesia—

314 2331 412 2365 sticus
445 2330 493 2365 vel
523 2343 631 2365 eorum
653 2330 758 2365 vicarii
786 2330 832 2364 tel
856 2329 1004 2364 officiales
1025 2330 1061 2363 ad

317 2380 503 2426 portandum
540 2393 597 2415 seu
629 2379 835 2414 deserendum
864 2379 992 2421 literas,
1016 2380 1062 2413 vel

316 2429 537 2476 exequendum
553 2438 607 2464 aut
621 2429 872 2464 denuntiandum
892 2429 1064 2463 sententias

317 2487 422 2513 contra
440 2479 600 2527 principes
615 2478 1063 2523 saeculares,communitates,

319 2529 452 2576 populos
466 2541 521 2564 seu
544 2541 760 2576 quoscumque
782 2527 999 2563 benefactores
1013 2541 1065 2562 ve-

319 2586 411 2622 stros,
433 2578 603 2625 nullusque
629 2578 791 2624 delegatus
819 2577 863 2612 vel
887 2578 1065 2612 ordinarius

321 2626 413 2662 iudex
440 2628 478 2662 ad
515 2627 690 2663 Faciendum
715 2627 879 2663 citationes
908 2627 953 2662 vel
977 2639 1065 2662 comss

1727 227 1788 243 ,-..

1095 294 1261 328 missiones
1289 293 1505 340 recipiendas3
1533 292 1597 327 sive
1619 292 1701 340 quod
1725 293 1791 326 sitis
1811 293 1839 325 in

1094 345 1197 378 causis
1229 343 1388 391 aliquibus
1428 355 1614 383 assessores,
1641 354 1696 377 seu
1719 342 1756 376 ad
1784 342 1841 376 alia

1096 393 1166 428 lites
1189 394 1234 428 vel
1259 393 1487 428 controversias
1503 392 1715 438 contingentia
1730 392 1844 426 incau-

1094 444 1152 484 sis,
1181 456 1261 490 quae
1284 455 1387 477 coram
1417 443 1491 488 ipsis
1528 450 1708 485 tractantur,
1730 454 1843 488 quem-

1094 506 1189 540 qnam
1218 501 1355 527 vestrum
1385 491 1572 539 compellere
1605 491 1750 534 valeant,
1777 492 1843 524 sine

1096 543 1272 590 praedictae
1296 543 1388 577 Sedis
1412 541 1557 576 mandato
1584 549 1614 575 et
1636 541 1759 575 licentia
1776 552 1846 587 spe-

1095 593 1175 636 ciali,
1186 604 1363 639 expressam
1377 592 1509 626 faciente
1523 591 1633 625 dehac
1649 590 1843 636 indulgentia

1096 642 1305 676 mentionem:
1328 654 1383 675 nec
1402 642 1568 687 quisquam
1584 648 1720 675 vestrum
1738 652 1844 687 parere

1097 692 1142 725 vel
1167 691 1328 725 intendere
1343 698 1496 735 teneatur,
1514 703 1610 737 super
1628 690 1677 733 iis,
1697 690 1844 724 monitio-

1097 741 1203 785 nibus,
1231 741 1386 775 mandatis
1419 749 1470 774 aut
1500 739 1693 774 iussionibus
1716 752 1845 773 eorum-

1097 790 1181 830 dem,
1208 799 1262 824 aut
1284 790 1384 824 facere
1414 789 1460 823 vel
1485 789 1616 836 implere
1635 789 1717 836 quod
1739 789 1769 823 in
1786 788 1843 822 hac

1099 849 1184 886 parte
1207 839 1332 873 duxerit
1355 839 1598 884 iniungendum.

1145 890 1165 936 g
1197 891 1249 923 10.
1273 889 1439 923 Caeterum
1456 888 1610 934 generalis
1624 887 1845 934 acprovincia-

1098 939 1142 972 les
1165 947 1357 973 correctores
1382 950 1416 972 ac
1438 938 1575 984 ipsorum
1595 938 1710 981 vicarii,
1725 937 1794 971 illos
1810 950 1844 971 ex
1861 938 1891 951 ¹¹¹⁵

1099 988 1256 1031 siffauibus,
1272 988 1310 1022 de
1329 987 1458 1035 quibus,
1483 988 1665 1022 auctoritate
1687 988 1865 1021 literarum=

1097 1037 1190 1072 Sedis
1205 1038 1403 1084 Apostolicae
1426 1037 1471 1071 vel
1494 1037 1684 1082 legatorum
1706 1036 1745 1070 ab
1769 1032 1872 1083 ipsis'ss

1098 1087 1345 1134 archiepiscopis
1379 1095 1409 1121 et
1443 1086 1601 1141 episcopis
1627 1099 1662 1120 ae
1684 1086 1754 1120 aliis
1776 1087 1848 1132 qui-

1099 1137 1298 1183 buscumque
1322 1137 1480 1183 provisum
1504 1136 1604 1170 extitit
1627 1135 1698 1169 vel
1694 1148 1722 1169 m
1742 1144 1848 1182 poste-

1100 1199 1168 1220 rum
1203 1186 1368 1233 contigerit
1407 1185 1582 1233 provideri,
1605 1185 1781 1231 corrigere,
1813 1197 1848 1219 ae

1099 1236 1214 1280 etiam,
1247 1248 1307 1270 non
1336 1236 1478 1271 obstante
1505 1235 1686 1269 conditione
1721 1234 1822 1281 aliqua
1840 1262 1847 1273 ,

1101 1286 1222 1332 possint
1243 1285 1280 1320 ad
1309 1298 1402 1320 suum
1426 1284 1580 1319 Ordinem
1605 1296 1768 1328 revocare,
1791 1296 1848 1318 nec

1101 1348 1155 1382 per
1182 1335 1287 1369 literas
1311 1335 1451 1370 eiusdem
1472 1333 1563 1369 Sedis
1592 1347 1646 1368 seu
1675 1334 1847 1379 legatorum

1103 1385 1203 1432 ipsius
1226 1385 1284 1419 iam
1308 1385 1451 1419 obtentas
1478 1384 1525 1418 vel
1549 1384 1586 1418 de
1613 1392 1736 1418 caetero
1764 1384 1849 1417 obti-

1102 1434 1232 1478 nendas,
1255 1434 1377 1482 aliquos
1399 1434 1437 1468 de
1460 1434 1638 1468 fratiibus
1632 1434 1732 1479 ipsius
1753 1432 1849 1467 Ordi-

1102 1485 1150 1518 nis
1179 1484 1324 1530 praefatis
1347 1484 1592 1539 archiepiscopis
1627 1492 1657 1516 et
1691 1483 1849 1529 episcopis

1101 1542 1153 1568 aut
1175 1534 1243 1568 aliis
1266 1541 1429 1568 teneantur
1445 1547 1474 1567 ιιι
1489 1545 1592 1567 socios
1611 1533 1774 1579 deputare
1790 1546 1837 1566 ms
1843 1546 1847 1565 ι

1101 1583 1203 1616 dimne
1237 1584 1343 1618 literae
1371 1584 1561 1630 apostolieae
1599 1582 1789 1616 obtinendae
1810 1582 1848 1615 dt

1103 1633 1224 1667 indulto
1247 1633 1427 1668 huiusmodi
1443 1632 1607 1667 etOrdine
1630 1633 1698 1678 ipso
1720 1643 1849 1678 expres-

1101 1695 1165 1717 sam
1196 1682 1326 1717 fecerint
1353 1682 1560 1727 mentionem,
1583 1691 1611 1716 et
1634 1682 1710 1716 alias
1733 1681 1762 1715 id
1788 1681 1850 1715 ho—

1103 1733 1216 1767 nestati
1243 1732 1373 1767 Ordinis
1395 1740 1422 1766 et
1447 1732 1570 1766 illorum
1596 1731 1686 1766 saluti
1716 1730 1851 1765 viderint

1102 1782 1261 1829 expedire.
1295 1782 1410 1817 Nullus
1444 1790 1547 1816 autem
1572 1782 1712 1827 legatus,
1731 1781 1789 1815 nisi
1813 1780 1851 1814 de

1103 1833 1198 1866 latere
1222 1840 1329 1866 nostro
1345 1833 1472 1873 missus,
1487 1832 1671 1866 auctoritate
1692 1830 1849 1864 literarum

1102 1882 1194 1917 Sedis
1209 1882 1396 1928 apostolicae
1410 1881 1576 1927 specialem
1597 1881 1635 1915 de
1659 1881 1717 1914 hoe
1731 1879 1852 1914 indulto

1102 1940 1133 1966 et
1154 1932 1263 1966 ordine
1296 1939 1402 1966 nostro
1426 1931 1606 1965 facientium
1640 1929 1851 1969 mentiouem;

1103 1981 1273 2027 nullusque
1297 1981 1465 2028 praelatus,
1491 1981 1583 2015 etiam
1607 1978 1772 2014 cardinalis
1786 1978 1852 2013 Ro-

1103 2043 1213 2066 manae
1236 2031 1407 2071 Ecclesiae‚
1431 2043 1488 2065 nec
1510 2030 1613 2077 aliqua
1642 2041 1773 2076 persona
1797 2041 1853 2063 re-

1103 2081 1211 2127 ligiosa
1234 2080 1280 2115 vel
1303 2080 1485 2121 saecularis,
1513 2079 1552 2114 de
1581 2079 1729 2114 fratribus
1764 2078 1851 2113 eius-

1103 2130 1174 2165 dem
1194 2130 1336 2175 Ordinis,
1352 2130 1389 2165 ad
1406 2142 1461 2164 sua
1480 2142 1534 2164 seu
1552 2128 1713 2163 Ecclesiae
1729 2128 1851 2174 negotia

1104 2180 1312 2228 procuranda,
1328 2159 1374 2215 iel
1398 2192 1505 2214 secum
1524 2178 1714 2213 manendum
1731 2178 1853 2225 aliquos

1103 2242 1263 2265 assumere
1287 2230 1405 2274 valeat,
1429 2230 1488 2264 nisi
1517 2241 1597 2276 quos
1623 2227 1779 2274 generalis
1806 2227 1850 2262 vel

1105 2279 1306 2327 provincialis
1333 2287 1491 2314 corrector
1515 2279 1667 2323 ipsotQum
1692 2286 1849 2324 tamquam

1105 2330 1237 2364 idoneos
1264 2338 1293 2364 et
1315 2329 1469 2364 discretos
1503 2328 1561 2362 sibi
1597 2328 1744 2362 duxerint
1772 2327 1849 2362 assi-

1105 2379 1264 2425 gnandos,
1287 2391 1365 2425 quos
1392 2379 1487 2414 etiam
1517 2378 1679 2413 subiacere
1707 2377 1853 2412 volumus

1105 2428 1235 2463 Ordinis
1261 2428 1457 2475 disciplinae.

1154 2479 1173 2525 S
1198 2481 1253 2512 511
1280 2478 1350 2512 Illos
1373 2491 1446 2513 vero
1466 2478 1566 2524 ipsius
1584 2476 1713 2511 Ordinis
1733 2476 1853 2515 fratres,

1105 2530 1158 2575 qui
1187 2528 1224 2562 ad
1254 2540 1299 2575 [ιιι
1291 2527 1496 2562 dedicandum
1520 2526 1667 2566 Crucem
1686 2526 1731 2560 vel
1748 2523 1897 2573 inqui-f

1108 2578 1238 2613 rendunt
1263 2585 1368 2612 conna
1386 2577 1566 2624 pravitatem
1581 2575 1781 2619 haereticam,
1797 2588 1851 2610 seu
1870 2577 1939 2616 '‚1'.„.„

1141 2641 1179 2676 (1)
1196 2641 1271 2667 Cone
1293 2639 1376 2672 Tria,
1390 2647 1453 2666 sess¹

1473 2647 1541 2667 xxv.
1558 2640 1592 2665 De
1604 2638 1808 2672 limalonscap.
1827 2638 1852 2663 lt.
1870 2626 1919 2642 imm
1946 2625 1948 2634 Ι

1856 239 1904 264 λιι.
1924 240 1952 263 (ἶ,
1975 237 2039 263 thos»

1876 900 1958 921 Fratre<
1981 900 2044 919 Ordi-

1901 935 2044 957 titinpusxunt,

1861 964 1895 982 ιι1«
1888 969 1924 988 squ
1919 968 1938 982 ie
1959 968 2006 988 ,«ι·ι[ι
2012 962 2045 1012 μὲΙῐ

1868 995 1933 1013 naiaid
1937 997 1956 1013 tn
1966 992 1992 1012 1¹.-
1987 1000 2019 1019 ipa

1862 1025 1907 1044 aliis
1922 1026 1945 1044 ιιΙ
1950 1030 2004 1043 sert

1866 1059 1896 1075 t
1908 1057 1951 1075 rrd
1955 1061 2009 1075 serv
2019 1029 2043 1074 ad

1862 1088 1888 1107 Oi
1892 1063 1918 1106 fii
1929 1093 1960 1106 vm
1983 1091 2031 1105 revn
2036 1096 2046 1099 -

1862 1095 1949 1144 caiip'vw
1953 1117 2043 1137 ιη’1

1881 2491 1895 2508 t.·
1908 2498 1909 2501 ι
1936 2497 1938 2501 ·
1968 2490 1979 2509 l'
2007 2494 2043 2508 rur

1870 2547 1900 2562 rit>
1949 2550 1954 2562 1
