2281 3251
134 268 184 294 An.
203 266 232 294 C.
251 267 319 294 tesza

149 329 178 349 Μ’
189 328 320 365 eruunt,-
334 337 415 363 san..
431 323 529 360 nostri
548 324 578 358 iu
602 322 822 370 spiritualibus
846 323 875 358 in
899 323 978 358 alma
1003 323 1087 358 Urbe

134 360 249 417 2¹:2¹2?ssss
266 360 320 411 523¹!
335 373 453 419 vicarii,
482 385 584 421 nuper
605 371 741 407 exhibita
773 373 864 407 nobis
896 372 1087 412 continebat,

131 422 273 447 ⁰¹¹‘⁰²¹⁰¹¹⁰'·
337 422 424 470 quod
460 422 581 458 dudum
615 421 808 457 venerabilis
851 421 945 457 frater
982 430 1088 457 noster

333 471 458 516 Daniel,
480 473 652 520 episeopus
677 471 855 515 parentia„
883 480 958 506 tune
983 481 1088 507 noster

335 522 365 557 in
388 521 471 557 dicta
495 521 570 557 urbe
601 522 630 555 in
655 520 873 568 spiritualibus
896 522 1014 556 eisdem
1040 522 1087 555 vi-

333 572 449 615 carius,
466 571 634 606 intendens
658 570 874 605 reformationi
896 570 1086 606 dilectorum

334 620 470 656 filiorum
508 620 646 655 universi
679 620 753 655 cleri
782 620 885 655 dictae
908 621 1007 664 urbis,
1032 634 1087 668 pro

333 681 444 706 eorum
467 669 600 705 salutari
623 670 777 716 regimine
799 679 829 704 et
854 671 911 704 vita
936 669 1086 707 laudabili

334 718 503 755 nonnullas
531 719 775 754 constitutiones
802 728 832 754 et
860 719 1087 760 ordinationes,

333 776 428 816 prout
471 769 502 803 in
536 768 672 817 quodam
713 769 925 804 instrumento
963 768 1088 816 publico

332 830 430 865 super
470 817 530 853 hoe
571 817 718 854 consecto
757 819 851 853 latius
892 819 1087 858 continetur,

333 866 431 907 edidit
448 875 477 901 et
494 867 664 914 publicavit
683 867 906 902 inviolabiliter
922 868 1089 902 observan-

333 916 401 952 das.

382 969 444 1010 §2
458 965 566 1008 Quare
589 979 644 1013 pro
661 974 747 1013 parte
763 966 838 1001 dicti
854 965 1085 1013 archiepiscopi

153 1021 318 1042 00n¹1¹=¹¹⁸²⁵⁰⁰⁹
333 1015 428 1051 nobis
450 1015 509 1050 suit
537 1015 700 1050 humiliter
722 1016 950 1063 supplicatum,
966 1024 1001 1050 ut
1015 1028 1089 1050 con-

133 1052 252 1080 upostottce
285 1051 318 1072 dt-

133 1089 192 1111 g„..‚
332 1065 553 1100 stitutionibus
569 1075 600 1101 et
614 1064 869 1101 ordinationibus
889 1064 1087 1107 huiusmodi,

329 1127 392 1162 pro
414 1126 522 1150 earum
541 1114 743 1152 subsistentia
761 1114 902 1155 firmiori,
917 1126 952 1148 ac
970 1114 1086 1149 salubri

331 1163 548 1210 gubernaculo
559 1175 681 1199 morum
696 1171 726 1197 et
739 1163 913 1198 honestatis
927 1165 1084 1199 dictorum

331 1213 417 1258 cleri,
433 1213 530 1248 robur
544 1213 727 1261 apostolicae
741 1213 992 1248 continuationis
1011 1214 1086 1248 adii-

329 1273 401 1297 cere
422 1262 462 1297 de
476 1262 667 1309 benignitate
679 1262 852 1309 apostolica
866 1263 1083 1309 dignarentur.

379 1312 400 1359 g
422 1314 454 1346 5.
477 1311 541 1347 Nos
565 1313 660 1358 igitur
682 1312 802 1347 clerum
825 1312 928 1358 ipsum
954 1313 982 1347 in
1004 1313 1083 1347 viam

143 1369 228 1406 Firma,
245 1373 317 1390 ww
329 1359 456 1397 Domini
479 1362 649 1397 salubriter
671 1361 764 1408 dirigi
787 1363 966 1409 cupientes,
978 1362 1084 1397 huius-

130 1406 191 1429 '¹⁶¹⁰‘
206 1400 297 1422 mmm
330 1411 416 1446 modi
456 1411 747 1459 supplicationibus
791 1411 944 1457 inclinati,
983 1411 1084 1447 dictas

330 1460 574 1497 constitutiones
612 1469 643 1496 et
683 1461 911 1507 ordinationes,
946 1473 1082 1507 quarum

331 1518 472 1546 tenorem
508 1523 581 1546 eum
619 1511 831 1546 instrumento
871 1510 1009 1558 praefato
1044 1511 1084 1546 de

329 1560 425 1596 verbo
446 1559 484 1596 ad
508 1560 638 1596 verbum
663 1560 884 1608 praesentibus
899 1561 992 1596 inseri
1013 1560 1085 1597 feci-

330 1621 414 1651 mus,
448 1617 529 1645 ratas
555 1609 709 1645 habentes
741 1619 835 1657 atque
872 1619 996 1657 gratas,
1030 1623 1084 1646 eas

328 1659 518 1695 authoritate
565 1659 738 1708 apostolica
782 1660 1021 1701 confirmamus,
1053 1669 1084 1696 et

329 1717 506 1756 praesentis
517 1710 628 1756 scripti
643 1709 818 1756 patrocinio
831 1711 1082 1754 commuuimus,

328 1757 538 1795 decernentes
564 1770 650 1794 nunc
687 1759 811 1794 irritum
847 1767 878 1794 et
912 1760 1028 1805 inane,
1055 1760 1080 1794 si

328 1818 422 1843 secus
436 1820 533 1855 super
554 1807 602 1843 his
616 1820 633 1844 a
656 1809 952 1856 quoquam,quavis
967 1809 1083 1844 autho-

329 1856 428 1899 ritate,
455 1857 594 1893 scienter
621 1857 667 1893 vel
697 1858 890 1904 ignoranter,
913 1859 1082 1906 contigerit

327 1907 487 1942 attentari:
512 1919 574 1942 non
589 1907 789 1943 obstantibus
803 1909 1083 1944 constitutionibus

326 1964 359 1990 et
381 1956 634 1992 ordinationibus
669 1957 852 2005 apostolicis
885 1959 1083 2006 caeterisque

328 2006 494 2041 contrariis
514 2007 783 2054 quibuscumque.

377 2058 392 2098 ἓ
414 2059 447 2090 4.
469 2055 575 2091 Tenor
600 2064 706 2091 antem
735 2056 889 2092 dictarum
918 2058 1082 2093 constitu-

244 2108 314 2160 diff:
328 2104 450 2139 tionum
491 2112 522 2140 et
555 2105 754 2141 instrumenti
790 2106 943 2154 sequitur,
977 2116 1008 2142 et
1035 2116 1083 2143 est

128 2145 301 2192 iiissumimm
329 2159 418 2195 talis:
442 2160 558 2194 Daniel
578 2161 733 2206 episcopus
757 2162 932 2205 Parentin.,
950 2165 1082 2197 sanctis-

328 2214 400 2248 simi
425 2215 457 2248 in
485 2215 605 2249 Christo
633 2215 733 2260 patris
772 2222 799 2249 et
830 2217 952 2250 domini
982 2220 1083 2252 nostri

327 2269 447 2303 domini
467 2270 606 2315 anenii
625 2271 733 2304 divina
747 2271 944 2315 providentia
974 2273 1081 2318 Papae

327 2323 443 2368 quarti,
470 2324 503 2357 t'n
523 2325 607 2358 alma
632 2324 708 2358 Urbe
740 2331 766 2357 et
802 2325 865 2358 eius
886 2327 1026 2361 districta
1047 2329 1080 2362 in

327 2378 542 2423 spiritualibus
562 2380 699 2413 vicarius
719 2380 873 2423 generalis
903 2381 1079 2426 deputatus,

326 2433 477 2467 universis
513 2439 541 2467 et
587 2434 718 2478 sinyult's
753 2442 924 2479 praesentes
961 2436 1080 2470 litteras

327 2487 507 2531 inspecturis
520 2487 648 2522 satutem
657 2488 689 2521 in
702 2488 838 2521 Domino
850 2490 1076 2534 sempiternam.

376 2540 396 2587 ἓ
423 2544 456 2575 5.
481 2540 531 2575 Ad
553 2553 588 2576 ea
616 2554 654 2576 ex
682 2541 776 2577 officii
805 2541 896 2577 nobis
918 2544 1078 2579 commissi

327 2593 435 2629 debito
456 2595 591 2630 libenter
612 2596 818 2637 intendimus,
843 2608 899 2642 per
920 2609 1000 2645 quae
1025 2610 1080 2633 ec-

327 2647 525 2692 clesiasticus
544 2649 623 2686 ordo
645 2663 701 2698 per
728 2650 808 2687 viam
837 2649 964 2687 Domini
991 2651 1077 2688 salu-

141 2108 211 2129 Tener

959 267 1116 290 EttGENltts
1139 268 1171 290 tv
1194 267 1240 290 ΡΙ».
1814 264 1832 294 7

1899 277 1948 302 An.
1967 276 1995 301 C.
2010 275 2079 301 1113!

1131 322 1228 357 briter
1254 322 1420 369 dirigatur,
1448 335 1484 358 ac
1519 324 1636 359 utiliter
1665 336 1880 362 conservetur.

1130 372 1308 419 Cupientes
1331 372 1437 419 igitur,
1461 382 1491 406 nt
1516 385 1619 408 mores
1641 384 1671 409 ct
1694 375 1754 410 vita
1789 376 1883 411 cleri-

1131 434 1240 456 corum
1268 422 1372 457 dietae
1401 422 1500 462 urhis,
1518 435 1573 469 pro
1593 435 1702 458 eorum
1731 424 1832 460 salute
1854 436 1882 461 et

1131 470 1294 506 honestate
1316 484 1353 506 ac
1388 472 1520 506 aliorum
1549 473 1695 520 exemplo
1722 473 1883 519 laudabili,

1131 521 1160 554 iu
1186 521 1298 556 melius
1319 520 1510 567 dirigantur,
1527 521 1741 570 infrascriptas
1764 526 1884 559 consti-

1131 571 1271 605 tutiones
1292 580 1321 605 et
1344 570 1480 617 capitula
1506 583 1560 617 per
1586 570 1715 607 eosdem
1751 574 1883 609 clericos

1130 628 1160 653 et
1182 620 1356 666 quemlibet
1373 620 1512 667 ipsonum
1536 619 1743 661 observanda,
1762 622 1800 657 ad
1824 623 1883 658 ho-

1130 681 1239 703 norem
1284 669 1338 704 Dei
1382 669 1612 717 omnipotentis
1654 670 1813 706 edidimus
1852 681 1882 707 ct

1130 717 1366 754 ordinavimus:
1396 731 1531 765 quorum
1569 728 1658 754 tenor
1686 732 1741 768 per
1777 723 1881 756 omnia

1129 767 1285 813 sequitur,
1313 776 1343 802 et
1365 776 1412 803 est
1436 768 1516 803 talis.

1179 821 1194 859 ᾖ
1218 820 1250 851 6.
1274 815 1308 850 In
1338 817 1449 864 primis
1472 818 1568 864 igitur
1591 819 1761 854 statuimus
1783 828 1812 854 et
1834 833 1883 855 or-
1910 831 2000 867 ortior„
2016 832 2081 859 pum.-

1129 864 1322 905 dinavimus,
1356 866 1441 913 quod
1471 867 1499 901 in
1523 867 1785 916 quibuscumque
1809 882 1883 916 pro·
1897 868 2081 918 ξζὶυξωξῇῗζζζ

1129 915 1329 950 cessionibus
1351 915 1503 951 faciendis
1522 917 1627 952 clerici
1650 917 1760 953 ordine
1784 919 1883 953 iul'ra-
1897 924 1941 945 ⁶¹¹³·

1129 964 1247 1011 scripto
1275 965 1433 1008 incedant,
1449 965 1612 1001 videlieet:
1635 967 1721 1014 quod
1745 968 1801 1012 illi,
1828 969 1881 1015 qui

1130 1013 1243 1048 suerint
1269 1027 1324 1061 pro
1348 1023 1488 1062 tempore
1506 1016 1649 1063 deputati
1672 1025 1796 1064 portare
1811 1018 1882 1064 plu-

1130 1062 1231 1103 vialia,
1243 1065 1305 1097 sint
1319 1064 1565 1111 propinquiores
1581 1065 1745 1107 nobis,aut
1759 1078 1883 1101 succes-

1128 1112 1189 1147 sori
1214 1113 1259 1147 vel
1284 1114 1509 1148 locumtenenti
1533 1124 1658 1157 nostro;
1686 1116 1882 1163 antiquiores

1130 1173 1203 1195 vero
1219 1162 1482 1211 archipresbyteri
1502 1163 1717 1199 Ecclesiarum
1734 1166 1882 1200 cardina-

1128 1210 1205 1245 lium
1244 1224 1302 1245 suo
1342 1212 1453 1247 ordine
1506 1213 1569 1247 bini
1598 1223 1627 1248 et
1655 1214 1733 1255 bini,
1767 1214 1881 1250 deiude

1127 1261 1248 1306 antiqui
1296 1262 1439 1296 canonici
1480 1262 1637 1298 dictarum
1667 1263 1879 1299 Ecclesiarum

1127 1310 1356 1355 cardinalium,
1398 1312 1574 1347 secundum
1609 1313 1828 1361 antiquitatem
1852 1323 1880 1348 ct

1128 1360 1388 1406 posterioritatem
1417 1374 1541 1406 eorum,
1569 1362 1734 1397 incedant:
1762 1372 1791 1397 et
1822 1364 1880 1398 hoc

1125 1409 1187 1444 sub
1209 1421 1310 1457 poena
1338 1410 1469 1445 arbitrio
1503 1419 1622 1453 nostro,
1656 1420 1709 1447 aut
1737 1412 1880 1447 officialis

1125 1467 1178 1493 aut
1220 1471 1440 1495 successorum
1478 1469 1658 1497 nostrorum
1696 1462 1878 1497 huiusmodi

1127 1509 1308 1549 vicariatus,
1343 1522 1398 1545 seu
1428 1510 1609 1546 officialium
1645 1524 1795 1552 suorum,
1823 1512 1879 1559 qui

1126 1570 1182 1605 pro
1204 1566 1347 1605 tempore
1370 1559 1498 1601 tuerint,
1516 1560 1684 1607 exigenda.

1174 1608 1194 1655 S
1218 1611 1249 1642 7.
1275 1609 1364 1649 item,
1392 1610 1477 1656 quod
1501 1610 1622 1648 nullus,
1649 1611 1725 1646 dum
1750 1623 1878 1657 proces·
1899 1622 2077 1650 Eurumtempore

1125 1657 1288 1693 sionaliter
1310 1658 1438 1704 incedit,
1451 1672 1523 1694 eum
1547 1660 1654 1708 aliquo
1675 1660 1878 1696 confabulare
1893 1654 2077 1710 fflssumcf'nfflssj

1126 1717 1317 1755 praesumat,
1353 1708 1409 1743 sed
1437 1718 1543 1744 cantet
1567 1719 1621 1745 aut
1643 1710 1840 1746 orationibus
1862 1723 1877 1746 a
1893 1719 1993 1738 ⁰r³m¹¹¹¹¹¹

1124 1758 1247 1805 seipso,
1282 1759 1307 1793 si
1345 1767 1470 1794 eantare
1504 1761 1625 1805 nescit,
1656 1760 1790 1805 insistat,
1818 1761 1879 1795 sub

1125 1819 1226 1854 poena
1250 1807 1420 1855 praedicta.

1173 1860 1188 1900 ἕ
1213 1860 1245 1892 8.
1270 1857 1360 1902 ltem,
1385 1866 1417 1892 ut
1439 1858 1626 1894 elericorum
1644 1871 1747 1894 mores
1762 1860 1790 1894 in
1809 1873 1878 1894 me-
1906 1867 1984 1903 uterici-
2002 1871 2021 1887 ει
2037 1868 2076 1908 aa<

1124 1905 1186 1940 lius
1200 1906 1424 1947 reformentur,
1438 1916 1467 1942 et
1483 1908 1588 1943 elerici
1604 1909 1662 1956 ipsi
1678 1909 1879 1944 continenter
1892 1899 2076 1950 iffifflss'fflfif’oe

1123 1964 1154 1990 et
1176 1965 1262 1991 caste
1299 1957 1414 1998 vivant,
1442 1957 1529 2004 quod
1554 1959 1644 2003 nulli,
1672 1966 1702 1993 et
1742 1960 1878 1994 maxime

1124 2006 1334 2041 ecelesiastica
1370 2007 1522 2042 beneficia
1555 2008 1745 2049 obtinentes,
1769 2009 1799 2043 in
1821 2021 1877 2044 sua

1123 2055 1219 2090 domo
1247 2056 1292 2091 vel
1315 2056 1388 2091 alibi
1405 2056 1562 2093 retineant
1589 2057 1794 2098 concubinas,
1825 2067 1877 2093 aut

1124 2105 1273 2140 mulieres
1308 2105 1348 2140 de
1384 2106 1591 2142 fornicatione
1625 2115 1808 2155 suspectas,
1838 2109 1877 2143 de

1122 2159 1240 2206 quibus
1260 2159 1364 2207 aliqua
1380 2161 1507 2196 sinistra
1528 2161 1670 2209 suspicio
1692 2161 1792 2198 valeat
1805 2175 1878 2198 exo-

1124 2213 1188 2255 riri,
1209 2213 1269 2248 sub
1290 2214 1385 2249 simili
1410 2223 1440 2250 et
1460 2216 1538 2251 iuris
1552 2215 1733 2251 eommunis
1754 2215 1875 2263 poenis.

1172 2272 1187 2311 ἓ
1213 2270 1246 2303 9.
1275 2268 1366 2310 item,
1393 2270 1478 2317 quod
1516 2270 1622 2306 nullus
1655 2270 1790 2306 clericus
1822 2280 1875 2306 aut
1903 2273 2074 2327 “rfflfffffflug‘

1122 2323 1282 2366 sacerdos,
1306 2324 1423 2360 habens
1446 2325 1527 2360 lilios
1541 2326 1634 2360 etiam
1654 2325 1811 2373 legitimos
1828 2325 1872 2360 vel
1889 2311 1925 2356 iiia
1949 2326 1980 2357 ais
2001 2338 2026 2358 aa
2041 2340 2073 2376 ⁸!-

1122 2389 1159 2412 cx
1198 2379 1375 2414 concubina
1410 2379 1526 2427 aliqua,
1569 2387 1747 2427 praesumat
1788 2373 2074 2427 quodfflssnssfnmm'

1123 2433 1206 2469 filius
1239 2445 1293 2469 seu
1325 2434 1377 2468 lilii
1411 2435 1458 2469 sui
1493 2434 1594 2482 palam
1630 2434 1808 2469 deserviant
1843 2434 1872 2467 iu

1124 2487 1217 2523 missa
1241 2488 1309 2523 sive
1331 2487 1436 2535 aliquo
1451 2488 1578 2523 servitio
1599 2488 1705 2522 divino
1723 2487 1874 2522 ecclesia-

1121 2543 1211 2584 stico,
1226 2543 1287 2577 sub
1298 2554 1410 2590 poena,
1425 2542 1553 2578 arbitrio
1572 2550 1690 2582 nostro,
1706 2552 1874 2576 suecesso-

1123 2609 1192 2632 rum
1231 2605 1428 2638 nostrorum,
1462 2608 1517 2632 seu
1561 2597 1805 2643 deputatorum,
1842 2603 1872 2629 ut

1122 2652 1307 2699 praefertur,
1331 2650 1505 2686 inferenda.
