2281 3251
116 257 164 283 Au.
186 257 212 284 C.
230 258 295 285 llt‘J3

119 709 190 736 Quam,
202 710 226 730 ad
238 716 288 737 pre—

107 745 143 761 tet
162 739 287 761 Francorum

107 772 168 797 regis,
182 773 287 793 coricedit.

897 253 1092 276 Atssxasmzn
1121 253 1150 275 Vl
1180 253 1226 275 ΓΡ.

312 311 381 346 liter
414 310 625 358 supplicatum
663 317 695 343 ut
721 308 862 343 ciusdem
898 308 1056 343 Francisci

310 361 431 395 statutis
457 370 486 394 et
510 358 763 394 ordinationibus
780 359 974 401 huiusmodi,
999 371 1054 405 pro

309 422 416 445 corum
434 409 635 444 subsistentia
652 409 792 449 firmiori,
817 408 911 442 robur
935 417 1055 443 uostrac

307 459 553 495 confirmationis
571 458 719 497 adiicere,
736 458 873 504 aliasque
895 458 940 491 cis
962 470 1056 504 supcr

306 508 488 544 eorumdem
511 508 555 542 sic
578 516 763 542 statutorum
787 516 816 541 ct
844 506 1053 541 ordinatorum

306 558 500 592 observantia
523 565 703 604 opportune
732 556 896 603 providere
929 556 968 591 de
1001 556 1055 589 be-

307 607 457 653 nignitate
478 606 647 652 apostolica
675 606 890 653 dignaremur.

353 661 368 701 ξ
395 661 427 691 5.
451 656 516 690 Nos
545 657 657 703 igitur,
684 656 735 702 qui
760 663 914 690 amatores
940 655 1053 690 huius-

306 706 390 741 modi
414 706 614 740 heremiticae
643 707 733 748 vitae,
768 717 847 752 quae
883 705 1052 740 solitudine

305 763 462 799 contenta,
485 764 625 790 versatur
641 756 670 790 in
693 754 817 799 abditis,
839 763 869 789 et
892 767 1050 801 uunquam

306 806 410 841 minus
431 806 496 840 sola
520 813 577 846 est,
600 818 694 852 quam
718 817 789 839 cum
818 804 883 838 sola
907 816 975 838 esse
1002 816 1052 838 re-

306 863 442 902 putatur,
464 855 534 902 quia
558 855 703 889 coelestis
727 854 841 901 patriae
857 854 1051 900 contempla-

305 906 347 940 tio
376 905 458 939 illam
494 905 589 940 sociat
623 913 653 939 et
685 904 876 944 comitatur,
910 912 939 938 et
976 904 1048 937 dum

304 954 471 989 saecularis
485 955 730 989 conversationis
745 953 933 987 commercio
955 961 1049 992 caret,

303 1004 450 1040 caelestis
493 1004 658 1038 alimoniae
703 1003 817 1050 pabulo
862 1002 1050 1037 refocillatur

301 1062 332 1089 et
352 1053 479 1100 gaudet,
504 1053 636 1088 libenter
663 1054 691 1087 iu
715 1065 773 1087 suo
807 1051 954 1086 laudabili
979 1064 1049 1097 pro-

301 1104 401 1149 posito
423 1103 639 1144 coufovemus;
662 1111 691 1136 ct
713 1110 870 1148 tamquam
895 1101 1048 1136 tutissimo

299 1153 376 1188 calle
392 1153 572 1187 incedentes
594 1162 622 1188 et
647 1163 800 1199 pauperes
822 1150 946 1196 spiritu,
970 1163 1048 1197 quos

297 1202 455 1237 Dominus
483 1210 588 1236 noster
629 1201 717 1236 lesus
755 1200 905 1235 Christus
939 1199 1047 1234 beatos

297 1268 366 1290 csse
385 1255 482 1301 dixit,
516 1257 661 1301 quoniam
684 1256 817 1300 ipsorum
849 1262 889 1288 est
921 1265 1045 1298 reynum

296 1307 462 1344 coelorum,
487 1307 534 1351 pia
553 1314 582 1340 et
616 1313 744 1352 paterna
762 1303 910 1338 charitate
931 1315 1045 1350 prose—

295 1355 442 1402 quimur3
468 1363 499 1390 et
525 1355 581 1394 eis,
604 1363 755 1401 quantum
784 1366 855 1388 cum
888 1352 956 1387 Deo
980 1365 1047 1400 pos-

295 1417 423 1449 sumus,
452 1404 587 1439 fiivorem
628 1404 812 1438 benevolum
848 1403 1047 1450 impartimur

296 1454 489 1496 liuiusmodi3
518 1466 638 1488 necnon
675 1454 825 1488 carissimi
857 1454 886 1486 in
919 1451 1045 1487 Christo

297 1503 350 1538 filii
379 1505 476 1539 nostri
499 1503 615 1544 Caroli,
643 1498 837 1538 Francorum
858 1503 941 1549 regis
972 1503 1045 1537 illu-

295 1554 378 1599 stris,
405 1555 472 1601 qui,
501 1563 532 1588 ut
559 1554 719 1594 asseritur,
743 1552 781 1587 ad
803 1554 930 1588 eosdem
955 1553 1045 1587 bere·

295 1604 386 1639 mitas
407 1603 574 1651 specialem
591 1603 669 1650 gerit
689 1603 865 1637 devotionis
887 1602 1044 1641 affectum,

295 1662 325 1688 et
351 1653 517 1700 quamdam
534 1653 677 1692 domum,
692 1666 764 1687 cum
787 1653 923 1687 oratorio
942 1660 972 1686 et
987 1665 1044 1699 op-

296 1703 438 1749 portunis
459 1703 607 1747 officinis,
634 1711 719 1737 extra
753 1710 783 1737 et
811 1714 909 1749 prope
937 1702 1044 1736 civita-

295 1761 357 1787 tem
384 1752 559 1796 'l'uronen.,
581 1752 721 1787 construi
744 1760 774 1786 et
787 1751 943 1786 aedificari
960 1751 1043 1789 fecit,

295 1814 330 1836 ac
348 1802 394 1837 eis
421 1802 470 1849 pie
492 1802 630 1842 donavit,
659 1801 750 1836 nobis
772 1813 866 1847 super
890 1801 960 1840 boc,
990 1814 1044 1847 pro

294 1851 413 1886 eisdem
435 1851 606 1891 heremitis,
623 1864 695 1885 cum
719 1851 864 1885 instantia
884 1850 1045 1885 humiliter

295 1902 525 1948 supplicantis⁷
563 1901 848 1948 supplicationibus
881 1901 1043 1944 inclinati,

295 1950 435 1985 eiusdem
462 1950 620 1985 Francisci
641 1959 754 1985 statuta
777 1958 807 1985 et
829 1950 1044 1985 ordinationes

297 2000 490 2041 huiusmodi,
512 2012 549 2034 ac
575 2001 678 2034 omnia
702 2008 732 2035 et
747 1999 870 2046 singula
895 2000 925 2034 in
949 2000 1045 2034 dictis

296 2049 440 2096 capitulis
464 2056 620 2089 contenta,
638 2061 719 2097 quae
740 2050 1044 2096 diligenterinspici,

296 2111 331 2134 ac
353 2099 575 2145 praesentibus
597 2099 636 2134 de
662 2099 754 2134 verbo
776 2100 813 2133 ad
842 2098 970 2133 verbum
994 2111 1045 2134 an-

297 2153 394 2188 notari
409 2152 553 2193 fecimus,
567 2154 750 2188 auctoritate
762 2152 944 2200 apostolica,
954 2165 1045 2200 prae-

296 2207 432 2242 sentium
456 2216 564 2244 tenore
591 2207 803 2256 approbamus
826 2215 855 2242 et
877 2207 1045 2243 confirma-

297 2274 379 2303 mus,
392 2275 427 2297 ac
442 2263 616 2310 praesentis
636 2263 743 2309 scripti
770 2262 941 2308 patrocinio
957 2274 1043 2297 com-

297 2316 467 2356 munimus,
490 2317 739 2364 supplemusque
761 2328 870 2350 omnes
893 2324 923 2350 et
939 2317 1043 2364 singu-

297 2371 343 2406 los
368 2370 522 2412 defectus,
550 2372 575 2406 si
607 2371 711 2405 forsan
751 2371 977 2405 intervenerint
1013 2371 1042 2405 in

296 2424 426 2465 eisdem,
448 2433 478 2460 et
501 2438 556 2472 pro
588 2425 699 2473 potiori
723 2424 842 2459 cautela
864 2436 900 2459 ea
922 2425 1041 2469 omnia7

296 2491 375 2527 quae
398 2491 451 2526 per
472 2479 620 2515 eumdem
647 2478 853 2514 Franciscum
876 2486 989 2513 statuta
1014 2488 1043 2514 et

296 2532 450 2578 ordinata,
474 2533 628 2580 prohibita
655 2541 685 2568 et
718 2533 869 2580 permissa
904 2533 1043 2575 fuerunt,

296 2587 336 2623 de
357 2599 437 2622 novo
455 2587 537 2623 dicta
553 2587 737 2623 auctoritate
759 2588 927 2622 statuimus
945 2595 975 2622 et
991 2600 1043 2622 or-

296 2640 452 2684 dinamus,
476 2641 692 2686 prohibemus,
708 2649 735 2677 et
760 2642 985 2689 permittimus,
1007 2655 1041 2677 ac

375 2697 448 2728 Ball.
472 2698 547 2728 Rom.
572 2698 624 2728 t'ol.
651 2698 678 2728 V.
858 2700 896 2730 45

1727 239 1793 249 -.-ι-

1727 252 1795 271 ι)ἱ,)ι)

1861 249 1912 275 An.
1930 249 1959 275 C.
1978 249 2043 276 tim

1098 308 1242 342 volumus
1258 307 1340 341 iuxta
1363 317 1471 340 eorum
1495 306 1608 339 seriem
1630 312 1659 338 et
1678 303 1844 338 continen-

1099 358 1171 392 tiam
1209 356 1369 404 perpctuis
1404 355 1516 389 futuris
1557 352 1752 401 temporibus
1789 365 1842 400 per

1098 407 1237 441 eiusdem
1261 406 1414 441 societatis
1449 404 1634 446 heremitas,
1669 402 1721 450 qui
1759 414 1844 437 nunc

1097 465 1167 490 sunt
1182 465 1211 490 et
1227 455 1387 503 perpetuis
1398 454 1511 489 futuris
1526 452 1722 500 temporibus
1740 460 1843 491 erunt,

1098 518 1152 552 pro
1167 518 1273 540 corum
1285 504 1481 550 regularibus
1495 503 1782 548 institutis7eosque
1793 501 1844 535 he·
1874 521 1994 542 mmmm„
2005 528 2044 542 m-

1098 555 1224 589 remitas
1238 554 1368 589 Ordinis
1391 553 1592 588 Minimorum
1610 552 1736 586 fratrum
1757 551 1844 585 here·
1859 552 2044 603 :ama-R?

1097 605 1243 639 mitarum
1279 603 1380 638 fratris
1410 602 1567 637 Francisci
1609 601 1646 636 de
1678 599 1774 635 Paula
1811 600 1841 634 in
1859 615 1938 640 cupam.
1978 599 1982 602 ”

1096 662 1255 701 posterum
1285 653 1470 700 nuncupari,
1499 650 1717 687 inviolabiliter
1738 649 1843 685 obser·

1095 704 1168 738 vari.

1142 757 1157 796 ξ
1178 755 1210 786 t.
1239 752 1343 786 Tenor
1367 764 1437 786 vero
1464 750 1696 786 ordinationum
1725 757 1756 784 et
1778 757 1843 784 sta·
1871 754 1939 776 rent„
1955 758 2041 776 ‘muto-

1096 810 1233 836 tutorum
1258 801 1500 848 praedictorum,
1518 813 1572 848 per
1594 800 1715 834 dictum
1736 798 1843 834 Fran-
1859 791 1910 806 ''¹''

1093 852 1211 886 ciscum
1235 851 1404 891 editorum,
1427 858 1457 884 et
1482 863 1536 898 per
1558 862 1627 890 nos,
1651 859 1683 885 ut
1703 849 1842 895 praefer-

1093 910 1153 940 tur,
1197 900 1454 935 confirmatorum
1494 908 1525 934 ct
1561 900 1779 934 innovatorum
1803 898 1840 933 dc

1094 951 1188 985 verbo
1210 951 1247 985 ad
1272 950 1400 985 verbum
1420 949 1562 997 sequitur
1589 957 1619 984 et
1643 957 1689 984 est
1711 949 1791 983 talis.

1093 1074 1210 1117 Requla
1232 1080 1257 1105 ct
1286 1072 1347 1105 vita
1368 1072 1504 1114 fratrum
1534 1071 1661 1104 Ordinis
1685 1070 1842 1103 Minimo-

1138 1138 1207 1160 rum
1248 1137 1420 1171 pauperum
1468 1124 1684 1158 heremitarum
1729 1125 1839 1168 fratris

1139 1181 1296 1214 Francisci
1317 1181 1353 1212 (le
1381 1180 1494 1213 Paula.

1400 1280 1479 1316 Cap.
1502 1281 1525 1315 l.

1136 1362 1202 1410 55.
1219 1362 1299 1397 Ante
1313 1363 1418 1397 omnia
1442 1375 1503 1397 non
1533 1375 1587 1398 vos
1605 1362 1714 1409 fugiat,
1730 1362 1840 1397 fratres

1087 1413 1251 1452 carissimi,
1285 1412 1388 1446 divina
1420 1420 1586 1459 praecepta
1608 1421 1638 1447 et
1660 1411 1786 1447 scienda
1809 1421 1838 1447 et

1087 1474 1209 1496 summa
1231 1474 1303 1496 cum
1323 1461 1481 1508 diligentia
1513 1474 1583 1496 esse
1614 1462 1782 1501 servanda,
1806 1470 1840 1496 ut

1087 1511 1188 1546 Deum
1212 1512 1394 1552 totocorde,
1418 1520 1478 1546 tota
1508 1519 1622 1552 mente,
1650 1519 1713 1546 tota
1735 1511 1836 1546 anima

1087 1561 1224 1608 totisque
1259 1562 1378 1595 viribus
1416 1570 1572 1601 amantes,
1596 1561 1836 1608 proximumque

1086 1611 1167 1645 sicut
1184 1611 1395 1657 nosmetipsos
1413 1610 1590 1657 diligentes,
1606 1619 1749 1645 aeternae
1759 1611 1835 1645 vitae

1087 1660 1222 1694 fructum
1259 1660 1385 1707 possitis
1417 1661 1589 1708 percipere:
1621 1672 1693 1695 nam
1715 1659 1752 1694 ad
1776 1659 1835 1694 boc

1085 1711 1266 1755 congregati
1289 1722 1410 1752 sumus,
1428 1717 1460 1744 ut
1481 1709 1688 1756 Evangelium
1708 1708 1835 1744 Domini

1087 1760 1184 1793 nostri
1209 1759 1275 1794 lesu
1298 1759 1416 1794 Christi
1439 1759 1654 1798 observemus,
1677 1766 1707 1793 et
1728 1759 1767 1794 sit
1786 1771 1838 1794 no-

1087 1808 1134 1843 bis
1156 1821 1253 1843 unum
1279 1821 1344 1849 cor,
1371 1809 1473 1844 anima
1490 1821 1548 1843 una
1567 1809 1595 1843 in
1618 1808 1754 1844 Domino
1768 1808 1836 1844 Deo

1088 1858 1219 1892 vivendo
1247 1858 1306 1894 sub
1327 1868 1399 1894 voto
1422 1859 1625 1906 paupertatis,
1641 1859 1791 1893 castitatis
1807 1868 1834 1893 et

1086 1907 1294 1943 obedientiae.
1316 1909 1412 1955 Igitur
1421 1909 1512 1943 vitam
1529 1917 1559 1942 et
1574 1908 1726 1954 Regulam
1744 1909 1834 1943 istam

1086 1957 1300 2001 observantes,
1321 1971 1482 2005 nunquam
1506 1957 1544 1992 de
1568 1958 1617 1992 illa
1636 1958 1835 1993 exireinten-

1086 2007 1209 2048 damus,
1244 2008 1315 2055 quia
1354 2020 1447 2043 nemo
1481 2020 1601 2056 ponens
1637 2019 1762 2041 manum
1797 2007 1833 2041 ad

1085 2064 1224 2092 aratrum
1247 2066 1276 2092 et
1298 2058 1470 2105 respiciens
1497 2065 1579 2092 retro
1606 2064 1698 2105 aptus
1716 2064 1763 2091 est
1786 2068 1834 2091 re-

1084 2117 1147 2152 gno
1166 2106 1235 2141 Dei.

1869 1369 1985 1398 Praecepta
2002 1370 2038 1392 nei

1856 1400 1993 1423 observanda.

1383 2179 1462 2213 CAP.
1491 2178 1528 2212 ll.

1135 2251 1155 2299 g
1182 2253 1214 2285 6.
1238 2251 1345 2287 Frater
1360 2250 1550 2286 Franciscus
1577 2250 1615 2286 de
1639 2250 1732 2286 Paula
1761 2262 1834 2298 pro·
1854 2264 2033 2285 sei-„naamam

1085 2301 1179 2335 mittit
1202 2301 1412 2335 obedientiam
1430 2309 1458 2335 et
1475 2301 1681 2336 reverentiam
1697 2300 1834 2336 sanctis-
1849 2295 2033 2353 ζξξᾛᾞζεξζζ

1085 2351 1164 2385 simo
1178 2350 1305 2385 domino
1320 2359 1426 2385 nostro
1441 2350 1617 2385 Alexandro
1627 2350 1730 2398 Papae
1745 2357 1832 2385 sexto
1849 2357 1905 2377 ribu·
1920 2356 1979 2381 om..
1993 2363 2033 2393 re-

1085 2408 1115 2434 et
1147 2400 1216 2435 eius
1243 2400 1479 2435 successoribus
1505 2401 1655 2435 canonice
1687 2400 1834 2434 intranti·
1847 2388 1966 2446 {ssssfsse'f'ssf‘
1985 2394 2029 2409 ‘³¹¹¹'

1086 2449 1145 2484 bus
1171 2458 1201 2484 et
1224 2450 1383 2485 Ecclesiae
1401 2449 1574 2490 Romanae;
1596 2457 1626 2484 et
1649 2449 1698 2484 alii
1724 2449 1833 2484 fratres

1085 2499 1217 2546 professi
1240 2508 1268 2533 et
1283 2500 1374 2533 etiam
1396 2499 1425 2533 in
1446 2499 1628 2546 probatione
1649 2499 1831 2539 existentes,

1085 2557 1225 2596 tempore
1241 2561 1316 2583 suae
1335 2548 1536 2596 probationis,
1556 2556 1721 2584 teneantur
1742 2548 1829 2582 fratri

1082 2597 1252 2633 Francisco
1286 2606 1315 2632 et
1338 2599 1406 2633 eius
1427 2598 1666 2634 successoribus
1687 2597 1829 2637 obedire,

1084 2656 1255 2696 petantque
1289 2648 1468 2696 superiores
1507 2660 1522 2683 a
1558 2648 1685 2683 domiuo
1721 2655 1829 2683 nostro
