2281 3251
227 277 276 304 Λη.
295 277 324 304 C⁴
346 276 412 303 lb70

246 1027 282 1048 l'lir
294 1028 354 1048 modo
365 1026 418 1048 rnn-

232 1060 262 1079 ιιῐ.
293 1060 317 1079 ad
342 1065 417 1079 annum

233 1092 257 1110 :71
274 1091 363 1112 reducit.

475 265 547 299 202
1028 273 1066 295 m
1071 273 1214 296 ιιΑιιιιΜ
1244 273 1405 296 nouas-inu
1993 271 2042 298 An.
2059 272 2090 298 C.
2111 271 2178 298 ιιιῚο

426 331 513 371 dine,
527 329 684 365 innov'atit
701 336 729 364 et
751 329 947 376 approhaiit,
963 328 1078 374 suique
1101 327 1182 362 scri—

428 381 470 436 pti
490 379 664 427 patrocinio
679 379 899 421 communivit,
916 377 1103 424 indixitque,
1116 385 1182 411 sta—

428 431 507 470 tuit,
549 428 687 463 decrerit
724 437 753 462 et
793 427 948 461 ordinatii
999 434 1030 459 ut
1070 437 1182 460 omnes

428 478 651 514 christifideles
669 489 741 511 iere
767 477 966 523 poenitentes
988 484 1016 509 et
1033 475 1182 519 confessi,

428 529 494 577 qui,
530 529 612 562 iuxta
637 527 768 561 formam
806 527 834 559 in
871 526 968 560 literis
1008 524 1183 559 Clementis

430 577 682 625 praedecessoris
698 574 881 610 huiusmodi
906 575 1181 629 comprehensam.

430 629 459 661 in
483 639 565 662 anno
596 639 610 660 a
641 625 798 659 nativitate
827 623 955 658 Domini
992 624 1088 657 nostri
1113 623 1181 658 lesu

429 676 545 711 Christi
577 675 744 709 millesimo
766 673 1078 720 quadringentesimo
1109 680 1184 707 tunc

431 726 548 768 futuro,
585 724 728 759 basilicas
761 731 790 757 et
827 722 976 757 ecclesias
1009 721 1184 757 antedictas

430 775 602 813 visitarent,
631 783 661 807 ιιι
687 772 873 820 praefertur,
896 772 1040 806 omnium
1065 783 1183 818 pecca-

431 833 532 858 torum
562 834 692 858 suorum
714 821 929 869 plenissimam
954 820 1181 867 indulgentiam

430 880 716 919 consequerentur,
733 879 825 918 prout
843 871 871 905 in
896 870 989 905 dictis
1008 870 1106 904 literis
1124 870 1185 917 ple-

431 922 504 956 nius
525 921 714 956 continetur.

481 975 496 1015 §
520 973 551 1005 7.
568 970 632 1005 Nos
655 970 763 1017 igitur,
780 969 846 1016 qui,
863 969 1062 1003 miseratione
1085 968 1186 1003 Altis-

431 1021 514 1064 simi,
531 1019 708 1055 labentibus
723 1019 825 1063 annis,
847 1018 991 1064 regimini
1014 1017 1185 1052 catholicae

432 1077 462 1104 et
482 1069 665 1104 universalis
680 1068 841 1103 Ecclesiae
860 1067 990 1107 suimus,
1006 1066 1110 1101 divina
1127 1066 1187 1101 cle-

434 1120 549 1153 mentia
566 1119 763 1165 disponente,
781 1117 944 1164 praefecti,
966 1115 1096 1163 provida
1114 1128 1186 1150 con—

433 1168 622 1202 sideratione
642 1179 704 1201 non
729 1167 887 1201 immerito
904 1166 1103 1201 attendentes
1124 1166 1186 1199 hu-

434 1229 545 1252 manae
584 1216 775 1251 conditiouis
816 1223 929 1250 statum
965 1215 1110 1261 fragilem
1148 1214 1185 1249 ad

434 1266 629 1314 peccandum
652 1266 822 1313 proclivem
838 1273 867 1299 et
885 1264 923 1299 ad
943 1264 1185 1299 declinationem

435 1329 536 1363 usque
559 1316 636 1350 adeo
659 1315 755 1349 celeri
779 1327 886 1358 cursu,
910 1322 941 1348 ut
966 1314 1186 1360 praemittitur,

435 1377 615 1412 properare,
639 1364 860 1399 brevissimum
885 1374 1011 1410 quoque
1035 1363 1103 1397 vitre
1122 1374 1187 1409 spa-

435 1416 511 1449 tium
535 1423 578 1454 et,
594 1414 731 1461 peccatis
750 1414 867 1448 nostris
885 1412 1097 1458 exigentibus,
1117 1424 1188 1446 cre-

436 1464 507 1498 bras
542 1463 747 1511 pestilentias,
781 1463 882 1497 varios
909 1461 1038 1496 morbos
1060 1461 1188 1496 laetife-

437 1525 499 1553 ros,
521 1512 724 1559 gravissimas
747 1523 873 1558 quoque
891 1511 1068 1546 Turcarum
1088 1520 1116 1544 et
1141 1511 1189 1544 in-

438 1562 576 1596 fidelium
613 1561 764 1595 adversus
799 1560 909 1595 fideles
951 1560 1190 1607 persecutiones

436 1611 590 1654 assiduas,
602 1619 696 1657 atque
711 1611 890 1644 universam
903 1608 1190 1653 Christianitatem,

438 1661 600 1696 retroactis
631 1659 828 1706 temporibus
859 1666 1052 1705 quassatam,
1086 1658 1190 1692 adhuc

437 1710 535 1744 variis
558 1722 620 1744 non
644 1708 774 1756 quidem
799 1708 975 1743 minoribus
999 1707 1121 1742 iniuriis
1145 1707 1191 1742 la-

437 1759 547 1794 cessiri
578 1767 606 1793 et
629 1758 819 1792 calamitosis
841 1757 968 1792 casibus
995 1765 1023 1791 et
1053 1757 1192 1803 dispeu—

439 1808 500 1843 diis
521 1807 700 1851 subiacere,
723 1807 862 1853 aliasque
886 1807 1038 1854 plurimas
1060 1818 1192 1841 aerum—

438 1869 494 1892 nas
517 1857 547 1891 in
580 1856 699 1892 Christi
724 1856 865 1903 ‘populos
892 1857 970 1890 adeo
988 1856 1192 1895 invalescere,

439 1915 481 1952 et,
497 1907 542 1941 eis
556 1915 649 1953 atque
665 1905 734 1940 aliis
753 1905 890 1940 sinistris
905 1904 1033 1940 casibus
1052 1905 1193 1952 plerum-

439 1968 502 2002 que
525 1955 739 1995 causantibus,
763 1954 934 1989 admodum
961 1955 1049 2001 pauci
1080 1955 1194 1988 remis-

440 2005 562 2039 sionem
585 2013 615 2039 et
633 2004 900 2050 indulgentiarum
926 2003 1107 2038 huiusmodi
1130 2016 1194 2050 par-

441 2055 553 2100 ticipes
575 2054 640 2089 fieri
661 2062 855 2094 mereantur,
879 2065 1001 2088 necnon
1024 2061 1095 2087 ante
1118 2065 1195 2087 ron-

441 2104 615 2139 siderantes
638 2115 753 2138 novum
777 2104 823 2138 vel
847 2116 863 2138 a
892 2103 1035 2137 moribus
1057 2103 1193 2137 alienum

442 2165 506 2188 non
519 2166 600 2197 esse,
617 2165 672 2201 pro
692 2153 820 2188 veritate
833 2155 877 2196 (l)
893 2161 1084 2199 temporum,
1100 2160 1195 2186 ante—

442 2215 604 2238 cessorum
640 2203 825 2237 corumdem
861 2210 974 2237 statuta
1012 2202 1116 2236 reduci
1158 2201 1194 2235 ad

443 2252 578 2299 spatium
609 2252 758 2299 temporis
790 2252 954 2293 brevioris,
977 2251 1111 2285 maxime
1142 2264 1196 2297 pro

444 2301 544 2336 salute
557 2302 734 2337 animarum
751 2301 890 2336 fidelium
895 2313 1007 2347 quam
1018 2309 1078 2335 tota
1092 2310 1196 2335 mente

444 2351 636 2406 appetimus,
663 2360 692 2385 et
716 2351 800 2385 iuxta
828 2350 930 2386 datam
961 2349 1051 2384 nobis
1086 2362 1101 2383 a
1130 2350 1197 2383 Do—

445 2401 531 2435 mino
545 2401 674 2446 gratiam
691 2400 817 2435 assidue
833 2412 1052 2447 procuramus,
1071 2411 1108 2433 ex
1125 2412 1169 2444 ,ιι-ι
1162 2411 1199 2432 ιν-

445 2449 551 2485 missis
579 2458 610 2484 et
631 2449 822 2504 quibusdam
840 2449 909 2484 aliis
932 2461 993 2484 non
1019 2448 1197 2483 minoribus

446 2499 555 2534 causis
581 2499 618 2534 ad
643 2499 673 2533 id
701 2500 841 2534 animum
871 2507 1011 2534 nostrum
1045 2498 1198 2532 inducen-

447 2548 544 2590 tibus,
578 2561 695 2583 annum
725 2548 1053 2594 trigesimumtertium
1090 2547 1199 2582 liuius-

447 2598 547 2642 modi,
564 2598 603 2633 de
619 2584 842 2633 venerabilium
866 2597 994 2632 fratrum
1019 2605 1197 2633 nostrorum
1242 2592 1281 2627 tis
1309 2591 1471 2632 indicitur,
1506 2603 1541 2626 ac
1569 2602 1625 2638 per
1652 2591 1762 2626 tacitos
1790 2589 1992 2638 fallentesque

485 2660 524 2696 (l)
542 2660 600 2696 Leg.
620 2663 745 2697 putamus
765 2662 895 2687 tenetote
915 2660 952 2696 (ιι.
974 2660 1022 2694 Τ..)

1222 327 1355 362 consilio
1389 335 1417 361 et
1443 326 1543 374 ipsius
1571 326 1735 373 potestatis
1768 325 1978 373 plenitudine,

1223 377 1259 410 ad
1274 388 1393 411 annum
1408 376 1746 423 vigesimumquintum
1775 375 1979 420 reducentes,

1223 426 1421 470 auctoritate,
1444 425 1574 460 scientia
1598 433 1628 459 et
1652 433 1806 471 potestate
1830 425 1980 471 praemis-

1224 475 1289 518 sis,
1329 475 1496 509 statuimus
1534 483 1565 509 et
1599 474 1782 508 ordinamus
1821 474 1905 520 quod
1940 474 1979 508 de

1224 532 1328 567 cetero
1349 525 1510 571 perpetuis
1526 523 1639 558 suturis
1659 523 1858 570 temporibus
1876 535 1980 557 annus

1225 573 1379 608 iubilaeus
1399 573 1577 620 (plenariae
1610 572 1755 607 videlicet
1783 572 1980 606 remissionis

1224 632 1251 656 et
1275 622 1392 667 gratiae
1418 631 1448 656 et
1476 621 1741 657 reconciliationis
1769 621 1898 656 humaui
1922 633 1981 668 ge-

1226 673 1310 705 neris
1332 681 1440 706 nostro
1471 671 1613 717 piissimo
1637 671 1874 716 Redemptori),
1907 682 1978 704 cum

1225 721 1375 755 omnibus
1408 728 1438 754 et
1466 719 1600 766 singulis
1622 720 1828 766 indulgentiis
1849 728 1879 754 et
1903 732 1978 766 pec-

1224 778 1365 804 catorum
1391 769 1630 804 remissionibus
1651 769 1853 816 supradictis,
1870 769 1908 802 de
1932 769 1980 802 vi-

1225 819 1448 865 gintiquinque
1463 819 1567 858 annis,
1581 830 1652 852 cum
1668 819 1838 864 gratiarum
1856 818 1978 852 actione.

1225 877 1254 902 et
1278 869 1393 902 mentis
1416 868 1623 911 iucunditate,
1639 867 1751 902 debeat
1767 866 1807 902 ab
1829 867 1979 901 omnihus

1226 917 1486 952 christifidelibus
1508 917 1701 964 frequentari
1742 928 1777 950 ac
1801 917 1897 951 etiam
1925 929 1982 950 ce—

1227 966 1351 1001 lebrari.
1386 966 1452 1002 Nos
1485 967 1582 1007 enim,
1611 965 1650 1001 de
1673 965 1900 1012 omnipotentis
1922 965 1980 1000 Dei

1227 1016 1443 1051 misericordia
1466 1024 1496 1050 et
1523 1016 1662 1062 ipsorum
1686 1014 1901 1062 apostolorum
1925 1027 1981 1049 au-

1227 1065 1372 1100 ctoritate
1394 1064 1504 1100 confisi
1519 1093 1527 1106 ,
1550 1065 1669 1100 eisdem
1699 1065 1864 1111 utriusque
1885 1076 1982 1099 sexus

1228 1114 1385 1154 fidelibus,
1413 1115 1466 1161 qui
1491 1115 1522 1148 in
1550 1126 1632 1149 anno
1659 1113 1789 1148 Domini
1815 1113 1982 1149 millesimo

1227 1163 1544 1210 quadringentesimo
1564 1163 1811 1218 ..septuagesimo
1846 1163 1982 1210 quinto,

1229 1212 1411 1268 incipiendo
1433 1225 1448 1247 a
1477 1213 1588 1260 primis
1612 1225 1752 1259 xesptris
1776 1212 1898 1258 tigiliae
1919 1211 1984 1247 Na-

1230 1262 1356 1297 tititatis
1378 1262 1506 1297 Domini
1531 1261 1637 1296 Nostri
1676 1262 1746 1296 lesu
1770 1260 1888 1296 Christi
1913 1261 1984 1296 mil-

1231 1312 1340 1346 lesimo
1391 1311 1704 1359 quadringentesimo
1751 1311 1983 1358 septuagesimo

1229 1370 1340 1407 quarto
1368 1369 1397 1395 et
1426 1369 1460 1395 ut
1482 1361 1627 1408 sequitur
1650 1360 1802 1400 finiendo,
1830 1372 1865 1395 ac
1887 1360 1984 1394 dein-

1229 1422 1317 1456 ceps,
1349 1410 1387 1445 de
1415 1410 1670 1457 vigintiquinque
1697 1410 1790 1444 annis
1812 1409 1841 1443 in
1877 1410 1985 1457 rigin-

1230 1460 1396 1506 tiqninque
1437 1471 1549 1499 annos,
1586 1459 1730 1494 basilicas
1769 1467 1798 1493 et
1836 1458 1985 1494 ecclesias

1230 1508 1415 1547 antedictas,
1429 1508 1598 1543 aliasiuxta
1616 1508 1844 1543 ordinationem
1865 1519 1987 1543 eorum-

1231 1558 1301 1592 dem
1327 1557 1620 1604 praedecessorum,
1644 1557 1756 1592 devote
1780 1557 1985 1598 iisitaverint,

1233 1615 1264 1640 ιιι
1305 1606 1495 1654 praefertur,
1530 1606 1744 1654 plenissimam
1787 1614 1984 1654 peccatorum

1232 1668 1363 1691 suorum
1387 1668 1531 1691 omnium
1556 1656 1678 1691 ioniam
1706 1656 1885 1703 elargimur

1281 1705 1301 1752 S
1328 1708 1359 1740 8.
1389 1705 1564 1740 Attendant
1586 1706 1681 1752 igitur
1704 1705 1840 1740 ιιιιίιει5ἰ
1865 1705 1987 1751 fideles,
2013 1715 2188 1739 ιηιιιιοιιιιιιιιι-

1232 1756 1286 1802 qui
1315 1754 1353 1789 ad
1378 1755 1532 1790 rationem
1561 1755 1747 1802 perspicuae
1775 1755 1914 1790 veritatis
1939 1765 1987 1791 at·
1977 1733 2085 1774 ΨΜ
2107 1751 2188 1768 ‘⁰³⁸⁰'

1235 1806 1356 1850 {ingere
1390 1812 1569 1851 quaesunt,
1603 1816 1639 1839 ac
1669 1817 1697 1838 ln
1733 1811 1845 1839 Slater&
1881 1804 1988 1840 COl'dlS
2001 1778 2118 1831 ἕῗῗθῖἕξὶἵῃ
2133 1783 2187 1836 3:²⁸

1235 1854 1314 1888 iusto
1337 1853 1503 1888 libramine
1530 1853 1706 1900 ponderent
1733 1865 1861 1888 suorum
1890 1854 1988 1889 sarci-
2000 1840 2189 1893 {ssnfflu'm'w

1235 1915 1306 1937 nam
1323 1912 1536 1949 peccatorum,
1551 1910 1583 1938 et
1597 1914 1690 1950 quam
1707 1903 1843 1949 graviter
1865 1915 1899 1938 se
1918 1915 1990 1938 reos

1235 1953 1455 1987 constituerint
1493 1964 1564 1998 erga
1601 1953 1705 1999 ipsum
1740 1951 1989 2000 Redemptorem

1237 2001 1427 2048 piissimum.
1447 2001 1583 2037 divinam
1603 2010 1711 2036 contra
1734 2014 1767 2036 se
1790 2001 1989 2037 clementiam

1237 2051 1447 2098 provocando.
1470 2051 1655 2086 Debitorum
1678 2063 1808 2086 suorum
1832 2051 1924 2087 etiam
1945 2063 1992 2087 re-

2241 1964 2259 2012 ..-„=
2242 1911 2260 1958 -m
2236 1433 2261 1902 ‚L-13mmam.›nffie

2241 2047 2259 2115 ,>,ι“

1237 2106 1340 2151 legant
1367 2104 1563 2149 memoriale,
1591 2113 1685 2152 atque
1712 2105 1817 2140 animo
1850 2113 1991 2152 repetant
2243 2129 2246 2139 .

1238 2158 1330 2192 liuius
1351 2158 1520 2194 defluentis
1549 2159 1665 2194 saeculi
1693 2171 1821 2194 cursum
1849 2159 1887 2194 ad
1918 2159 1991 2194 exi-
2241 2154 2257 2208 ᾗ

1238 2221 1302 2247 tum
1336 2215 1486 2248 continuo
1510 2225 1690 2260 properare,
1713 2221 1742 2247 et
1766 2213 1989 2248 inexorabilem
2241 2201 2256 2249 ’Ξ

1239 2268 1338 2313 legem
1371 2268 1490 2307 mortis,
1525 2267 1645 2314 absque
1669 2268 1763 2301 ullius
1795 2267 1993 2314 exceptionis

1241 2321 1406 2359 beneficio,
1439 2321 1588 2356 omnibus
1616 2333 1686 2356 esse
1714 2321 1875 2364 indictam,
1899 2333 1992 2368 quae,
2246 2318 2256 2343 7‘·

1239 2376 1306 2410 siue
1335 2387 1541 2422 personarum
1579 2375 1834 2422 dignitatumque
1855 2375 1992 2420 delectu,

1239 2438 1369 2464 cunctos
1392 2429 1492 2464 reddit
1518 2429 1677 2476 aequales,
1701 2429 1842 2476 nihilque
1864 2441 1934 2464 esse
1960 2429 1990 2463 in

1240 2495 1302 2531 quo
1318 2495 1427 2517 vanam
1447 2483 1542 2518 huius
1556 2482 1666 2517 mundi
1692 2483 1823 2542 gloriam
1848 2482 1992 2517 inanibus

1241 2537 1427 2572 extollamus
1443 2536 1554 2578 titulis,
1576 2536 1650 2570 dum
1668 2536 1806 2571 nascenti
1823 2535 1892 2571 dies
1911 2548 1994 2571 mor·
2236 2519 2259 2596 ἒ

1242 2646 1394 2681 decursus
1418 2645 1511 2681 liuius
1534 2645 1612 2680 ritae
1635 2644 1808 2681 mortalitas
1830 2645 1867 2680 ad
1891 2653 1994 2680 extre·
2242 2627 2257 2680 ι’

2239 2715 2253 2765 3

2234 2943 2238 2950 ’
2233 2816 2253 2915 ''¹¹r‘N
2232 2781 2241 2791 “
