<?xml version="1.0" encoding="UTF-8"?>
<!DOCTYPE html PUBLIC "-//W3C//DTD XHTML 1.0 Transitional//EN"
    "http://www.w3.org/TR/xhtml1/DTD/xhtml1-transitional.dtd">
<html xmlns="http://www.w3.org/1999/xhtml" xml:lang="en" lang="en">
 <head>
  <title>
</title>
<meta http-equiv="Content-Type" content="text/html;charset=utf-8" />
  <meta name='ocr-system' content='tesseract 3.04.00' />
  <meta name='ocr-capabilities' content='ocr_page ocr_carea ocr_par ocr_line ocrx_word'/>
</head>
<body>
  <div class='ocr_page' id='page_1' title='image "./bullarumdiplomat05cath/bullarumdiplomat05cath_0838.png"; bbox 0 0 2281 3251; ppageno 0'>
   <div class='ocr_carea' id='block_1_1' title="bbox 473 276 1340 321">
    <p class='ocr_par' dir='ltr' id='par_1_1' title="bbox 473 276 1340 321">
     <span class='ocr_line' id='line_1_1' title="bbox 473 276 1340 321; baseline -0.008 0"><span class='ocrx_word' id='word_1_1' title='bbox 473 287 543 321; x_wconf 75' lang='lat'>820</span> <span class='ocrx_word' id='word_1_2' title='bbox 1035 292 1186 317; x_wconf 69' lang='lat' dir='ltr'>suumn</span> <span class='ocrx_word' id='word_1_3' title='bbox 1215 276 1340 316; x_wconf 44' lang='lat' dir='ltr'>aomar</span> 
     </span>
    </p>
   </div>
   <div class='ocr_carea' id='block_1_2' title="bbox 423 346 1195 2672">
    <p class='ocr_par' dir='ltr' id='par_1_2' title="bbox 423 346 1175 533">
     <span class='ocr_line' id='line_1_2' title="bbox 423 346 1174 392; baseline -0.009 -6"><span class='ocrx_word' id='word_1_4' title='bbox 423 351 538 386; x_wconf 70' lang='lat' dir='ltr'>xxvll.</span> <span class='ocrx_word' id='word_1_5' title='bbox 564 352 605 384; x_wconf 83' lang='lat' dir='ltr'>Dc</span> <span class='ocrx_word' id='word_1_6' title='bbox 631 350 788 384; x_wconf 78' lang='lat' dir='ltr'>electione</span> <span class='ocrx_word' id='word_1_7' title='bbox 810 349 1028 392; x_wconf 88' lang='lat' dir='ltr'>praelatorum</span> <span class='ocrx_word' id='word_1_8' title='bbox 1048 346 1174 380; x_wconf 75' lang='lat' dir='ltr'>Ordinis</span> 
     </span>
     <span class='ocr_line' id='line_1_3' title="bbox 510 396 1171 434; baseline -0.009 -1"><span class='ocrx_word' id='word_1_9' title='bbox 510 401 666 434; x_wconf 79' lang='lat' dir='ltr'>Minorum</span> <span class='ocrx_word' id='word_1_10' title='bbox 680 399 711 432; x_wconf 91' lang='lat' dir='ltr'>S.</span> <span class='ocrx_word' id='word_1_11' title='bbox 727 398 888 431; x_wconf 79' lang='lat' dir='ltr'>Francisci</span> <span class='ocrx_word' id='word_1_12' title='bbox 901 397 938 429; x_wconf 88' lang='lat' dir='ltr'>de</span> <span class='ocrx_word' id='word_1_13' title='bbox 955 396 1171 433; x_wconf 77' lang='lat' dir='ltr'>Observantia,</span> 
     </span>
     <span class='ocr_line' id='line_1_4' title="bbox 512 445 1175 491; baseline -0.008 -9"><span class='ocrx_word' id='word_1_14' title='bbox 512 460 690 491; x_wconf 79' lang='lat' dir='ltr'>eorumque</span> <span class='ocrx_word' id='word_1_15' title='bbox 707 459 723 481; x_wconf 91' lang='lat' dir='ltr'>a</span> <span class='ocrx_word' id='word_1_16' title='bbox 740 447 890 480; x_wconf 74' lang='lat' dir='ltr'>fratribus</span> <span class='ocrx_word' id='word_1_17' title='bbox 905 445 1175 479; x_wconf 68' lang='lat' dir='ltr'>Conventualibus</span> 
     </span>
     <span class='ocr_line' id='line_1_5' title="bbox 511 496 981 533; baseline -0.011 -2"><span class='ocrx_word' id='word_1_18' title='bbox 511 497 722 533; x_wconf 76' lang='lat' dir='ltr'>seiunctione,</span> <span class='ocrx_word' id='word_1_19' title='bbox 745 496 820 530; x_wconf 68' lang='lat'>692.</span> <span class='ocrx_word' id='word_1_20' title='bbox 979 498 981 501; x_wconf 89' lang='lat'>&#39;</span> 
     </span>
    </p>

    <p class='ocr_par' dir='ltr' id='par_1_3' title="bbox 424 543 1181 884">
     <span class='ocr_line' id='line_1_6' title="bbox 424 543 1174 583; baseline -0.011 -1"><span class='ocrx_word' id='word_1_21' title='bbox 424 548 554 583; x_wconf 76' lang='lat' dir='ltr'><strong>XXVIII.</strong></span> <span class='ocrx_word' id='word_1_22' title='bbox 569 546 748 580; x_wconf 89' lang='lat' dir='ltr'>lurisdictio</span> <span class='ocrx_word' id='word_1_23' title='bbox 761 543 929 577; x_wconf 85' lang='lat' dir='ltr'>camerarii</span> <span class='ocrx_word' id='word_1_24' title='bbox 941 548 968 576; x_wconf 89' lang='lat' dir='ltr'>et</span> <span class='ocrx_word' id='word_1_25' title='bbox 982 544 1174 577; x_wconf 87' lang='lat' dir='ltr'>clericorum</span> 
     </span>
     <span class='ocr_line' id='line_1_7' title="bbox 514 592 1176 636; baseline -0.008 -7"><span class='ocrx_word' id='word_1_26' title='bbox 514 595 715 630; x_wconf 75' lang='lat' dir='ltr'>Reverendae</span> <span class='ocrx_word' id='word_1_27' title='bbox 735 594 886 627; x_wconf 86' lang='lat' dir='ltr'>Camerae</span> <span class='ocrx_word' id='word_1_28' title='bbox 914 592 1114 636; x_wconf 77' lang='lat' dir='ltr'>Apostolicae</span> <span class='ocrx_word' id='word_1_29' title='bbox 1145 592 1176 624; x_wconf 87' lang='lat' dir='ltr'>in</span> 
     </span>
     <span class='ocr_line' id='line_1_8' title="bbox 515 641 1177 678; baseline -0.008 0"><span class='ocrx_word' id='word_1_30' title='bbox 515 644 618 678; x_wconf 85' lang='lat' dir='ltr'>causis</span> <span class='ocrx_word' id='word_1_31' title='bbox 638 650 665 677; x_wconf 84' lang='lat' dir='ltr'>et</span> <span class='ocrx_word' id='word_1_32' title='bbox 688 642 904 677; x_wconf 85' lang='lat' dir='ltr'>contractibus</span> <span class='ocrx_word' id='word_1_33' title='bbox 921 641 1133 675; x_wconf 85' lang='lat' dir='ltr'>cameralibus</span> <span class='ocrx_word' id='word_1_34' title='bbox 1149 646 1177 673; x_wconf 88' lang='lat' dir='ltr'>et</span> 
     </span>
     <span class='ocr_line' id='line_1_9' title="bbox 513 691 1174 737; baseline -0.008 -10"><span class='ocrx_word' id='word_1_35' title='bbox 513 693 678 737; x_wconf 69' lang='lat' dir='ltr'>guberniis</span> <span class='ocrx_word' id='word_1_36' title='bbox 694 694 839 726; x_wconf 89' lang='lat' dir='ltr'>locorum</span> <span class='ocrx_word' id='word_1_37' title='bbox 861 691 905 724; x_wconf 80' lang='lat' dir='ltr'>eis</span> <span class='ocrx_word' id='word_1_38' title='bbox 917 691 1174 723; x_wconf 84' lang='lat' dir='ltr'>commissorum.</span> 
     </span>
     <span class='ocr_line' id='line_1_10' title="bbox 515 739 1178 776; baseline -0.008 0"><span class='ocrx_word' id='word_1_39' title='bbox 515 743 645 776; x_wconf 77' lang='lat' dir='ltr'>Necnon</span> <span class='ocrx_word' id='word_1_40' title='bbox 666 748 695 775; x_wconf 85' lang='lat' dir='ltr'>et</span> <span class='ocrx_word' id='word_1_41' title='bbox 716 741 917 776; x_wconf 80' lang='lat' dir='ltr'>confirmatio</span> <span class='ocrx_word' id='word_1_42' title='bbox 938 739 1178 773; x_wconf 81' lang='lat' dir='ltr'>ordinationum</span> 
     </span>
     <span class='ocr_line' id='line_1_11' title="bbox 515 788 1181 837; baseline -0.008 -11"><span class='ocrx_word' id='word_1_43' title='bbox 515 803 573 837; x_wconf 91' lang='lat' dir='ltr'>per</span> <span class='ocrx_word' id='word_1_44' title='bbox 592 792 721 825; x_wconf 90' lang='lat' dir='ltr'>eosdem</span> <span class='ocrx_word' id='word_1_45' title='bbox 743 791 879 825; x_wconf 88' lang='lat' dir='ltr'>clericos</span> <span class='ocrx_word' id='word_1_46' title='bbox 900 800 958 834; x_wconf 92' lang='lat' dir='ltr'>pro</span> <span class='ocrx_word' id='word_1_47' title='bbox 974 789 1110 823; x_wconf 85' lang='lat' dir='ltr'>feliciori</span> <span class='ocrx_word' id='word_1_48' title='bbox 1126 788 1181 822; x_wconf 90' lang='lat' dir='ltr'>Ca-</span> 
     </span>
     <span class='ocr_line' id='line_1_12' title="bbox 514 838 1089 884; baseline -0.005 -10"><span class='ocrx_word' id='word_1_49' title='bbox 514 851 622 874; x_wconf 87' lang='lat' dir='ltr'>merae</span> <span class='ocrx_word' id='word_1_50' title='bbox 643 840 798 884; x_wconf 75' lang='lat' dir='ltr'>regimine</span> <span class='ocrx_word' id='word_1_51' title='bbox 819 839 991 878; x_wconf 86' lang='lat' dir='ltr'>editarum,</span> <span class='ocrx_word' id='word_1_52' title='bbox 1014 838 1089 872; x_wconf 81' lang='lat'>698.</span> 
     </span>
    </p>

    <p class='ocr_par' dir='ltr' id='par_1_4' title="bbox 514 887 1182 1126">
     <span class='ocr_line' id='line_1_13' title="bbox 558 887 1181 931; baseline -0.005 -9"><span class='ocrx_word' id='word_1_53' title='bbox 558 890 625 923; x_wconf 71' lang='lat' dir='ltr'>Alia</span> <span class='ocrx_word' id='word_1_54' title='bbox 637 888 822 922; x_wconf 87' lang='lat' dir='ltr'>constitutio</span> <span class='ocrx_word' id='word_1_55' title='bbox 840 887 1080 921; x_wconf 80' lang='lat' dir='ltr'>confirmatoria</span> <span class='ocrx_word' id='word_1_56' title='bbox 1092 897 1181 931; x_wconf 84' lang='lat' dir='ltr'>prae-</span> 
     </span>
     <span class='ocr_line' id='line_1_14' title="bbox 514 936 1180 972; baseline -0.006 0"><span class='ocrx_word' id='word_1_57' title='bbox 514 939 656 972; x_wconf 84' lang='lat' dir='ltr'>cedentis</span> <span class='ocrx_word' id='word_1_58' title='bbox 677 944 706 971; x_wconf 89' lang='lat' dir='ltr'>et</span> <span class='ocrx_word' id='word_1_59' title='bbox 727 938 863 971; x_wconf 86' lang='lat' dir='ltr'>aliarum</span> <span class='ocrx_word' id='word_1_60' title='bbox 876 937 927 970; x_wconf 82' lang='lat' dir='ltr'>hic</span> <span class='ocrx_word' id='word_1_61' title='bbox 941 936 1067 969; x_wconf 75' lang='lat' dir='ltr'>relative</span> <span class='ocrx_word' id='word_1_62' title='bbox 1079 936 1180 969; x_wconf 89' lang='lat' dir='ltr'>inser-</span> 
     </span>
     <span class='ocr_line' id='line_1_15' title="bbox 514 986 1182 1030; baseline -0.004 -9"><span class='ocrx_word' id='word_1_63' title='bbox 514 995 641 1028; x_wconf 89' lang='lat' dir='ltr'>tarum,</span> <span class='ocrx_word' id='word_1_64' title='bbox 671 987 974 1030; x_wconf 88' lang='lat' dir='ltr'>ordinationumque</span> <span class='ocrx_word' id='word_1_65' title='bbox 1007 996 1024 1019; x_wconf 89' lang='lat' dir='ltr'>a</span> <span class='ocrx_word' id='word_1_66' title='bbox 1058 986 1182 1019; x_wconf 74' lang='lat' dir='ltr'><strong>clericis</strong></span> 
     </span>
     <span class='ocr_line' id='line_1_16' title="bbox 517 1034 1182 1081; baseline -0.006 -10"><span class='ocrx_word' id='word_1_67' title='bbox 517 1037 669 1071; x_wconf 80' lang='lat' dir='ltr'><strong>Gamerae</strong></span> <span class='ocrx_word' id='word_1_68' title='bbox 691 1047 750 1081; x_wconf 91' lang='lat' dir='ltr'>pro</span> <span class='ocrx_word' id='word_1_69' title='bbox 781 1036 849 1070; x_wconf 92' lang='lat' dir='ltr'>eius</span> <span class='ocrx_word' id='word_1_70' title='bbox 869 1035 1027 1079; x_wconf 77' lang='lat' dir='ltr'>gubernio</span> <span class='ocrx_word' id='word_1_71' title='bbox 1047 1034 1182 1068; x_wconf 85' lang='lat' dir='ltr'>feliciori</span> 
     </span>
     <span class='ocr_line' id='line_1_17' title="bbox 515 1085 783 1126; baseline -0.004 -6"><span class='ocrx_word' id='word_1_72' title='bbox 515 1086 685 1126; x_wconf 87' lang='lat' dir='ltr'>editarum,</span> <span class='ocrx_word' id='word_1_73' title='bbox 709 1085 783 1119; x_wconf 88' lang='lat'>700.</span> 
     </span>
    </p>

    <p class='ocr_par' dir='ltr' id='par_1_5' title="bbox 517 1133 1184 1223">
     <span class='ocr_line' id='line_1_18' title="bbox 558 1133 1184 1177; baseline -0.003 -9"><span class='ocrx_word' id='word_1_74' title='bbox 558 1135 664 1168; x_wconf 89' lang='lat' dir='ltr'>Tenor</span> <span class='ocrx_word' id='word_1_75' title='bbox 689 1140 881 1167; x_wconf 88' lang='lat' dir='ltr'>statutorum</span> <span class='ocrx_word' id='word_1_76' title='bbox 896 1144 914 1167; x_wconf 91' lang='lat' dir='ltr'>a</span> <span class='ocrx_word' id='word_1_77' title='bbox 931 1133 1057 1167; x_wconf 82' lang='lat' dir='ltr'>clericis</span> <span class='ocrx_word' id='word_1_78' title='bbox 1071 1143 1184 1177; x_wconf 87' lang='lat' dir='ltr'>supra-</span> 
     </span>
     <span class='ocr_line' id='line_1_19' title="bbox 517 1182 895 1223; baseline 0 -7"><span class='ocrx_word' id='word_1_79' title='bbox 517 1183 609 1217; x_wconf 91' lang='lat' dir='ltr'>dictis</span> <span class='ocrx_word' id='word_1_80' title='bbox 629 1184 802 1223; x_wconf 81' lang='lat' dir='ltr'>editorum,</span> <span class='ocrx_word' id='word_1_81' title='bbox 821 1182 895 1217; x_wconf 64' lang='lat'>70⁹2.</span> 
     </span>
    </p>

    <p class='ocr_par' dir='ltr' id='par_1_6' title="bbox 431 1231 1184 1417">
     <span class='ocr_line' id='line_1_20' title="bbox 431 1231 1184 1272; baseline -0.003 -6"><span class='ocrx_word' id='word_1_82' title='bbox 431 1232 536 1266; x_wconf 84' lang='lat' dir='ltr'><strong>XXIX.</strong></span> <span class='ocrx_word' id='word_1_83' title='bbox 559 1231 651 1272; x_wconf 86' lang='lat' dir='ltr'>Quod</span> <span class='ocrx_word' id='word_1_84' title='bbox 666 1232 832 1265; x_wconf 79' lang='lat' dir='ltr'>audientes</span> <span class='ocrx_word' id='word_1_85' title='bbox 848 1232 977 1265; x_wconf 91' lang='lat' dir='ltr'>missam</span> <span class='ocrx_word' id='word_1_86' title='bbox 993 1232 1025 1264; x_wconf 90' lang='lat' dir='ltr'>in</span> <span class='ocrx_word' id='word_1_87' title='bbox 1041 1231 1184 1265; x_wconf 88' lang='lat' dir='ltr'>ecclesiis</span> 
     </span>
     <span class='ocr_line' id='line_1_21' title="bbox 519 1279 1184 1320; baseline 0 -7"><span class='ocrx_word' id='word_1_88' title='bbox 519 1281 654 1314; x_wconf 80' lang='lat' dir='ltr'>fratrum</span> <span class='ocrx_word' id='word_1_89' title='bbox 675 1280 935 1320; x_wconf 89' lang='lat' dir='ltr'>Mendicantium,</span> <span class='ocrx_word' id='word_1_90' title='bbox 963 1281 994 1313; x_wconf 92' lang='lat' dir='ltr'>in</span> <span class='ocrx_word' id='word_1_91' title='bbox 1015 1279 1184 1314; x_wconf 79' lang='lat' dir='ltr'>dominicis</span> 
     </span>
     <span class='ocr_line' id='line_1_22' title="bbox 521 1328 1183 1372; baseline 0 -10"><span class='ocrx_word' id='word_1_92' title='bbox 521 1334 550 1362; x_wconf 90' lang='lat' dir='ltr'>et</span> <span class='ocrx_word' id='word_1_93' title='bbox 562 1329 648 1362; x_wconf 89' lang='lat' dir='ltr'>sestis</span> <span class='ocrx_word' id='word_1_94' title='bbox 663 1328 788 1369; x_wconf 79' lang='lat' dir='ltr'>diebus,</span> <span class='ocrx_word' id='word_1_95' title='bbox 807 1329 1002 1362; x_wconf 78' lang='lat' dir='ltr'>satisfaciunt</span> <span class='ocrx_word' id='word_1_96' title='bbox 1013 1335 1183 1372; x_wconf 87' lang='lat' dir='ltr'>praecepto</span> 
     </span>
     <span class='ocr_line' id='line_1_23' title="bbox 518 1377 1137 1417; baseline 0 -6"><span class='ocrx_word' id='word_1_97' title='bbox 518 1377 678 1411; x_wconf 82' lang='lat' dir='ltr'>Ecclesiae</span> <span class='ocrx_word' id='word_1_98' title='bbox 699 1377 737 1410; x_wconf 91' lang='lat' dir='ltr'>de</span> <span class='ocrx_word' id='word_1_99' title='bbox 754 1377 849 1410; x_wconf 89' lang='lat' dir='ltr'>missa</span> <span class='ocrx_word' id='word_1_100' title='bbox 869 1377 1040 1417; x_wconf 83' lang='lat' dir='ltr'>audienda,</span> <span class='ocrx_word' id='word_1_101' title='bbox 1063 1377 1137 1411; x_wconf 77' lang='lat'>710.</span> 
     </span>
    </p>

    <p class='ocr_par' dir='ltr' id='par_1_7' title="bbox 435 1425 1186 1661">
     <span class='ocr_line' id='line_1_24' title="bbox 435 1425 1183 1460; baseline -0.003 0"><span class='ocrx_word' id='word_1_102' title='bbox 435 1426 525 1460; x_wconf 88' lang='lat' dir='ltr'><strong>XXX.</strong></span> <span class='ocrx_word' id='word_1_103' title='bbox 550 1427 674 1459; x_wconf 90' lang='lat' dir='ltr'>Fratres</span> <span class='ocrx_word' id='word_1_104' title='bbox 685 1426 821 1459; x_wconf 78' lang='lat' dir='ltr'>Minores</span> <span class='ocrx_word' id='word_1_105' title='bbox 832 1426 958 1460; x_wconf 86' lang='lat' dir='ltr'>Ordinis</span> <span class='ocrx_word' id='word_1_106' title='bbox 977 1426 1006 1459; x_wconf 87' lang='lat' dir='ltr'>S.</span> <span class='ocrx_word' id='word_1_107' title='bbox 1026 1425 1183 1459; x_wconf 89' lang='lat' dir='ltr'>Francisci</span> 
     </span>
     <span class='ocr_line' id='line_1_25' title="bbox 521 1474 1185 1518; baseline -0.002 -10"><span class='ocrx_word' id='word_1_108' title='bbox 521 1475 560 1508; x_wconf 91' lang='lat' dir='ltr'>de</span> <span class='ocrx_word' id='word_1_109' title='bbox 580 1474 796 1515; x_wconf 81' lang='lat' dir='ltr'>Observantia,</span> <span class='ocrx_word' id='word_1_110' title='bbox 819 1474 850 1507; x_wconf 91' lang='lat' dir='ltr'>in</span> <span class='ocrx_word' id='word_1_111' title='bbox 876 1474 1136 1518; x_wconf 87' lang='lat' dir='ltr'>processionibus</span> <span class='ocrx_word' id='word_1_112' title='bbox 1155 1479 1185 1507; x_wconf 90' lang='lat' dir='ltr'>et</span> 
     </span>
     <span class='ocr_line' id='line_1_26' title="bbox 517 1522 1186 1567; baseline -0.001 -11"><span class='ocrx_word' id='word_1_113' title='bbox 517 1523 642 1557; x_wconf 89' lang='lat' dir='ltr'>actibus</span> <span class='ocrx_word' id='word_1_114' title='bbox 658 1523 807 1567; x_wconf 85' lang='lat' dir='ltr'>publicis,</span> <span class='ocrx_word' id='word_1_115' title='bbox 839 1524 952 1556; x_wconf 80' lang='lat' dir='ltr'>fratres</span> <span class='ocrx_word' id='word_1_116' title='bbox 989 1522 1186 1557; x_wconf 81' lang='lat' dir='ltr'>Conventua-</span> 
     </span>
     <span class='ocr_line' id='line_1_27' title="bbox 522 1571 1186 1616; baseline 0.002 -11"><span class='ocrx_word' id='word_1_117' title='bbox 522 1573 567 1605; x_wconf 91' lang='lat' dir='ltr'>les</span> <span class='ocrx_word' id='word_1_118' title='bbox 578 1571 787 1616; x_wconf 86' lang='lat' dir='ltr'>praecedunt,</span> <span class='ocrx_word' id='word_1_119' title='bbox 806 1572 1008 1615; x_wconf 80' lang='lat' dir='ltr'>digniorique</span> <span class='ocrx_word' id='word_1_120' title='bbox 1024 1572 1096 1606; x_wconf 90' lang='lat' dir='ltr'>loco</span> <span class='ocrx_word' id='word_1_121' title='bbox 1116 1583 1186 1606; x_wconf 90' lang='lat' dir='ltr'>cru-</span> 
     </span>
     <span class='ocr_line' id='line_1_28' title="bbox 522 1621 870 1661; baseline 0 -7"><span class='ocrx_word' id='word_1_122' title='bbox 522 1632 591 1654; x_wconf 86' lang='lat' dir='ltr'>cem</span> <span class='ocrx_word' id='word_1_123' title='bbox 612 1621 771 1661; x_wconf 89' lang='lat' dir='ltr'>deserunt,</span> <span class='ocrx_word' id='word_1_124' title='bbox 795 1621 870 1654; x_wconf 50' lang='lat'>7111.</span> 
     </span>
    </p>

    <p class='ocr_par' dir='ltr' id='par_1_8' title="bbox 435 1669 1187 1808">
     <span class='ocr_line' id='line_1_29' title="bbox 435 1669 1187 1704; baseline 0 -1"><span class='ocrx_word' id='word_1_125' title='bbox 435 1669 539 1704; x_wconf 86' lang='lat' dir='ltr'><strong>XXXI.</strong></span> <span class='ocrx_word' id='word_1_126' title='bbox 571 1669 688 1704; x_wconf 80' lang='lat' dir='ltr'>Contra</span> <span class='ocrx_word' id='word_1_127' title='bbox 717 1670 854 1703; x_wconf 89' lang='lat' dir='ltr'>barones</span> <span class='ocrx_word' id='word_1_128' title='bbox 882 1676 913 1703; x_wconf 90' lang='lat' dir='ltr'>et</span> <span class='ocrx_word' id='word_1_129' title='bbox 941 1670 1187 1704; x_wconf 82' lang='lat' dir='ltr'>communitates</span> 
     </span>
     <span class='ocr_line' id='line_1_30' title="bbox 522 1719 1187 1753; baseline 0 -1"><span class='ocrx_word' id='word_1_130' title='bbox 522 1729 585 1752; x_wconf 92' lang='lat' dir='ltr'>non</span> <span class='ocrx_word' id='word_1_131' title='bbox 612 1719 828 1753; x_wconf 82' lang='lat' dir='ltr'>custodientes</span> <span class='ocrx_word' id='word_1_132' title='bbox 855 1729 969 1752; x_wconf 90' lang='lat' dir='ltr'>eorum</span> <span class='ocrx_word' id='word_1_133' title='bbox 988 1719 1150 1752; x_wconf 86' lang='lat' dir='ltr'>territoria</span> <span class='ocrx_word' id='word_1_134' title='bbox 1169 1730 1187 1752; x_wconf 90' lang='lat' dir='ltr'>a</span> 
     </span>
     <span class='ocr_line' id='line_1_31' title="bbox 520 1767 1024 1808; baseline 0 -7"><span class='ocrx_word' id='word_1_135' title='bbox 520 1768 671 1808; x_wconf 90' lang='lat' dir='ltr'>bannitis,</span> <span class='ocrx_word' id='word_1_136' title='bbox 695 1768 830 1808; x_wconf 82' lang='lat' dir='ltr'>furibus,</span> <span class='ocrx_word' id='word_1_137' title='bbox 853 1772 927 1807; x_wconf 60' lang='lat' dir='ltr'>ecc„</span> <span class='ocrx_word' id='word_1_138' title='bbox 950 1767 1024 1801; x_wconf 72' lang='lat'>712.</span> 
     </span>
    </p>

    <p class='ocr_par' dir='ltr' id='par_1_9' title="bbox 435 1816 1189 2005">
     <span class='ocr_line' id='line_1_32' title="bbox 435 1816 1188 1861; baseline 0.001 -12"><span class='ocrx_word' id='word_1_139' title='bbox 435 1816 554 1850; x_wconf 81' lang='lat' dir='ltr'><strong>XXXII.</strong></span> <span class='ocrx_word' id='word_1_140' title='bbox 581 1816 811 1860; x_wconf 89' lang='lat' dir='ltr'>Inquisitorum</span> <span class='ocrx_word' id='word_1_141' title='bbox 832 1817 1012 1850; x_wconf 85' lang='lat' dir='ltr'>haereticae</span> <span class='ocrx_word' id='word_1_142' title='bbox 1028 1817 1188 1861; x_wconf 80' lang='lat' dir='ltr'>pravitatis</span> 
     </span>
     <span class='ocr_line' id='line_1_33' title="bbox 523 1865 1188 1910; baseline 0.002 -12"><span class='ocrx_word' id='word_1_143' title='bbox 523 1865 656 1899; x_wconf 82' lang='lat' dir='ltr'>facultas</span> <span class='ocrx_word' id='word_1_144' title='bbox 668 1877 726 1900; x_wconf 83' lang='lat' dir='ltr'>suo</span> <span class='ocrx_word' id='word_1_145' title='bbox 738 1866 870 1899; x_wconf 89' lang='lat' dir='ltr'>arbitrio</span> <span class='ocrx_word' id='word_1_146' title='bbox 878 1866 1032 1910; x_wconf 91' lang='lat' dir='ltr'>puniendi</span> <span class='ocrx_word' id='word_1_147' title='bbox 1043 1866 1188 1900; x_wconf 89' lang='lat' dir='ltr'>etcuriae</span> 
     </span>
     <span class='ocr_line' id='line_1_34' title="bbox 525 1914 1189 1949; baseline 0.002 -1"><span class='ocrx_word' id='word_1_148' title='bbox 525 1914 681 1948; x_wconf 86' lang='lat' dir='ltr'>saeculari</span> <span class='ocrx_word' id='word_1_149' title='bbox 701 1915 848 1948; x_wconf 88' lang='lat' dir='ltr'>tradendi</span> <span class='ocrx_word' id='word_1_150' title='bbox 868 1920 962 1948; x_wconf 86' lang='lat' dir='ltr'>testes</span> <span class='ocrx_word' id='word_1_151' title='bbox 976 1915 1137 1949; x_wconf 84' lang='lat' dir='ltr'>falsidicos</span> <span class='ocrx_word' id='word_1_152' title='bbox 1156 1915 1189 1948; x_wconf 91' lang='lat' dir='ltr'>in</span> 
     </span>
     <span class='ocr_line' id='line_1_35' title="bbox 524 1963 832 2005; baseline 0.003 -9"><span class='ocrx_word' id='word_1_153' title='bbox 524 1963 628 1997; x_wconf 88' lang='lat' dir='ltr'>causis</span> <span class='ocrx_word' id='word_1_154' title='bbox 648 1964 735 2005; x_wconf 84' lang='lat' dir='ltr'>fidei,</span> <span class='ocrx_word' id='word_1_155' title='bbox 757 1963 832 1997; x_wconf 80' lang='lat'>713.</span> 
     </span>
    </p>

    <p class='ocr_par' dir='ltr' id='par_1_10' title="bbox 437 2011 1190 2205">
     <span class='ocr_line' id='line_1_36' title="bbox 437 2011 1190 2057; baseline 0.004 -13"><span class='ocrx_word' id='word_1_156' title='bbox 437 2011 566 2045; x_wconf 84' lang='lat' dir='ltr'><strong>XXXIII.</strong></span> <span class='ocrx_word' id='word_1_157' title='bbox 589 2012 705 2046; x_wconf 84' lang='lat' dir='ltr'>Contra</span> <span class='ocrx_word' id='word_1_158' title='bbox 724 2024 960 2057; x_wconf 88' lang='lat' dir='ltr'>quoscumque,</span> <span class='ocrx_word' id='word_1_159' title='bbox 983 2014 1076 2047; x_wconf 91' lang='lat' dir='ltr'>etiam</span> <span class='ocrx_word' id='word_1_160' title='bbox 1097 2024 1190 2057; x_wconf 90' lang='lat' dir='ltr'>prae-</span> 
     </span>
     <span class='ocr_line' id='line_1_37' title="bbox 522 2061 1189 2106; baseline 0.003 -12"><span class='ocrx_word' id='word_1_161' title='bbox 522 2067 609 2095; x_wconf 87' lang='lat' dir='ltr'>textu</span> <span class='ocrx_word' id='word_1_162' title='bbox 625 2061 739 2095; x_wconf 90' lang='lat' dir='ltr'>indulti</span> <span class='ocrx_word' id='word_1_163' title='bbox 751 2062 869 2096; x_wconf 87' lang='lat' dir='ltr'>Urbani</span> <span class='ocrx_word' id='word_1_164' title='bbox 886 2063 934 2103; x_wconf 73' lang='lat' dir='ltr'>vl,</span> <span class='ocrx_word' id='word_1_165' title='bbox 948 2073 1079 2106; x_wconf 86' lang='lat' dir='ltr'>quoquo</span> <span class='ocrx_word' id='word_1_166' title='bbox 1094 2062 1189 2096; x_wconf 90' lang='lat' dir='ltr'>modo</span> 
     </span>
     <span class='ocr_line' id='line_1_38' title="bbox 525 2111 1189 2155; baseline 0.003 -12"><span class='ocrx_word' id='word_1_167' title='bbox 525 2111 735 2155; x_wconf 81' lang='lat' dir='ltr'>impedientes</span> <span class='ocrx_word' id='word_1_168' title='bbox 768 2112 989 2145; x_wconf 82' lang='lat' dir='ltr'>executionem</span> <span class='ocrx_word' id='word_1_169' title='bbox 1011 2112 1189 2145; x_wconf 87' lang='lat' dir='ltr'>litterarum</span> 
     </span>
     <span class='ocr_line' id='line_1_39' title="bbox 527 2161 887 2205; baseline 0.003 -11"><span class='ocrx_word' id='word_1_170' title='bbox 527 2161 790 2205; x_wconf 89' lang='lat' dir='ltr'>apostolicarum,</span> <span class='ocrx_word' id='word_1_171' title='bbox 812 2162 887 2195; x_wconf 70' lang='lat'>714.</span> 
     </span>
    </p>

    <p class='ocr_par' dir='ltr' id='par_1_11' title="bbox 439 2209 1193 2513">
     <span class='ocr_line' id='line_1_40' title="bbox 439 2209 1190 2245; baseline 0.003 -2"><span class='ocrx_word' id='word_1_172' title='bbox 439 2209 566 2244; x_wconf 75' lang='lat' dir='ltr'><strong>XXXIV.</strong></span> <span class='ocrx_word' id='word_1_173' title='bbox 599 2211 802 2245; x_wconf 85' lang='lat' dir='ltr'>Canonizatio</span> <span class='ocrx_word' id='word_1_174' title='bbox 832 2211 932 2245; x_wconf 87' lang='lat' dir='ltr'>sancti</span> <span class='ocrx_word' id='word_1_175' title='bbox 962 2211 1123 2245; x_wconf 87' lang='lat' dir='ltr'>Francisci</span> <span class='ocrx_word' id='word_1_176' title='bbox 1152 2212 1190 2245; x_wconf 90' lang='lat' dir='ltr'>de</span> 
     </span>
     <span class='ocr_line' id='line_1_41' title="bbox 524 2260 1190 2302; baseline 0.003 -9"><span class='ocrx_word' id='word_1_177' title='bbox 524 2260 634 2302; x_wconf 83' lang='lat' dir='ltr'>Paula,</span> <span class='ocrx_word' id='word_1_178' title='bbox 666 2260 792 2294; x_wconf 89' lang='lat' dir='ltr'>Ordinis</span> <span class='ocrx_word' id='word_1_179' title='bbox 827 2262 959 2295; x_wconf 77' lang='lat' dir='ltr'>fratrum</span> <span class='ocrx_word' id='word_1_180' title='bbox 984 2261 1190 2295; x_wconf 88' lang='lat' dir='ltr'>Minimorum</span> 
     </span>
     <span class='ocr_line' id='line_1_42' title="bbox 524 2309 1191 2355; baseline 0.001 -13"><span class='ocrx_word' id='word_1_181' title='bbox 524 2309 725 2350; x_wconf 88' lang='lat' dir='ltr'>institutoris,</span> <span class='ocrx_word' id='word_1_182' title='bbox 744 2310 877 2354; x_wconf 86' lang='lat' dir='ltr'>eiusque</span> <span class='ocrx_word' id='word_1_183' title='bbox 901 2310 1074 2355; x_wconf 91' lang='lat' dir='ltr'>adscriptio</span> <span class='ocrx_word' id='word_1_184' title='bbox 1103 2315 1191 2343; x_wconf 86' lang='lat' dir='ltr'>cata-</span> 
     </span>
     <span class='ocr_line' id='line_1_43' title="bbox 524 2362 1191 2407; baseline 0 -12"><span class='ocrx_word' id='word_1_185' title='bbox 524 2363 597 2407; x_wconf 79' lang='lat' dir='ltr'>logo</span> <span class='ocrx_word' id='word_1_186' title='bbox 617 2369 801 2397; x_wconf 89' lang='lat' dir='ltr'>sanctorum</span> <span class='ocrx_word' id='word_1_187' title='bbox 832 2364 1067 2404; x_wconf 82' lang='lat' dir='ltr'>consessorum,</span> <span class='ocrx_word' id='word_1_188' title='bbox 1089 2368 1120 2396; x_wconf 85' lang='lat' dir='ltr'>et</span> <span class='ocrx_word' id='word_1_189' title='bbox 1143 2362 1191 2396; x_wconf 90' lang='lat' dir='ltr'>in-</span> 
     </span>
     <span class='ocr_line' id='line_1_44' title="bbox 527 2416 1193 2462; baseline 0.002 -13"><span class='ocrx_word' id='word_1_190' title='bbox 527 2417 646 2450; x_wconf 86' lang='lat' dir='ltr'>stitutio</span> <span class='ocrx_word' id='word_1_191' title='bbox 677 2417 849 2450; x_wconf 76' lang='lat' dir='ltr'>festivitatis</span> <span class='ocrx_word' id='word_1_192' title='bbox 879 2428 936 2462; x_wconf 92' lang='lat' dir='ltr'>pro</span> <span class='ocrx_word' id='word_1_193' title='bbox 973 2417 1022 2451; x_wconf 90' lang='lat' dir='ltr'>die</span> <span class='ocrx_word' id='word_1_194' title='bbox 1052 2416 1193 2450; x_wconf 88' lang='lat' dir='ltr'>secunda</span> 
     </span>
     <span class='ocr_line' id='line_1_45' title="bbox 527 2469 1189 2513; baseline 0.005 -12"><span class='ocrx_word' id='word_1_195' title='bbox 527 2469 645 2502; x_wconf 88' lang='lat' dir='ltr'>mensis</span> <span class='ocrx_word' id='word_1_196' title='bbox 660 2470 782 2513; x_wconf 84' lang='lat' dir='ltr'>aprilis,</span> <span class='ocrx_word' id='word_1_197' title='bbox 797 2481 859 2503; x_wconf 86' lang='lat' dir='ltr'>una</span> <span class='ocrx_word' id='word_1_198' title='bbox 876 2481 951 2504; x_wconf 90' lang='lat' dir='ltr'>cum</span> <span class='ocrx_word' id='word_1_199' title='bbox 971 2476 1091 2511; x_wconf 74' lang='lat' dir='ltr'>octava,</span> <span class='ocrx_word' id='word_1_200' title='bbox 1114 2470 1189 2504; x_wconf 66' lang='lat'>7¹17.</span> 
     </span>
    </p>

    <p class='ocr_par' dir='ltr' id='par_1_12' title="bbox 442 2521 1195 2672">
     <span class='ocr_line' id='line_1_46' title="bbox 442 2521 1195 2568; baseline 0.005 -15"><span class='ocrx_word' id='word_1_201' title='bbox 442 2521 555 2555; x_wconf 80' lang='lat' dir='ltr'><strong>XXXV.</strong></span> <span class='ocrx_word' id='word_1_202' title='bbox 578 2521 694 2556; x_wconf 89' lang='lat' dir='ltr'>Contra</span> <span class='ocrx_word' id='word_1_203' title='bbox 725 2529 905 2568; x_wconf 80' lang='lat' dir='ltr'>pugnantes</span> <span class='ocrx_word' id='word_1_204' title='bbox 930 2524 961 2557; x_wconf 87' lang='lat' dir='ltr'>in</span> <span class='ocrx_word' id='word_1_205' title='bbox 981 2524 1110 2565; x_wconf 91' lang='lat' dir='ltr'>duello,</span> <span class='ocrx_word' id='word_1_206' title='bbox 1141 2529 1195 2557; x_wconf 85' lang='lat' dir='ltr'>aut</span> 
     </span>
     <span class='ocr_line' id='line_1_47' title="bbox 530 2575 1194 2622; baseline 0.005 -14"><span class='ocrx_word' id='word_1_207' title='bbox 530 2575 607 2609; x_wconf 91' lang='lat' dir='ltr'>illud</span> <span class='ocrx_word' id='word_1_208' title='bbox 642 2577 861 2621; x_wconf 86' lang='lat' dir='ltr'>permittentes</span> <span class='ocrx_word' id='word_1_209' title='bbox 888 2578 936 2611; x_wconf 74' lang='lat' dir='ltr'>rel</span> <span class='ocrx_word' id='word_1_210' title='bbox 956 2582 1134 2622; x_wconf 83' lang='lat' dir='ltr'>spectantes</span> <span class='ocrx_word' id='word_1_211' title='bbox 1162 2578 1194 2610; x_wconf 88' lang='lat' dir='ltr'>in</span> 
     </span>
     <span class='ocr_line' id='line_1_48' title="bbox 531 2628 971 2672; baseline 0.002 -10"><span class='ocrx_word' id='word_1_212' title='bbox 531 2628 619 2663; x_wconf 89' lang='lat' dir='ltr'>Statu</span> <span class='ocrx_word' id='word_1_213' title='bbox 639 2629 874 2672; x_wconf 87' lang='lat' dir='ltr'>Ecclesiastico,</span> <span class='ocrx_word' id='word_1_214' title='bbox 897 2630 971 2665; x_wconf 71' lang='lat'>727.</span> 
     </span>
    </p>
   </div>
   <div class='ocr_carea' id='block_1_3' title="bbox 443 2681 1195 2729">
    <p class='ocr_par' dir='ltr' id='par_1_13' title="bbox 443 2681 1195 2729">
     <span class='ocr_line' id='line_1_49' title="bbox 443 2681 1195 2729; baseline 0.009 -16"><span class='ocrx_word' id='word_1_215' title='bbox 443 2681 570 2715; x_wconf 82' lang='lat' dir='ltr'>xxxvl.</span> <span class='ocrx_word' id='word_1_216' title='bbox 593 2683 685 2722; x_wconf 88' lang='lat' dir='ltr'>Quod</span> <span class='ocrx_word' id='word_1_217' title='bbox 703 2685 851 2719; x_wconf 89' lang='lat' dir='ltr'>canonici</span> <span class='ocrx_word' id='word_1_218' title='bbox 863 2686 1028 2729; x_wconf 80' lang='lat' dir='ltr'>regulares</span> <span class='ocrx_word' id='word_1_219' title='bbox 1038 2686 1068 2720; x_wconf 91' lang='lat' dir='ltr'>S.</span> <span class='ocrx_word' id='word_1_220' title='bbox 1088 2686 1195 2728; x_wconf 80' lang='lat' dir='ltr'>Augu-</span> 
     </span>
    </p>
   </div>
   <div class='ocr_carea' id='block_1_4' title="bbox 1195 421 1203 990">
    <p class='ocr_par' dir='ltr' id='par_1_14' title="bbox 1195 421 1203 990">
     <span class='ocr_line' id='line_1_50' title="bbox 1195 421 1203 990; baseline 0 0"><span class='ocrx_word' id='word_1_221' title='bbox 1195 421 1203 990; x_wconf 95' lang='lat' dir='ltr'> </span> 
     </span>
    </p>
   </div>
   <div class='ocr_carea' id='block_1_5' title="bbox 1217 343 1984 2154">
    <p class='ocr_par' dir='ltr' id='par_1_15' title="bbox 1304 343 1963 486">
     <span class='ocr_line' id='line_1_51' title="bbox 1306 343 1963 389; baseline 0 -12"><span class='ocrx_word' id='word_1_222' title='bbox 1306 345 1377 377; x_wconf 87' lang='lat' dir='ltr'>stini</span> <span class='ocrx_word' id='word_1_223' title='bbox 1390 371 1397 384; x_wconf 95' lang='lat'>‚</span> <span class='ocrx_word' id='word_1_224' title='bbox 1420 344 1452 377; x_wconf 93' lang='lat' dir='ltr'>in</span> <span class='ocrx_word' id='word_1_225' title='bbox 1472 344 1639 389; x_wconf 89' lang='lat' dir='ltr'>episcopos</span> <span class='ocrx_word' id='word_1_226' title='bbox 1657 343 1810 388; x_wconf 86' lang='lat' dir='ltr'>promoti,</span> <span class='ocrx_word' id='word_1_227' title='bbox 1831 349 1963 378; x_wconf 88' lang='lat' dir='ltr'>utantur</span> 
     </span>
     <span class='ocr_line' id='line_1_52' title="bbox 1304 393 1962 436; baseline 0.002 -11"><span class='ocrx_word' id='word_1_228' title='bbox 1304 393 1427 433; x_wconf 88' lang='lat' dir='ltr'>habitu,</span> <span class='ocrx_word' id='word_1_229' title='bbox 1449 404 1513 436; x_wconf 89' lang='lat' dir='ltr'>quo</span> <span class='ocrx_word' id='word_1_230' title='bbox 1533 398 1669 426; x_wconf 88' lang='lat' dir='ltr'>utuntur</span> <span class='ocrx_word' id='word_1_231' title='bbox 1692 393 1744 426; x_wconf 93' lang='lat' dir='ltr'>alii</span> <span class='ocrx_word' id='word_1_232' title='bbox 1766 393 1873 427; x_wconf 86' lang='lat' dir='ltr'>clerici</span> <span class='ocrx_word' id='word_1_233' title='bbox 1894 404 1962 426; x_wconf 90' lang='lat' dir='ltr'>sae-</span> 
     </span>
     <span class='ocr_line' id='line_1_53' title="bbox 1305 441 1895 486; baseline 0.002 -12"><span class='ocrx_word' id='word_1_234' title='bbox 1305 442 1430 474; x_wconf 87' lang='lat' dir='ltr'>culares</span> <span class='ocrx_word' id='word_1_235' title='bbox 1450 442 1481 474; x_wconf 91' lang='lat' dir='ltr'>in</span> <span class='ocrx_word' id='word_1_236' title='bbox 1502 441 1669 486; x_wconf 90' lang='lat' dir='ltr'>episcopos</span> <span class='ocrx_word' id='word_1_237' title='bbox 1688 443 1798 478; x_wconf 79' lang='lat' dir='ltr'>creati,</span> <span class='ocrx_word' id='word_1_238' title='bbox 1821 441 1895 475; x_wconf 67' lang='grc' dir='ltr'>ἰ’-29.</span> 
     </span>
    </p>

    <p class='ocr_par' dir='ltr' id='par_1_16' title="bbox 1217 490 1965 678">
     <span class='ocr_line' id='line_1_54' title="bbox 1217 490 1965 534; baseline 0 -10"><span class='ocrx_word' id='word_1_239' title='bbox 1217 491 1358 524; x_wconf 64' lang='lat' dir='ltr'><strong>XXXVII.</strong></span> <span class='ocrx_word' id='word_1_240' title='bbox 1378 490 1555 524; x_wconf 85' lang='lat' dir='ltr'>lurisdictio</span> <span class='ocrx_word' id='word_1_241' title='bbox 1575 497 1604 523; x_wconf 90' lang='lat' dir='ltr'>et</span> <span class='ocrx_word' id='word_1_242' title='bbox 1625 491 1684 523; x_wconf 85' lang='lat' dir='ltr'>alia</span> <span class='ocrx_word' id='word_1_243' title='bbox 1706 491 1866 534; x_wconf 75' lang='lat' dir='ltr'>privilegia</span> <span class='ocrx_word' id='word_1_244' title='bbox 1887 501 1965 524; x_wconf 88' lang='lat' dir='ltr'>con-</span> 
     </span>
     <span class='ocr_line' id='line_1_55' title="bbox 1305 539 1965 573; baseline 0 -2"><span class='ocrx_word' id='word_1_245' title='bbox 1305 539 1383 572; x_wconf 89' lang='lat' dir='ltr'>sulis</span> <span class='ocrx_word' id='word_1_246' title='bbox 1408 545 1437 572; x_wconf 85' lang='lat' dir='ltr'>et</span> <span class='ocrx_word' id='word_1_247' title='bbox 1467 539 1722 572; x_wconf 85' lang='lat' dir='ltr'>consiliariorum</span> <span class='ocrx_word' id='word_1_248' title='bbox 1752 539 1965 573; x_wconf 87' lang='lat' dir='ltr'>universitatis</span> 
     </span>
     <span class='ocr_line' id='line_1_56' title="bbox 1308 589 1964 622; baseline 0 -1"><span class='ocrx_word' id='word_1_249' title='bbox 1308 595 1522 622; x_wconf 74' lang='lat' dir='ltr'>mercatorum</span> <span class='ocrx_word' id='word_1_250' title='bbox 1544 589 1802 621; x_wconf 83' lang='lat' dir='ltr'>Florentinorum</span> <span class='ocrx_word' id='word_1_251' title='bbox 1832 589 1863 622; x_wconf 93' lang='lat' dir='ltr'>in</span> <span class='ocrx_word' id='word_1_252' title='bbox 1883 589 1964 622; x_wconf 85' lang='lat' dir='ltr'>alma</span> 
     </span>
     <span class='ocr_line' id='line_1_57' title="bbox 1308 638 1502 678; baseline 0 -7"><span class='ocrx_word' id='word_1_253' title='bbox 1308 638 1403 678; x_wconf 83' lang='lat' dir='ltr'>Urbe,</span> <span class='ocrx_word' id='word_1_254' title='bbox 1428 638 1502 671; x_wconf 69' lang='lat'>729.</span> 
     </span>
    </p>

    <p class='ocr_par' dir='ltr' id='par_1_17' title="bbox 1219 685 1970 972">
     <span class='ocr_line' id='line_1_58' title="bbox 1219 685 1967 731; baseline -0.001 -11"><span class='ocrx_word' id='word_1_255' title='bbox 1219 687 1375 720; x_wconf 63' lang='lat' dir='ltr'>xxxi&#39;ln.</span> <span class='ocrx_word' id='word_1_256' title='bbox 1400 686 1655 720; x_wconf 88' lang='lat' dir='ltr'>Communicatio</span> <span class='ocrx_word' id='word_1_257' title='bbox 1675 686 1820 720; x_wconf 90' lang='lat' dir='ltr'>omnium</span> <span class='ocrx_word' id='word_1_258' title='bbox 1840 685 1967 731; x_wconf 81' lang='lat' dir='ltr'>privile-</span> 
     </span>
     <span class='ocr_line' id='line_1_59' title="bbox 1308 735 1969 779; baseline -0.002 -11"><span class='ocrx_word' id='word_1_259' title='bbox 1308 736 1435 779; x_wconf 79' lang='lat' dir='ltr'>giorum</span> <span class='ocrx_word' id='word_1_260' title='bbox 1461 735 1708 769; x_wconf 80' lang='lat' dir='ltr'>Mendicantium</span> <span class='ocrx_word' id='word_1_261' title='bbox 1723 762 1730 775; x_wconf 93' lang='lat'>‚</span> <span class='ocrx_word' id='word_1_262' title='bbox 1752 740 1815 768; x_wconf 81' lang='lat' dir='ltr'>tam</span> <span class='ocrx_word' id='word_1_263' title='bbox 1837 744 1969 768; x_wconf 86' lang='lat' dir='ltr'>conces-</span> 
     </span>
     <span class='ocr_line' id='line_1_60' title="bbox 1309 783 1970 829; baseline -0.003 -11"><span class='ocrx_word' id='word_1_264' title='bbox 1309 795 1418 818; x_wconf 83' lang='lat' dir='ltr'>sorum</span> <span class='ocrx_word' id='word_1_265' title='bbox 1439 796 1536 829; x_wconf 88' lang='lat' dir='ltr'>quam</span> <span class='ocrx_word' id='word_1_266' title='bbox 1562 784 1856 824; x_wconf 89' lang='lat' dir='ltr'>concedendorum,</span> <span class='ocrx_word' id='word_1_267' title='bbox 1888 783 1970 816; x_wconf 73' lang='lat' dir='ltr'>Inter</span> 
     </span>
     <span class='ocr_line' id='line_1_61' title="bbox 1310 833 1970 877; baseline -0.002 -11"><span class='ocrx_word' id='word_1_268' title='bbox 1310 834 1454 877; x_wconf 73' lang='lat' dir='ltr'>singulos</span> <span class='ocrx_word' id='word_1_269' title='bbox 1473 833 1660 867; x_wconf 90' lang='lat' dir='ltr'>eorumdem</span> <span class='ocrx_word' id='word_1_270' title='bbox 1681 833 1825 873; x_wconf 85' lang='lat' dir='ltr'>Ordines,</span> <span class='ocrx_word' id='word_1_271' title='bbox 1843 842 1970 866; x_wconf 87' lang='lat' dir='ltr'>eorum·</span> 
     </span>
     <span class='ocr_line' id='line_1_62' title="bbox 1310 881 1969 926; baseline -0.003 -10"><span class='ocrx_word' id='word_1_272' title='bbox 1310 894 1372 926; x_wconf 90' lang='lat' dir='ltr'>que</span> <span class='ocrx_word' id='word_1_273' title='bbox 1388 884 1470 923; x_wconf 90' lang='lat' dir='ltr'>loca,</span> <span class='ocrx_word' id='word_1_274' title='bbox 1489 883 1652 923; x_wconf 84' lang='lat' dir='ltr'>ecclesias,</span> <span class='ocrx_word' id='word_1_275' title='bbox 1665 883 1789 923; x_wconf 85' lang='lat' dir='ltr'>fratres,</span> <span class='ocrx_word' id='word_1_276' title='bbox 1802 881 1969 921; x_wconf 88' lang='lat' dir='ltr'>moniales,</span> 
     </span>
     <span class='ocr_line' id='line_1_63' title="bbox 1310 928 1968 972; baseline -0.002 -8"><span class='ocrx_word' id='word_1_277' title='bbox 1310 932 1481 972; x_wconf 86' lang='lat' dir='ltr'>tertiarios,</span> <span class='ocrx_word' id='word_1_278' title='bbox 1505 942 1674 965; x_wconf 78' lang='lat' dir='ltr'>conversos</span> <span class='ocrx_word' id='word_1_279' title='bbox 1693 938 1723 965; x_wconf 88' lang='lat' dir='ltr'>et</span> <span class='ocrx_word' id='word_1_280' title='bbox 1742 931 1876 971; x_wconf 89' lang='lat' dir='ltr'>oblatos,</span> <span class='ocrx_word' id='word_1_281' title='bbox 1894 928 1968 964; x_wconf 66' lang='lat'>73⁹2.</span> 
     </span>
    </p>

    <p class='ocr_par' dir='ltr' id='par_1_18' title="bbox 1222 980 1976 1121">
     <span class='ocr_line' id='line_1_64' title="bbox 1222 980 1973 1025; baseline -0.001 -11"><span class='ocrx_word' id='word_1_282' title='bbox 1222 980 1354 1015; x_wconf 87' lang='lat' dir='ltr'><strong>XXXIX.</strong></span> <span class='ocrx_word' id='word_1_283' title='bbox 1377 981 1420 1014; x_wconf 91' lang='lat' dir='ltr'>De</span> <span class='ocrx_word' id='word_1_284' title='bbox 1436 981 1485 1015; x_wconf 91' lang='lat' dir='ltr'>his</span> <span class='ocrx_word' id='word_1_285' title='bbox 1504 992 1586 1025; x_wconf 89' lang='lat' dir='ltr'>quae</span> <span class='ocrx_word' id='word_1_286' title='bbox 1607 982 1723 1015; x_wconf 75' lang='lat' dir='ltr'>servari</span> <span class='ocrx_word' id='word_1_287' title='bbox 1748 981 1864 1015; x_wconf 88' lang='lat' dir='ltr'>debent</span> <span class='ocrx_word' id='word_1_288' title='bbox 1887 980 1973 1014; x_wconf 86' lang='lat' dir='ltr'>circa</span> 
     </span>
     <span class='ocr_line' id='line_1_65' title="bbox 1312 1028 1976 1074; baseline -0.002 -11"><span class='ocrx_word' id='word_1_289' title='bbox 1312 1030 1570 1074; x_wconf 89' lang='lat' dir='ltr'>impetrationem</span> <span class='ocrx_word' id='word_1_290' title='bbox 1579 1030 1811 1064; x_wconf 89' lang='lat' dir='ltr'>beneficiorum</span> <span class='ocrx_word' id='word_1_291' title='bbox 1820 1028 1976 1064; x_wconf 89' lang='lat' dir='ltr'>concisto-</span> 
     </span>
     <span class='ocr_line' id='line_1_66' title="bbox 1313 1079 1552 1121; baseline 0.004 -9"><span class='ocrx_word' id='word_1_292' title='bbox 1313 1079 1454 1121; x_wconf 87' lang='lat' dir='ltr'>rialium,</span> <span class='ocrx_word' id='word_1_293' title='bbox 1477 1079 1552 1113; x_wconf 73' lang='lat'>734.</span> 
     </span>
    </p>

    <p class='ocr_par' dir='ltr' id='par_1_19' title="bbox 1225 1127 1978 1417">
     <span class='ocr_line' id='line_1_67' title="bbox 1225 1127 1976 1171; baseline -0.001 -10"><span class='ocrx_word' id='word_1_294' title='bbox 1225 1127 1284 1161; x_wconf 87' lang='lat' dir='ltr'><strong>XL.</strong></span> <span class='ocrx_word' id='word_1_295' title='bbox 1306 1128 1548 1162; x_wconf 83' lang='lat' dir='ltr'>Animadversio</span> <span class='ocrx_word' id='word_1_296' title='bbox 1577 1133 1688 1161; x_wconf 88' lang='lat' dir='ltr'>contra</span> <span class='ocrx_word' id='word_1_297' title='bbox 1714 1128 1806 1168; x_wconf 90' lang='lat' dir='ltr'>illos,</span> <span class='ocrx_word' id='word_1_298' title='bbox 1836 1127 1892 1171; x_wconf 91' lang='lat' dir='ltr'>qui</span> <span class='ocrx_word' id='word_1_299' title='bbox 1918 1137 1976 1171; x_wconf 89' lang='lat' dir='ltr'>per</span> 
     </span>
     <span class='ocr_line' id='line_1_68' title="bbox 1312 1176 1976 1221; baseline -0.002 -11"><span class='ocrx_word' id='word_1_300' title='bbox 1312 1178 1386 1218; x_wconf 72' lang='lat' dir='ltr'>xim,</span> <span class='ocrx_word' id='word_1_301' title='bbox 1408 1183 1531 1211; x_wconf 90' lang='lat' dir='ltr'>metum</span> <span class='ocrx_word' id='word_1_302' title='bbox 1547 1177 1691 1211; x_wconf 88' lang='lat' dir='ltr'>autfictis</span> <span class='ocrx_word' id='word_1_303' title='bbox 1711 1176 1976 1221; x_wconf 90' lang='lat' dir='ltr'>promissionibus</span> 
     </span>
     <span class='ocr_line' id='line_1_69' title="bbox 1314 1224 1977 1270; baseline -0.005 -10"><span class='ocrx_word' id='word_1_304' title='bbox 1314 1227 1533 1270; x_wconf 88' lang='lat' dir='ltr'>praelatorum</span> <span class='ocrx_word' id='word_1_305' title='bbox 1545 1227 1718 1260; x_wconf 83' lang='lat' dir='ltr'>electiones</span> <span class='ocrx_word' id='word_1_306' title='bbox 1733 1226 1763 1259; x_wconf 91' lang='lat' dir='ltr'>in</span> <span class='ocrx_word' id='word_1_307' title='bbox 1776 1224 1977 1260; x_wconf 89' lang='lat' dir='ltr'>monasteriis</span> 
     </span>
     <span class='ocr_line' id='line_1_70' title="bbox 1313 1275 1977 1321; baseline -0.002 -13"><span class='ocrx_word' id='word_1_308' title='bbox 1313 1275 1439 1309; x_wconf 91' lang='lat' dir='ltr'>Ordinis</span> <span class='ocrx_word' id='word_1_309' title='bbox 1458 1275 1675 1310; x_wconf 84' lang='lat' dir='ltr'>Cisterciensis</span> <span class='ocrx_word' id='word_1_310' title='bbox 1700 1275 1898 1321; x_wconf 89' lang='lat' dir='ltr'>impediunt,</span> <span class='ocrx_word' id='word_1_311' title='bbox 1922 1279 1977 1308; x_wconf 91' lang='lat' dir='ltr'>aut</span> 
     </span>
     <span class='ocr_line' id='line_1_71' title="bbox 1315 1323 1978 1369; baseline -0.003 -11"><span class='ocrx_word' id='word_1_312' title='bbox 1315 1325 1470 1358; x_wconf 88' lang='lat' dir='ltr'>electores</span> <span class='ocrx_word' id='word_1_313' title='bbox 1498 1325 1536 1358; x_wconf 91' lang='lat' dir='ltr'>ad</span> <span class='ocrx_word' id='word_1_314' title='bbox 1563 1335 1716 1369; x_wconf 87' lang='lat' dir='ltr'>personas</span> <span class='ocrx_word' id='word_1_315' title='bbox 1735 1325 1795 1357; x_wconf 89' lang='lat' dir='ltr'>sibi</span> <span class='ocrx_word' id='word_1_316' title='bbox 1814 1323 1978 1358; x_wconf 85' lang='lat' dir='ltr'>benevisas</span> 
     </span>
     <span class='ocr_line' id='line_1_72' title="bbox 1314 1373 1813 1417; baseline 0.002 -11"><span class='ocrx_word' id='word_1_317' title='bbox 1314 1374 1476 1417; x_wconf 73' lang='lat' dir='ltr'>eligendas</span> <span class='ocrx_word' id='word_1_318' title='bbox 1495 1374 1709 1417; x_wconf 80' lang='lat' dir='ltr'>adstringunt,</span> <span class='ocrx_word' id='word_1_319' title='bbox 1739 1373 1813 1407; x_wconf 83' lang='lat'>735.</span> 
     </span>
    </p>

    <p class='ocr_par' dir='ltr' id='par_1_20' title="bbox 1227 1422 1979 1609">
     <span class='ocr_line' id='line_1_73' title="bbox 1227 1422 1977 1463; baseline -0.003 -8"><span class='ocrx_word' id='word_1_320' title='bbox 1227 1422 1300 1455; x_wconf 62' lang='lat' dir='ltr'><strong>XLI.</strong></span> <span class='ocrx_word' id='word_1_321' title='bbox 1311 1422 1428 1455; x_wconf 90' lang='lat' dir='ltr'>Contra</span> <span class='ocrx_word' id='word_1_322' title='bbox 1436 1423 1625 1463; x_wconf 80' lang='lat' dir='ltr'>homicidas,</span> <span class='ocrx_word' id='word_1_323' title='bbox 1637 1422 1796 1460; x_wconf 89' lang='lat' dir='ltr'>bannitos,</span> <span class='ocrx_word' id='word_1_324' title='bbox 1810 1426 1881 1461; x_wconf 62' lang='lat' dir='ltr'>etc„</span> <span class='ocrx_word' id='word_1_325' title='bbox 1892 1430 1977 1454; x_wconf 93' lang='lat' dir='ltr'>com-</span> 
     </span>
     <span class='ocr_line' id='line_1_74' title="bbox 1316 1469 1977 1513; baseline -0.002 -10"><span class='ocrx_word' id='word_1_326' title='bbox 1316 1471 1487 1504; x_wconf 89' lang='lat' dir='ltr'>munitates</span> <span class='ocrx_word' id='word_1_327' title='bbox 1504 1476 1533 1504; x_wconf 90' lang='lat' dir='ltr'>et</span> <span class='ocrx_word' id='word_1_328' title='bbox 1543 1471 1692 1504; x_wconf 90' lang='lat' dir='ltr'>dominos</span> <span class='ocrx_word' id='word_1_329' title='bbox 1701 1481 1755 1504; x_wconf 87' lang='lat' dir='ltr'>eos</span> <span class='ocrx_word' id='word_1_330' title='bbox 1770 1481 1835 1504; x_wconf 90' lang='lat' dir='ltr'>non</span> <span class='ocrx_word' id='word_1_331' title='bbox 1849 1469 1977 1513; x_wconf 88' lang='lat' dir='ltr'>capien-</span> 
     </span>
     <span class='ocr_line' id='line_1_75' title="bbox 1314 1520 1979 1564; baseline 0.002 -12"><span class='ocrx_word' id='word_1_332' title='bbox 1314 1525 1373 1560; x_wconf 86' lang='lat' dir='ltr'>tes,</span> <span class='ocrx_word' id='word_1_333' title='bbox 1387 1525 1441 1554; x_wconf 88' lang='lat' dir='ltr'>aut</span> <span class='ocrx_word' id='word_1_334' title='bbox 1456 1521 1656 1561; x_wconf 81' lang='lat' dir='ltr'>auxiliantes,</span> <span class='ocrx_word' id='word_1_335' title='bbox 1670 1520 1808 1553; x_wconf 76' lang='lat' dir='ltr'>faventes</span> <span class='ocrx_word' id='word_1_336' title='bbox 1822 1525 1852 1553; x_wconf 86' lang='lat' dir='ltr'>et</span> <span class='ocrx_word' id='word_1_337' title='bbox 1871 1529 1979 1564; x_wconf 89' lang='lat' dir='ltr'>recep-</span> 
     </span>
     <span class='ocr_line' id='line_1_76' title="bbox 1317 1567 1933 1609; baseline 0 -7"><span class='ocrx_word' id='word_1_338' title='bbox 1317 1574 1418 1602; x_wconf 89' lang='lat' dir='ltr'>tantes</span> <span class='ocrx_word' id='word_1_339' title='bbox 1437 1570 1469 1602; x_wconf 92' lang='lat' dir='ltr'>in</span> <span class='ocrx_word' id='word_1_340' title='bbox 1490 1570 1579 1604; x_wconf 88' lang='lat' dir='ltr'>Statu</span> <span class='ocrx_word' id='word_1_341' title='bbox 1598 1569 1834 1609; x_wconf 88' lang='lat' dir='ltr'>Ecclesiastico,</span> <span class='ocrx_word' id='word_1_342' title='bbox 1858 1567 1933 1602; x_wconf 83' lang='lat'>737.</span> 
     </span>
    </p>

    <p class='ocr_par' dir='ltr' id='par_1_21' title="bbox 1228 1616 1981 1858">
     <span class='ocr_line' id='line_1_77' title="bbox 1228 1616 1981 1663; baseline -0.001 -12"><span class='ocrx_word' id='word_1_343' title='bbox 1228 1617 1316 1651; x_wconf 85' lang='lat' dir='ltr'><strong>XLII.</strong></span> <span class='ocrx_word' id='word_1_344' title='bbox 1334 1619 1532 1663; x_wconf 88' lang='lat' dir='ltr'>Approbatio</span> <span class='ocrx_word' id='word_1_345' title='bbox 1552 1617 1912 1652; x_wconf 85' lang='lat' dir='ltr'>archiconsraternitatis</span> <span class='ocrx_word' id='word_1_346' title='bbox 1926 1616 1981 1651; x_wconf 90' lang='lat' dir='ltr'>Ca-</span> 
     </span>
     <span class='ocr_line' id='line_1_78' title="bbox 1317 1665 1980 1712; baseline -0.002 -12"><span class='ocrx_word' id='word_1_347' title='bbox 1317 1667 1417 1700; x_wconf 87' lang='lat' dir='ltr'>ritatis</span> <span class='ocrx_word' id='word_1_348' title='bbox 1441 1678 1546 1712; x_wconf 89' lang='lat' dir='ltr'>nuper</span> <span class='ocrx_word' id='word_1_349' title='bbox 1569 1667 1602 1700; x_wconf 91' lang='lat' dir='ltr'>in</span> <span class='ocrx_word' id='word_1_350' title='bbox 1630 1667 1714 1700; x_wconf 89' lang='lat' dir='ltr'>Urbe</span> <span class='ocrx_word' id='word_1_351' title='bbox 1739 1667 1919 1706; x_wconf 85' lang='lat' dir='ltr'>institutae,</span> <span class='ocrx_word' id='word_1_352' title='bbox 1941 1665 1980 1699; x_wconf 90' lang='lat' dir='ltr'>ad</span> 
     </span>
     <span class='ocr_line' id='line_1_79' title="bbox 1318 1715 1980 1760; baseline -0.002 -11"><span class='ocrx_word' id='word_1_353' title='bbox 1318 1727 1498 1760; x_wconf 89' lang='lat' dir='ltr'>pauperum</span> <span class='ocrx_word' id='word_1_354' title='bbox 1519 1716 1704 1750; x_wconf 86' lang='lat' dir='ltr'>mendicare</span> <span class='ocrx_word' id='word_1_355' title='bbox 1720 1715 1980 1749; x_wconf 84' lang='lat' dir='ltr'>erubescentium</span> 
     </span>
     <span class='ocr_line' id='line_1_80' title="bbox 1318 1765 1981 1809; baseline -0.002 -11"><span class='ocrx_word' id='word_1_356' title='bbox 1318 1771 1623 1809; x_wconf 84' lang='lat' dir='ltr'>carceratorumque</span> <span class='ocrx_word' id='word_1_357' title='bbox 1653 1765 1914 1805; x_wconf 77' lang='lat' dir='ltr'>subventionem,</span> <span class='ocrx_word' id='word_1_358' title='bbox 1945 1774 1981 1797; x_wconf 89' lang='lat' dir='ltr'>ac</span> 
     </span>
     <span class='ocr_line' id='line_1_81' title="bbox 1318 1813 1849 1858; baseline 0.002 -12"><span class='ocrx_word' id='word_1_359' title='bbox 1318 1819 1523 1848; x_wconf 82' lang='lat' dir='ltr'>mortuorum</span> <span class='ocrx_word' id='word_1_360' title='bbox 1539 1815 1750 1858; x_wconf 91' lang='lat' dir='ltr'>sepulturam,</span> <span class='ocrx_word' id='word_1_361' title='bbox 1774 1813 1849 1848; x_wconf 84' lang='lat'>739.</span> 
     </span>
    </p>

    <p class='ocr_par' dir='ltr' id='par_1_22' title="bbox 1230 1862 1984 2154">
     <span class='ocr_line' id='line_1_82' title="bbox 1230 1862 1983 1907; baseline -0.001 -11"><span class='ocrx_word' id='word_1_362' title='bbox 1230 1862 1331 1896; x_wconf 84' lang='lat' dir='ltr'><strong>XLIII.</strong></span> <span class='ocrx_word' id='word_1_363' title='bbox 1354 1864 1513 1897; x_wconf 86' lang='lat' dir='ltr'>Institutio</span> <span class='ocrx_word' id='word_1_364' title='bbox 1546 1863 1732 1897; x_wconf 91' lang='lat' dir='ltr'>monasterii</span> <span class='ocrx_word' id='word_1_365' title='bbox 1759 1863 1792 1896; x_wconf 94' lang='lat' dir='ltr'>in</span> <span class='ocrx_word' id='word_1_366' title='bbox 1821 1863 1904 1897; x_wconf 89' lang='lat' dir='ltr'>Urbe</span> <span class='ocrx_word' id='word_1_367' title='bbox 1925 1872 1983 1907; x_wconf 88' lang='lat' dir='ltr'>pro</span> 
     </span>
     <span class='ocr_line' id='line_1_83' title="bbox 1319 1911 1979 1946; baseline -0.002 0"><span class='ocrx_word' id='word_1_368' title='bbox 1319 1913 1510 1946; x_wconf 91' lang='lat' dir='ltr'>mulieribus</span> <span class='ocrx_word' id='word_1_369' title='bbox 1528 1913 1567 1946; x_wconf 92' lang='lat' dir='ltr'>ab</span> <span class='ocrx_word' id='word_1_370' title='bbox 1593 1913 1761 1946; x_wconf 90' lang='lat' dir='ltr'>inhonesta</span> <span class='ocrx_word' id='word_1_371' title='bbox 1780 1912 1841 1945; x_wconf 78' lang='lat' dir='ltr'>vita</span> <span class='ocrx_word' id='word_1_372' title='bbox 1861 1911 1901 1945; x_wconf 88' lang='lat' dir='ltr'>ad</span> <span class='ocrx_word' id='word_1_373' title='bbox 1919 1912 1979 1945; x_wconf 90' lang='lat' dir='ltr'>ho-</span> 
     </span>
     <span class='ocr_line' id='line_1_84' title="bbox 1319 1960 1980 2002; baseline -0.002 -8"><span class='ocrx_word' id='word_1_374' title='bbox 1319 1967 1441 1995; x_wconf 88' lang='lat' dir='ltr'>nestam</span> <span class='ocrx_word' id='word_1_375' title='bbox 1453 1973 1486 1995; x_wconf 92' lang='lat' dir='ltr'>se</span> <span class='ocrx_word' id='word_1_376' title='bbox 1497 1962 1767 2002; x_wconf 81' lang='lat' dir='ltr'>convertentibus,</span> <span class='ocrx_word' id='word_1_377' title='bbox 1781 1961 1840 1995; x_wconf 91' lang='lat' dir='ltr'>sub</span> <span class='ocrx_word' id='word_1_378' title='bbox 1851 1960 1980 1994; x_wconf 80' lang='lat' dir='ltr'>invoca-</span> 
     </span>
     <span class='ocr_line' id='line_1_85' title="bbox 1321 2010 1983 2053; baseline -0.003 -9"><span class='ocrx_word' id='word_1_379' title='bbox 1321 2011 1407 2045; x_wconf 91' lang='lat' dir='ltr'>tione</span> <span class='ocrx_word' id='word_1_380' title='bbox 1432 2012 1565 2046; x_wconf 86' lang='lat' dir='ltr'>Sanctae</span> <span class='ocrx_word' id='word_1_381' title='bbox 1585 2011 1700 2044; x_wconf 86' lang='lat' dir='ltr'>Mariae</span> <span class='ocrx_word' id='word_1_382' title='bbox 1724 2010 1928 2053; x_wconf 80' lang='lat' dir='ltr'>Magdalenae</span> <span class='ocrx_word' id='word_1_383' title='bbox 1946 2019 1983 2042; x_wconf 87' lang='lat' dir='ltr'>ac</span> 
     </span>
     <span class='ocr_line' id='line_1_86' title="bbox 1320 2058 1984 2104; baseline -0.003 -11"><span class='ocrx_word' id='word_1_384' title='bbox 1320 2060 1442 2104; x_wconf 79' lang='lat' dir='ltr'>Regula</span> <span class='ocrx_word' id='word_1_385' title='bbox 1462 2061 1568 2095; x_wconf 87' lang='lat' dir='ltr'>Sancti</span> <span class='ocrx_word' id='word_1_386' title='bbox 1587 2060 1778 2104; x_wconf 78' lang='lat' dir='ltr'>Augustini,</span> <span class='ocrx_word' id='word_1_387' title='bbox 1807 2065 1837 2093; x_wconf 88' lang='lat' dir='ltr'>et</span> <span class='ocrx_word' id='word_1_388' title='bbox 1857 2058 1916 2093; x_wconf 88' lang='lat' dir='ltr'>sub</span> <span class='ocrx_word' id='word_1_389' title='bbox 1936 2068 1984 2092; x_wconf 87' lang='lat' dir='ltr'>re-</span> 
     </span>
     <span class='ocr_line' id='line_1_87' title="bbox 1321 2107 1982 2154; baseline -0.006 -10"><span class='ocrx_word' id='word_1_390' title='bbox 1321 2111 1440 2154; x_wconf 85' lang='lat' dir='ltr'>gimine</span> <span class='ocrx_word' id='word_1_391' title='bbox 1456 2109 1816 2144; x_wconf 81' lang='lat' dir='ltr'>archiconsraternitatis</span> <span class='ocrx_word' id='word_1_392' title='bbox 1826 2107 1982 2147; x_wconf 88' lang='lat' dir='ltr'>Caritatis,</span> 
     </span>
    </p>
   </div>
   <div class='ocr_carea' id='block_1_6' title="bbox 1321 2158 1987 2252">
    <p class='ocr_par' dir='ltr' id='par_1_23' title="bbox 1321 2158 1987 2252">
     <span class='ocr_line' id='line_1_88' title="bbox 1323 2158 1987 2200; baseline -0.005 -7"><span class='ocrx_word' id='word_1_393' title='bbox 1323 2170 1396 2194; x_wconf 89' lang='lat' dir='ltr'>cum</span> <span class='ocrx_word' id='word_1_394' title='bbox 1413 2160 1612 2193; x_wconf 88' lang='lat' dir='ltr'>indultorum</span> <span class='ocrx_word' id='word_1_395' title='bbox 1633 2158 1839 2192; x_wconf 90' lang='lat' dir='ltr'>concessione</span> <span class='ocrx_word' id='word_1_396' title='bbox 1864 2168 1901 2190; x_wconf 89' lang='lat' dir='ltr'>ac</span> <span class='ocrx_word' id='word_1_397' title='bbox 1915 2166 1987 2200; x_wconf 90' lang='lat' dir='ltr'>spo—</span> 
     </span>
     <span class='ocr_line' id='line_1_89' title="bbox 1321 2206 1984 2252; baseline -0.006 -10"><span class='ocrx_word' id='word_1_398' title='bbox 1321 2209 1441 2242; x_wconf 90' lang='lat' dir='ltr'>liorum</span> <span class='ocrx_word' id='word_1_399' title='bbox 1469 2208 1707 2252; x_wconf 89' lang='lat' dir='ltr'>impudicarum</span> <span class='ocrx_word' id='word_1_400' title='bbox 1733 2206 1906 2240; x_wconf 88' lang='lat' dir='ltr'>mulierum</span> <span class='ocrx_word' id='word_1_401' title='bbox 1927 2214 1984 2248; x_wconf 81' lang='lat' dir='ltr'>ap-</span> 
     </span>
    </p>
   </div>
   <div class='ocr_carea' id='block_1_7' title="bbox 1234 2257 1986 2724">
    <p class='ocr_par' dir='ltr' id='par_1_24' title="bbox 1321 2257 1603 2302">
     <span class='ocr_line' id='line_1_90' title="bbox 1321 2257 1603 2302; baseline -0.007 -11"><span class='ocrx_word' id='word_1_402' title='bbox 1321 2259 1506 2302; x_wconf 86' lang='lat' dir='ltr'>plicatione,</span> <span class='ocrx_word' id='word_1_403' title='bbox 1529 2257 1603 2291; x_wconf 71' lang='lat'>742.</span> 
     </span>
    </p>

    <p class='ocr_par' dir='ltr' id='par_1_25' title="bbox 1234 2303 1984 2460">
     <span class='ocr_line' id='line_1_91' title="bbox 1234 2303 1983 2341; baseline -0.007 -1"><span class='ocrx_word' id='word_1_404' title='bbox 1234 2307 1331 2340; x_wconf 75' lang='lat' dir='ltr'>xm.</span> <span class='ocrx_word' id='word_1_405' title='bbox 1355 2307 1524 2341; x_wconf 88' lang='lat' dir='ltr'>Damnatio</span> <span class='ocrx_word' id='word_1_406' title='bbox 1545 2317 1693 2340; x_wconf 87' lang='lat' dir='ltr'>errorum</span> <span class='ocrx_word' id='word_1_407' title='bbox 1714 2305 1837 2338; x_wconf 82' lang='lat' dir='ltr'>Martini</span> <span class='ocrx_word' id='word_1_408' title='bbox 1854 2303 1983 2337; x_wconf 76' lang='lat' dir='ltr'>Lutlieri</span> 
     </span>
     <span class='ocr_line' id='line_1_92' title="bbox 1323 2358 1984 2406; baseline -0.009 -10"><span class='ocrx_word' id='word_1_409' title='bbox 1323 2368 1354 2395; x_wconf 88' lang='lat' dir='ltr'>et</span> <span class='ocrx_word' id='word_1_410' title='bbox 1373 2362 1574 2406; x_wconf 85' lang='lat' dir='ltr'>sequacium,</span> <span class='ocrx_word' id='word_1_411' title='bbox 1593 2371 1666 2395; x_wconf 90' lang='lat' dir='ltr'>cum</span> <span class='ocrx_word' id='word_1_412' title='bbox 1686 2358 1864 2392; x_wconf 90' lang='lat' dir='ltr'>monitione</span> <span class='ocrx_word' id='word_1_413' title='bbox 1884 2362 1915 2391; x_wconf 90' lang='lat' dir='ltr'>et</span> <span class='ocrx_word' id='word_1_414' title='bbox 1933 2367 1984 2390; x_wconf 87' lang='lat' dir='ltr'>re-</span> 
     </span>
     <span class='ocr_line' id='line_1_93' title="bbox 1323 2410 1956 2460; baseline -0.008 -10"><span class='ocrx_word' id='word_1_415' title='bbox 1323 2416 1497 2460; x_wconf 88' lang='lat' dir='ltr'>quisitione</span> <span class='ocrx_word' id='word_1_416' title='bbox 1517 2421 1552 2449; x_wconf 88' lang='lat' dir='ltr'>ut</span> <span class='ocrx_word' id='word_1_417' title='bbox 1572 2415 1610 2448; x_wconf 90' lang='lat' dir='ltr'>ab</span> <span class='ocrx_word' id='word_1_418' title='bbox 1631 2414 1676 2448; x_wconf 93' lang='lat' dir='ltr'>eis</span> <span class='ocrx_word' id='word_1_419' title='bbox 1696 2413 1858 2452; x_wconf 83' lang='lat' dir='ltr'>recedant,</span> <span class='ocrx_word' id='word_1_420' title='bbox 1880 2410 1956 2446; x_wconf 82' lang='lat'>748.</span> 
     </span>
    </p>

    <p class='ocr_par' dir='ltr' id='par_1_26' title="bbox 1235 2464 1986 2565">
     <span class='ocr_line' id='line_1_94' title="bbox 1235 2464 1986 2514; baseline -0.009 -10"><span class='ocrx_word' id='word_1_421' title='bbox 1235 2470 1318 2505; x_wconf 80' lang='lat' dir='ltr'><strong>XLV.</strong></span> <span class='ocrx_word' id='word_1_422' title='bbox 1342 2470 1562 2514; x_wconf 86' lang='lat' dir='ltr'>Indulgentiae</span> <span class='ocrx_word' id='word_1_423' title='bbox 1583 2466 1852 2502; x_wconf 78' lang='lat' dir='ltr'>confraternitatis</span> <span class='ocrx_word' id='word_1_424' title='bbox 1862 2464 1986 2499; x_wconf 87' lang='lat' dir='ltr'>Rosarii</span> 
     </span>
     <span class='ocr_line' id='line_1_95' title="bbox 1323 2519 1829 2565; baseline -0.008 -8"><span class='ocrx_word' id='word_1_425' title='bbox 1323 2524 1433 2558; x_wconf 88' lang='lat' dir='ltr'>beatae</span> <span class='ocrx_word' id='word_1_426' title='bbox 1449 2523 1563 2557; x_wconf 85' lang='lat' dir='ltr'>Mariae</span> <span class='ocrx_word' id='word_1_427' title='bbox 1583 2521 1732 2565; x_wconf 74' lang='lat' dir='ltr'>Virginis,</span> <span class='ocrx_word' id='word_1_428' title='bbox 1755 2519 1829 2554; x_wconf 83' lang='lat'>757.</span> 
     </span>
    </p>

    <p class='ocr_par' dir='ltr' id='par_1_27' title="bbox 1236 2572 1984 2724">
     <span class='ocr_line' id='line_1_96' title="bbox 1236 2572 1983 2611; baseline -0.008 0"><span class='ocrx_word' id='word_1_429' title='bbox 1236 2577 1333 2611; x_wconf 84' lang='lat' dir='ltr'><strong>XLVI.</strong></span> <span class='ocrx_word' id='word_1_430' title='bbox 1356 2577 1523 2611; x_wconf 90' lang='lat' dir='ltr'>Damnatio</span> <span class='ocrx_word' id='word_1_431' title='bbox 1544 2581 1574 2610; x_wconf 90' lang='lat' dir='ltr'>et</span> <span class='ocrx_word' id='word_1_432' title='bbox 1593 2573 1883 2609; x_wconf 79' lang='lat' dir='ltr'>excommunicatio</span> <span class='ocrx_word' id='word_1_433' title='bbox 1902 2572 1983 2605; x_wconf 89' lang='lat' dir='ltr'>Mar-</span> 
     </span>
     <span class='ocr_line' id='line_1_97' title="bbox 1324 2627 1984 2668; baseline -0.011 -4"><span class='ocrx_word' id='word_1_434' title='bbox 1324 2631 1381 2664; x_wconf 85' lang='lat' dir='ltr'>tini</span> <span class='ocrx_word' id='word_1_435' title='bbox 1404 2630 1534 2664; x_wconf 90' lang='lat' dir='ltr'>Lutheri</span> <span class='ocrx_word' id='word_1_436' title='bbox 1559 2628 1712 2663; x_wconf 86' lang='lat' dir='ltr'>haeretici</span> <span class='ocrx_word' id='word_1_437' title='bbox 1733 2633 1762 2660; x_wconf 89' lang='lat' dir='ltr'>et</span> <span class='ocrx_word' id='word_1_438' title='bbox 1782 2627 1851 2660; x_wconf 89' lang='lat' dir='ltr'>eius</span> <span class='ocrx_word' id='word_1_439' title='bbox 1870 2635 1984 2668; x_wconf 89' lang='lat' dir='ltr'>sequa-</span> 
     </span>
     <span class='ocr_line' id='line_1_98' title="bbox 1326 2683 1523 2724; baseline -0.01 -6"><span class='ocrx_word' id='word_1_440' title='bbox 1326 2685 1425 2724; x_wconf 89' lang='lat' dir='ltr'>cium,</span> <span class='ocrx_word' id='word_1_441' title='bbox 1448 2683 1523 2718; x_wconf 82' lang='lat'>761.</span> 
     </span>
    </p>
   </div>
   <div class='ocr_carea' id='block_1_8' title="bbox 2227 0 2257 161">
    <p class='ocr_par' dir='ltr' id='par_1_28' title="bbox 2227 0 2257 161">
     <span class='ocr_line' id='line_1_99' title="bbox 2227 0 2257 161; textangle 90"><span class='ocrx_word' id='word_1_442' title='bbox 2248 151 2257 161; x_wconf 33' lang='grc' dir='ltr'>,ψ</span> <span class='ocrx_word' id='word_1_443' title='bbox 2227 0 2256 129; x_wconf 38' lang='grc' dir='ltr'>«φα-ια’</span> 
     </span>
    </p>
   </div>
  </div>
 </body>
</html>
