<?xml version="1.0" encoding="UTF-8"?>
<!DOCTYPE html PUBLIC "-//W3C//DTD XHTML 1.0 Transitional//EN"
    "http://www.w3.org/TR/xhtml1/DTD/xhtml1-transitional.dtd">
<html xmlns="http://www.w3.org/1999/xhtml" xml:lang="en" lang="en">
 <head>
  <title>
</title>
<meta http-equiv="Content-Type" content="text/html;charset=utf-8" />
  <meta name='ocr-system' content='tesseract 3.04.00' />
  <meta name='ocr-capabilities' content='ocr_page ocr_carea ocr_par ocr_line ocrx_word'/>
</head>
<body>
  <div class='ocr_page' id='page_1' title='image "./bullarumdiplomat05cath_0451.png"; bbox 0 0 2281 3251; ppageno 0'>
   <div class='ocr_carea' id='block_1_1' title="bbox 105 249 286 276">
    <p class='ocr_par' dir='ltr' id='par_1_1' title="bbox 105 249 286 276">
     <span class='ocr_line' id='line_1_1' title="bbox 105 249 286 276; baseline -0.006 0"><span class='ocrx_word' id='word_1_1' title='bbox 105 249 152 276; x_wconf 73' lang='lat' dir='ltr'>An.</span> <span class='ocrx_word' id='word_1_2' title='bbox 173 250 198 275; x_wconf 72' lang='lat'>¹3.</span> <span class='ocrx_word' id='word_1_3' title='bbox 222 250 286 276; x_wconf 78' lang='lat'>1506</span> 
     </span>
    </p>
   </div>
   <div class='ocr_carea' id='block_1_2' title="bbox 102 419 282 504">
    <p class='ocr_par' dir='ltr' id='par_1_2' title="bbox 102 419 282 504">
     <span class='ocr_line' id='line_1_2' title="bbox 102 419 217 439; baseline -0.017 0"><span class='ocrx_word' id='word_1_4' title='bbox 102 419 119 439; x_wconf 72' lang='grc' dir='ltr'><strong>Μ</strong></span> <span class='ocrx_word' id='word_1_5' title='bbox 129 420 217 438; x_wconf 67' lang='lat' dir='ltr'>¹ndirau,</span> 
     </span>
     <span class='ocr_line' id='line_1_3' title="bbox 132 451 282 470; baseline 0 -1"><span class='ocrx_word' id='word_1_6' title='bbox 132 451 282 470; x_wconf 56' lang='lat' dir='ltr'>*intonare-si</span> 
     </span>
     <span class='ocr_line' id='line_1_4' title="bbox 102 482 267 504; baseline -0.006 -2"><span class='ocrx_word' id='word_1_7' title='bbox 102 487 149 502; x_wconf 78' lang='lat' dir='ltr'>esse</span> <span class='ocrx_word' id='word_1_8' title='bbox 165 482 267 504; x_wconf 52' lang='lat' dir='ltr'>den-«rnre</span> 
     </span>
    </p>
   </div>
   <div class='ocr_carea' id='block_1_3' title="bbox 103 1797 284 1886">
    <p class='ocr_par' dir='ltr' id='par_1_3' title="bbox 103 1797 283 1886">
     <span class='ocr_line' id='line_1_5' title="bbox 111 1797 283 1824; baseline -0.012 -5"><span class='ocrx_word' id='word_1_9' title='bbox 111 1797 137 1819; x_wconf 87' lang='lat' dir='ltr'>Or</span> <span class='ocrx_word' id='word_1_10' title='bbox 141 1799 202 1818; x_wconf 77' lang='lat' dir='ltr'>dinen</span> <span class='ocrx_word' id='word_1_11' title='bbox 192 1804 208 1817; x_wconf 86' lang='lat' dir='ltr'>m</span> <span class='ocrx_word' id='word_1_12' title='bbox 222 1802 283 1824; x_wconf 81' lang='lat' dir='ltr'>uper</span> 
     </span>
     <span class='ocr_line' id='line_1_6' title="bbox 103 1830 284 1849; baseline 0.012 -3"><span class='ocrx_word' id='word_1_13' title='bbox 103 1835 147 1849; x_wconf 68' lang='lat' dir='ltr'>etus</span> <span class='ocrx_word' id='word_1_14' title='bbox 171 1835 220 1849; x_wconf 77' lang='lat' dir='ltr'>citor</span> <span class='ocrx_word' id='word_1_15' title='bbox 228 1830 284 1848; x_wconf 67' lang='lat' dir='ltr'>unti-</span> 
     </span>
     <span class='ocr_line' id='line_1_7' title="bbox 103 1860 284 1886; baseline 0.006 -7"><span class='ocrx_word' id='word_1_16' title='bbox 103 1861 139 1879; x_wconf 66' lang='lat' dir='ltr'>bu&lt;</span> <span class='ocrx_word' id='word_1_17' title='bbox 132 1866 165 1879; x_wconf 65' lang='lat' dir='ltr'>&lt;m</span> <span class='ocrx_word' id='word_1_18' title='bbox 176 1860 210 1879; x_wconf 30' lang='lat' dir='ltr'>»elz</span> <span class='ocrx_word' id='word_1_19' title='bbox 216 1863 229 1879; x_wconf 90' lang='lat' dir='ltr'>t.</span> <span class='ocrx_word' id='word_1_20' title='bbox 238 1865 284 1886; x_wconf 81' lang='lat' dir='ltr'>pro</span> 
     </span>
    </p>
   </div>
   <div class='ocr_carea' id='block_1_4' title="bbox 958 245 1178 267">
    <p class='ocr_par' dir='ltr' id='par_1_4' title="bbox 958 245 1178 267">
     <span class='ocr_line' id='line_1_8' title="bbox 958 245 1178 267; baseline 0 -1"><span class='ocrx_word' id='word_1_21' title='bbox 958 245 1033 267; x_wconf 26' lang='lat' dir='ltr'>rt‘trtt</span> <span class='ocrx_word' id='word_1_22' title='bbox 1046 247 1059 267; x_wconf 77' lang='grc'><strong>5</strong></span> <span class='ocrx_word' id='word_1_23' title='bbox 1087 245 1108 266; x_wconf 78' lang='grc' dir='ltr'>Η</span> <span class='ocrx_word' id='word_1_24' title='bbox 1134 245 1178 266; x_wconf 76' lang='lat' dir='ltr'>PP.</span> 
     </span>
    </p>
   </div>
   <div class='ocr_carea' id='block_1_5' title="bbox 349 299 1047 350">
    <p class='ocr_par' dir='ltr' id='par_1_5' title="bbox 349 299 1047 350">
     <span class='ocr_line' id='line_1_9' title="bbox 349 299 1047 350; baseline -0.006 -13"><span class='ocrx_word' id='word_1_25' title='bbox 349 303 368 350; x_wconf 65' lang='lat' dir='ltr'>S</span> <span class='ocrx_word' id='word_1_26' title='bbox 391 307 447 337; x_wconf 84' lang='lat'>57.</span> <span class='ocrx_word' id='word_1_27' title='bbox 474 301 602 336; x_wconf 82' lang='lat' dir='ltr'>Necnon</span> <span class='ocrx_word' id='word_1_28' title='bbox 625 312 720 348; x_wconf 87' lang='lat' dir='ltr'>super</span> <span class='ocrx_word' id='word_1_29' title='bbox 746 299 896 334; x_wconf 86' lang='lat' dir='ltr'>omnibus</span> <span class='ocrx_word' id='word_1_30' title='bbox 923 311 958 333; x_wconf 85' lang='lat' dir='ltr'>ac</span> <span class='ocrx_word' id='word_1_31' title='bbox 980 300 1047 333; x_wconf 92' lang='lat' dir='ltr'>sin—</span> 
     </span>
    </p>
   </div>
   <div class='ocr_carea' id='block_1_6' title="bbox 184 348 1047 448">
    <p class='ocr_par' dir='ltr' id='par_1_6' title="bbox 184 348 1047 448">
     <span class='ocr_line' id='line_1_10' title="bbox 184 348 1047 397; baseline -0.007 -9"><span class='ocrx_word' id='word_1_32' title='bbox 184 363 192 374; x_wconf 84' lang='lat'>·</span> <span class='ocrx_word' id='word_1_33' title='bbox 223 364 284 393; x_wconf 45' lang='grc' dir='ltr'>ΠΨ</span> <span class='ocrx_word' id='word_1_34' title='bbox 300 353 380 397; x_wconf 70' lang='lat' dir='ltr'>gulis</span> <span class='ocrx_word' id='word_1_35' title='bbox 401 351 494 386; x_wconf 89' lang='lat' dir='ltr'>Maris</span> <span class='ocrx_word' id='word_1_36' title='bbox 515 350 617 397; x_wconf 81' lang='lat' dir='ltr'>Magni</span> <span class='ocrx_word' id='word_1_37' title='bbox 641 358 671 384; x_wconf 81' lang='lat' dir='ltr'>et</span> <span class='ocrx_word' id='word_1_38' title='bbox 697 350 766 384; x_wconf 89' lang='lat' dir='ltr'>aliis</span> <span class='ocrx_word' id='word_1_39' title='bbox 794 348 1047 396; x_wconf 85' lang='lat' dir='ltr'>‹pribuscumque</span> 
     </span>
     <span class='ocr_line' id='line_1_11' title="bbox 231 395 1047 448; baseline -0.005 -12"><span class='ocrx_word' id='word_1_40' title='bbox 231 395 283 438; x_wconf 56' lang='lat' dir='ltr'>‘si&#39;iil</span> <span class='ocrx_word' id='word_1_41' title='bbox 301 401 395 436; x_wconf 91' lang='lat' dir='ltr'>bullis</span> <span class='ocrx_word' id='word_1_42' title='bbox 433 408 568 448; x_wconf 89' lang='lat' dir='ltr'>quatuor</span> <span class='ocrx_word' id='word_1_43' title='bbox 594 399 840 434; x_wconf 52' lang='lat' dir='ltr'>Meridie-antium</span> <span class='ocrx_word' id='word_1_44' title='bbox 872 399 1047 433; x_wconf 78' lang='lat' dir='ltr'>Ordinibus</span> 
     </span>
    </p>
   </div>
   <div class='ocr_carea' id='block_1_7' title="bbox 297 449 1054 2722">
    <p class='ocr_par' dir='ltr' id='par_1_7' title="bbox 297 449 1048 1724">
     <span class='ocr_line' id='line_1_12' title="bbox 298 449 1047 495; baseline -0.004 -10"><span class='ocrx_word' id='word_1_45' title='bbox 298 460 327 486; x_wconf 86' lang='lat' dir='ltr'>et</span> <span class='ocrx_word' id='word_1_46' title='bbox 354 462 463 485; x_wconf 88' lang='lat' dir='ltr'>eorum</span> <span class='ocrx_word' id='word_1_47' title='bbox 490 449 617 484; x_wconf 81' lang='lat' dir='ltr'><strong>cuilibet</strong></span> <span class='ocrx_word' id='word_1_48' title='bbox 645 449 948 495; x_wconf 78' lang='lat' dir='ltr'>quomodocumque</span> <span class='ocrx_word' id='word_1_49' title='bbox 970 461 1047 482; x_wconf 85' lang='lat' dir='ltr'>con—</span> 
     </span>
     <span class='ocr_line' id='line_1_13' title="bbox 298 499 1045 545; baseline -0.005 -11"><span class='ocrx_word' id='word_1_50' title='bbox 298 500 407 543; x_wconf 78' lang='lat' dir='ltr'>cessis,</span> <span class='ocrx_word' id='word_1_51' title='bbox 435 512 531 534; x_wconf 91' lang='lat' dir='ltr'>unum</span> <span class='ocrx_word' id='word_1_52' title='bbox 570 499 613 533; x_wconf 87' lang='lat' dir='ltr'>vel</span> <span class='ocrx_word' id='word_1_53' title='bbox 631 499 719 545; x_wconf 91' lang='lat' dir='ltr'>plura</span> <span class='ocrx_word' id='word_1_54' title='bbox 749 507 940 545; x_wconf 84' lang='lat' dir='ltr'>transumpta</span> <span class='ocrx_word' id='word_1_55' title='bbox 968 510 1045 532; x_wconf 90' lang='lat' dir='ltr'>con-</span> 
     </span>
     <span class='ocr_line' id='line_1_14' title="bbox 298 547 1045 594; baseline -0.003 -11"><span class='ocrx_word' id='word_1_56' title='bbox 298 550 426 584; x_wconf 89' lang='lat' dir='ltr'>iunctim</span> <span class='ocrx_word' id='word_1_57' title='bbox 442 556 495 583; x_wconf 91' lang='lat' dir='ltr'>aut</span> <span class='ocrx_word' id='word_1_58' title='bbox 513 548 636 582; x_wconf 66' lang='lat' dir='ltr'>divisim</span> <span class='ocrx_word' id='word_1_59' title='bbox 654 548 754 583; x_wconf 77' lang='lat' dir='ltr'>facere</span> <span class='ocrx_word' id='word_1_60' title='bbox 777 557 892 594; x_wconf 69' lang='lat' dir='ltr'>queant</span> <span class='ocrx_word' id='word_1_61' title='bbox 917 547 1045 594; x_wconf 82' lang='lat' dir='ltr'>perinde</span> 
     </span>
     <span class='ocr_line' id='line_1_15' title="bbox 297 598 1047 643; baseline -0.003 -10"><span class='ocrx_word' id='word_1_62' title='bbox 297 612 332 634; x_wconf 89' lang='lat' dir='ltr'>ac</span> <span class='ocrx_word' id='word_1_63' title='bbox 354 600 379 633; x_wconf 91' lang='lat' dir='ltr'>si</span> <span class='ocrx_word' id='word_1_64' title='bbox 404 598 465 639; x_wconf 82' lang='lat' dir='ltr'>illa,</span> <span class='ocrx_word' id='word_1_65' title='bbox 488 598 613 632; x_wconf 89' lang='lat' dir='ltr'>mutatis</span> <span class='ocrx_word' id='word_1_66' title='bbox 630 598 660 631; x_wconf 83' lang='lat' dir='ltr'>in</span> <span class='ocrx_word' id='word_1_67' title='bbox 683 598 729 632; x_wconf 87' lang='lat' dir='ltr'>eis</span> <span class='ocrx_word' id='word_1_68' title='bbox 752 598 932 632; x_wconf 83' lang='lat' dir='ltr'>nominibus</span> <span class='ocrx_word' id='word_1_69' title='bbox 967 609 1047 643; x_wconf 87' lang='lat' dir='ltr'>quo-</span> 
     </span>
     <span class='ocr_line' id='line_1_16' title="bbox 297 646 1047 694; baseline -0.003 -12"><span class='ocrx_word' id='word_1_70' title='bbox 297 660 507 694; x_wconf 87' lang='lat' dir='ltr'>rumcumque</span> <span class='ocrx_word' id='word_1_71' title='bbox 520 646 734 682; x_wconf 85' lang='lat' dir='ltr'>Romanorum</span> <span class='ocrx_word' id='word_1_72' title='bbox 758 647 944 681; x_wconf 79' lang='lat' dir='ltr'>Pontificum</span> <span class='ocrx_word' id='word_1_73' title='bbox 963 658 1047 693; x_wconf 86' lang='lat' dir='ltr'>prae-</span> 
     </span>
     <span class='ocr_line' id='line_1_17' title="bbox 297 696 1044 743; baseline -0.003 -12"><span class='ocrx_word' id='word_1_74' title='bbox 297 699 496 733; x_wconf 75' lang='lat' dir='ltr'>decessorum</span> <span class='ocrx_word' id='word_1_75' title='bbox 525 705 555 731; x_wconf 89' lang='lat' dir='ltr'>et</span> <span class='ocrx_word' id='word_1_76' title='bbox 582 697 720 743; x_wconf 89' lang='lat' dir='ltr'>ipsorum</span> <span class='ocrx_word' id='word_1_77' title='bbox 750 696 998 731; x_wconf 79' lang='lat' dir='ltr'>Mendicantium</span> <span class='ocrx_word' id='word_1_78' title='bbox 1016 696 1044 729; x_wconf 89' lang='lat' dir='ltr'>in</span> 
     </span>
     <span class='ocr_line' id='line_1_18' title="bbox 297 746 1045 782; baseline -0.004 -1"><span class='ocrx_word' id='word_1_79' title='bbox 297 756 439 782; x_wconf 85' lang='lat' dir='ltr'>nostrum</span> <span class='ocrx_word' id='word_1_80' title='bbox 468 755 498 782; x_wconf 87' lang='lat' dir='ltr'>et</span> <span class='ocrx_word' id='word_1_81' title='bbox 526 747 655 781; x_wconf 75' lang='lat' dir='ltr'>fratrum</span> <span class='ocrx_word' id='word_1_82' title='bbox 679 746 810 781; x_wconf 89' lang='lat' dir='ltr'>Ordinis</span> <span class='ocrx_word' id='word_1_83' title='bbox 843 746 1045 780; x_wconf 87' lang='lat' dir='ltr'>Minimorum</span> 
     </span>
     <span class='ocr_line' id='line_1_19' title="bbox 297 795 1047 842; baseline -0.005 -11"><span class='ocrx_word' id='word_1_84' title='bbox 297 797 478 832; x_wconf 87' lang='lat' dir='ltr'>huiusmodi</span> <span class='ocrx_word' id='word_1_85' title='bbox 516 796 655 836; x_wconf 87' lang='lat' dir='ltr'>nomina</span> <span class='ocrx_word' id='word_1_86' title='bbox 687 797 881 842; x_wconf 82' lang='lat' dir='ltr'>caeterisque</span> <span class='ocrx_word' id='word_1_87' title='bbox 916 795 1047 840; x_wconf 78' lang='lat' dir='ltr'>singulis</span> 
     </span>
     <span class='ocr_line' id='line_1_20' title="bbox 297 846 1047 882; baseline -0.005 -1"><span class='ocrx_word' id='word_1_88' title='bbox 297 848 333 881; x_wconf 90' lang='grc'>31</span> <span class='ocrx_word' id='word_1_89' title='bbox 363 847 447 882; x_wconf 89' lang='lat' dir='ltr'>bunc</span> <span class='ocrx_word' id='word_1_90' title='bbox 469 846 614 882; x_wconf 78' lang='lat' dir='ltr'>effectum</span> <span class='ocrx_word' id='word_1_91' title='bbox 643 846 680 880; x_wconf 84' lang='lat' dir='ltr'>de</span> <span class='ocrx_word' id='word_1_92' title='bbox 708 846 896 880; x_wconf 81' lang='lat' dir='ltr'>necessitate</span> <span class='ocrx_word' id='word_1_93' title='bbox 919 857 982 878; x_wconf 86' lang='grc' dir='ltr'>ιιιιι</span> <span class='ocrx_word' id='word_1_94' title='bbox 990 858 1047 878; x_wconf 82' lang='lat' dir='ltr'>an-</span> 
     </span>
     <span class='ocr_line' id='line_1_21' title="bbox 297 894 1048 942; baseline -0.007 -11"><span class='ocrx_word' id='word_1_95' title='bbox 297 896 363 940; x_wconf 80' lang='lat' dir='ltr'>dis,</span> <span class='ocrx_word' id='word_1_96' title='bbox 386 908 535 931; x_wconf 90' lang='lat' dir='ltr'>concessa</span> <span class='ocrx_word' id='word_1_97' title='bbox 563 895 674 930; x_wconf 83' lang='lat' dir='ltr'>soient.</span> <span class='ocrx_word' id='word_1_98' title='bbox 703 897 749 930; x_wconf 80' lang='lat' dir='ltr'>Ac</span> <span class='ocrx_word' id='word_1_99' title='bbox 776 894 858 942; x_wconf 87' lang='lat' dir='ltr'>quod</span> <span class='ocrx_word' id='word_1_100' title='bbox 895 903 1048 928; x_wconf 84' lang='grc' dir='ltr'>ῑι·3ιι5ιιιιι-</span> 
     </span>
     <span class='ocr_line' id='line_1_22' title="bbox 299 943 1047 992; baseline -0.004 -12"><span class='ocrx_word' id='word_1_101' title='bbox 299 955 386 992; x_wconf 87' lang='lat' dir='ltr'>ptum</span> <span class='ocrx_word' id='word_1_102' title='bbox 422 959 478 981; x_wconf 90' lang='lat' dir='ltr'>scu</span> <span class='ocrx_word' id='word_1_103' title='bbox 512 953 706 992; x_wconf 87' lang='lat' dir='ltr'>transumpta</span> <span class='ocrx_word' id='word_1_104' title='bbox 733 944 915 979; x_wconf 84' lang='lat' dir='ltr'>huiusmodi</span> <span class='ocrx_word' id='word_1_105' title='bbox 945 943 1047 978; x_wconf 85' lang='lat' dir='ltr'>taliter</span> 
     </span>
     <span class='ocr_line' id='line_1_23' title="bbox 297 992 1048 1040; baseline -0.005 -10"><span class='ocrx_word' id='word_1_106' title='bbox 297 996 374 1030; x_wconf 81' lang='lat' dir='ltr'>facia</span> <span class='ocrx_word' id='word_1_107' title='bbox 401 1004 432 1030; x_wconf 86' lang='lat' dir='ltr'>et</span> <span class='ocrx_word' id='word_1_108' title='bbox 455 1008 546 1030; x_wconf 83' lang='lat' dir='ltr'>uranu</span> <span class='ocrx_word' id='word_1_109' title='bbox 567 996 698 1029; x_wconf 82' lang='lat' dir='ltr'>alicuius</span> <span class='ocrx_word' id='word_1_110' title='bbox 712 995 821 1029; x_wconf 88' lang='lat' dir='ltr'>notarii</span> <span class='ocrx_word' id='word_1_111' title='bbox 839 993 955 1040; x_wconf 79' lang='lat' dir='ltr'>publici</span> <span class='ocrx_word' id='word_1_112' title='bbox 971 992 1048 1027; x_wconf 88' lang='lat' dir='ltr'>sub-</span> 
     </span>
     <span class='ocr_line' id='line_1_24' title="bbox 297 1043 1048 1091; baseline -0.005 -11"><span class='ocrx_word' id='word_1_113' title='bbox 297 1047 424 1091; x_wconf 88' lang='lat' dir='ltr'>scripta,</span> <span class='ocrx_word' id='word_1_114' title='bbox 452 1057 486 1080; x_wconf 88' lang='lat' dir='ltr'>ac</span> <span class='ocrx_word' id='word_1_115' title='bbox 513 1045 616 1091; x_wconf 79' lang='lat' dir='ltr'>sigillo</span> <span class='ocrx_word' id='word_1_116' title='bbox 643 1045 776 1079; x_wconf 87' lang='lat' dir='ltr'>alicuius</span> <span class='ocrx_word' id='word_1_117' title='bbox 800 1043 924 1089; x_wconf 87' lang='lat' dir='ltr'>praelati</span> <span class='ocrx_word' id='word_1_118' title='bbox 942 1043 1048 1077; x_wconf 89' lang='lat' dir='ltr'>eccle-</span> 
     </span>
     <span class='ocr_line' id='line_1_25' title="bbox 297 1091 1048 1141; baseline -0.007 -12"><span class='ocrx_word' id='word_1_119' title='bbox 297 1095 412 1129; x_wconf 85' lang='lat' dir='ltr'>siastici</span> <span class='ocrx_word' id='word_1_120' title='bbox 435 1094 588 1141; x_wconf 85' lang='lat' dir='ltr'>sigillata,</span> <span class='ocrx_word' id='word_1_121' title='bbox 615 1093 728 1127; x_wconf 92' lang='lat' dir='ltr'>Ordini</span> <span class='ocrx_word' id='word_1_122' title='bbox 755 1093 958 1128; x_wconf 88' lang='lat' dir='ltr'>Minimor·um</span> <span class='ocrx_word' id='word_1_123' title='bbox 987 1091 1048 1125; x_wconf 92' lang='lat' dir='ltr'>bu-</span> 
     </span>
     <span class='ocr_line' id='line_1_26' title="bbox 299 1141 1047 1190; baseline -0.001 -13"><span class='ocrx_word' id='word_1_124' title='bbox 299 1143 434 1179; x_wconf 86' lang='lat' dir='ltr'>iusmodi</span> <span class='ocrx_word' id='word_1_125' title='bbox 449 1157 484 1179; x_wconf 91' lang='lat' dir='ltr'>ac</span> <span class='ocrx_word' id='word_1_126' title='bbox 503 1144 586 1178; x_wconf 85' lang='lat' dir='ltr'>illius</span> <span class='ocrx_word' id='word_1_127' title='bbox 611 1143 754 1190; x_wconf 86' lang='lat' dir='ltr'>personis</span> <span class='ocrx_word' id='word_1_128' title='bbox 772 1151 801 1177; x_wconf 85' lang='lat' dir='ltr'>et</span> <span class='ocrx_word' id='word_1_129' title='bbox 823 1141 971 1176; x_wconf 78' lang='lat' dir='ltr'>fratribus</span> <span class='ocrx_word' id='word_1_130' title='bbox 991 1153 1047 1188; x_wconf 91' lang='lat' dir='ltr'>pro</span> 
     </span>
     <span class='ocr_line' id='line_1_27' title="bbox 299 1191 1047 1240; baseline -0.004 -13"><span class='ocrx_word' id='word_1_131' title='bbox 299 1202 438 1240; x_wconf 87' lang='lat' dir='ltr'>tempore</span> <span class='ocrx_word' id='word_1_132' title='bbox 460 1193 684 1233; x_wconf 78' lang='lat' dir='ltr'>existentibus,</span> <span class='ocrx_word' id='word_1_133' title='bbox 715 1192 793 1227; x_wconf 89' lang='lat' dir='ltr'>adeo</span> <span class='ocrx_word' id='word_1_134' title='bbox 817 1191 934 1238; x_wconf 90' lang='lat' dir='ltr'>ubique</span> <span class='ocrx_word' id='word_1_135' title='bbox 960 1191 1047 1225; x_wconf 87' lang='lat' dir='ltr'>loco-</span> 
     </span>
     <span class='ocr_line' id='line_1_28' title="bbox 299 1241 1047 1289; baseline -0.001 -13"><span class='ocrx_word' id='word_1_136' title='bbox 299 1256 366 1277; x_wconf 89' lang='lat' dir='ltr'>rum</span> <span class='ocrx_word' id='word_1_137' title='bbox 382 1242 602 1289; x_wconf 79' lang='lat' dir='ltr'>suffragentur,</span> <span class='ocrx_word' id='word_1_138' title='bbox 618 1254 653 1276; x_wconf 91' lang='lat' dir='ltr'>ac</span> <span class='ocrx_word' id='word_1_139' title='bbox 667 1242 691 1276; x_wconf 91' lang='lat' dir='ltr'>si</span> <span class='ocrx_word' id='word_1_140' title='bbox 714 1241 857 1289; x_wconf 80' lang='lat' dir='ltr'>singulae</span> <span class='ocrx_word' id='word_1_141' title='bbox 874 1241 1047 1287; x_wconf 79' lang='lat' dir='ltr'>praedictae</span> 
     </span>
     <span class='ocr_line' id='line_1_29' title="bbox 300 1290 1045 1339; baseline -0.003 -13"><span class='ocrx_word' id='word_1_142' title='bbox 300 1292 402 1327; x_wconf 87' lang='lat' dir='ltr'>bullae</span> <span class='ocrx_word' id='word_1_143' title='bbox 443 1292 588 1339; x_wconf 84' lang='lat' dir='ltr'>praefatis</span> <span class='ocrx_word' id='word_1_144' title='bbox 621 1299 756 1338; x_wconf 88' lang='lat' dir='ltr'>quatuor</span> <span class='ocrx_word' id='word_1_145' title='bbox 796 1290 1045 1325; x_wconf 81' lang='lat' dir='ltr'>Mendicantium</span> 
     </span>
     <span class='ocr_line' id='line_1_30' title="bbox 298 1340 1045 1389; baseline -0.003 -13"><span class='ocrx_word' id='word_1_146' title='bbox 298 1341 476 1377; x_wconf 77' lang='lat' dir='ltr'>Ordinibus</span> <span class='ocrx_word' id='word_1_147' title='bbox 508 1354 563 1389; x_wconf 90' lang='lat' dir='ltr'>per</span> <span class='ocrx_word' id='word_1_148' title='bbox 599 1353 818 1388; x_wconf 84' lang='lat' dir='ltr'>quoscumque</span> <span class='ocrx_word' id='word_1_149' title='bbox 852 1340 1045 1387; x_wconf 80' lang='lat' dir='ltr'>praedeces—</span> 
     </span>
     <span class='ocr_line' id='line_1_31' title="bbox 298 1390 1045 1438; baseline -0.004 -12"><span class='ocrx_word' id='word_1_150' title='bbox 298 1404 384 1426; x_wconf 89' lang='lat' dir='ltr'>sores</span> <span class='ocrx_word' id='word_1_151' title='bbox 407 1392 582 1438; x_wconf 88' lang='lat' dir='ltr'>praedictos</span> <span class='ocrx_word' id='word_1_152' title='bbox 604 1390 844 1438; x_wconf 75' lang='lat' dir='ltr'>quomodolibet</span> <span class='ocrx_word' id='word_1_153' title='bbox 866 1402 1045 1433; x_wconf 78' lang='lat' dir='ltr'>concessae</span> 
     </span>
     <span class='ocr_line' id='line_1_32' title="bbox 298 1418 1046 1488; baseline -0.001 -13"><span class='ocrx_word' id='word_1_154' title='bbox 298 1453 375 1488; x_wconf 87' lang='lat' dir='ltr'>quas</span> <span class='ocrx_word' id='word_1_155' title='bbox 397 1442 447 1476; x_wconf 89' lang='lat' dir='ltr'>bic</span> <span class='ocrx_word' id='word_1_156' title='bbox 470 1454 525 1488; x_wconf 91' lang='lat' dir='ltr'>pro</span> <span class='ocrx_word' id='word_1_157' title='bbox 552 1441 710 1487; x_wconf 80' lang='lat' dir='ltr'>expressis</span> <span class='ocrx_word' id='word_1_158' title='bbox 743 1449 773 1474; x_wconf 88' lang='lat' dir='ltr'>et</span> <span class='ocrx_word' id='word_1_159' title='bbox 796 1440 921 1475; x_wconf 85' lang='lat' dir='ltr'>insertis</span> <span class='ocrx_word' id='word_1_160' title='bbox 938 1418 1046 1474; x_wconf 88' lang='lat' dir='ltr'>baberi</span> 
     </span>
     <span class='ocr_line' id='line_1_33' title="bbox 299 1490 1046 1538; baseline -0.003 -13"><span class='ocrx_word' id='word_1_161' title='bbox 299 1491 455 1533; x_wconf 86' lang='lat' dir='ltr'>volumus,</span> <span class='ocrx_word' id='word_1_162' title='bbox 478 1491 717 1538; x_wconf 87' lang='lat' dir='ltr'>fratribusipsis</span> <span class='ocrx_word' id='word_1_163' title='bbox 730 1490 869 1524; x_wconf 84' lang='lat' dir='ltr'>Minimis</span> <span class='ocrx_word' id='word_1_164' title='bbox 892 1498 1046 1524; x_wconf 89' lang='lat' dir='ltr'>eteorum</span> 
     </span>
     <span class='ocr_line' id='line_1_34' title="bbox 297 1539 1045 1589; baseline -0.004 -14"><span class='ocrx_word' id='word_1_165' title='bbox 297 1540 408 1575; x_wconf 86' lang='lat' dir='ltr'>Ordini</span> <span class='ocrx_word' id='word_1_166' title='bbox 450 1540 600 1589; x_wconf 84' lang='lat' dir='ltr'>praefato,</span> <span class='ocrx_word' id='word_1_167' title='bbox 624 1541 716 1575; x_wconf 87' lang='lat' dir='ltr'>etiam</span> <span class='ocrx_word' id='word_1_168' title='bbox 750 1540 810 1574; x_wconf 90' lang='lat' dir='ltr'>sub</span> <span class='ocrx_word' id='word_1_169' title='bbox 844 1539 1045 1573; x_wconf 87' lang='lat' dir='ltr'>Minimorum</span> 
     </span>
     <span class='ocr_line' id='line_1_35' title="bbox 298 1589 1048 1638; baseline -0.003 -14"><span class='ocrx_word' id='word_1_170' title='bbox 298 1591 426 1625; x_wconf 89' lang='lat' dir='ltr'>nomine</span> <span class='ocrx_word' id='word_1_171' title='bbox 455 1590 631 1638; x_wconf 82' lang='lat' dir='ltr'>specialiter</span> <span class='ocrx_word' id='word_1_172' title='bbox 665 1597 695 1624; x_wconf 88' lang='lat' dir='ltr'>et</span> <span class='ocrx_word' id='word_1_173' title='bbox 726 1601 875 1637; x_wconf 78' lang='lat' dir='ltr'>expresse</span> <span class='ocrx_word' id='word_1_174' title='bbox 910 1589 1048 1623; x_wconf 78' lang='lat' dir='ltr'>indultae</span> 
     </span>
     <span class='ocr_line' id='line_1_36' title="bbox 299 1639 1048 1687; baseline 0 -14"><span class='ocrx_word' id='word_1_175' title='bbox 299 1639 431 1675; x_wconf 72' lang='lat' dir='ltr'>fuissent</span> <span class='ocrx_word' id='word_1_176' title='bbox 454 1653 490 1675; x_wconf 90' lang='lat' dir='ltr'>ac</span> <span class='ocrx_word' id='word_1_177' title='bbox 517 1653 573 1687; x_wconf 91' lang='lat' dir='ltr'>pro</span> <span class='ocrx_word' id='word_1_178' title='bbox 595 1652 640 1675; x_wconf 91' lang='lat' dir='ltr'>ers</span> <span class='ocrx_word' id='word_1_179' title='bbox 662 1639 875 1687; x_wconf 79' lang='lat' dir='ltr'>principaliter</span> <span class='ocrx_word' id='word_1_180' title='bbox 902 1651 1048 1674; x_wconf 86' lang='lat' dir='ltr'>emanas-</span> 
     </span>
     <span class='ocr_line' id='line_1_37' title="bbox 298 1698 379 1724; baseline 0 0"><span class='ocrx_word' id='word_1_181' title='bbox 298 1698 379 1724; x_wconf 64' lang='lat' dir='ltr'>stul.</span> 
     </span>
    </p>

    <p class='ocr_par' dir='ltr' id='par_1_8' title="bbox 298 1738 1054 2681">
     <span class='ocr_line' id='line_1_38' title="bbox 346 1738 1048 1787; baseline -0.004 -13"><span class='ocrx_word' id='word_1_182' title='bbox 346 1740 438 1787; x_wconf 65' lang='lat'>558.</span> <span class='ocrx_word' id='word_1_183' title='bbox 459 1739 617 1786; x_wconf 85' lang='lat' dir='ltr'>Quodque</span> <span class='ocrx_word' id='word_1_184' title='bbox 636 1739 771 1774; x_wconf 76' lang='lat' dir='ltr'>Sanctae</span> <span class='ocrx_word' id='word_1_185' title='bbox 785 1738 960 1781; x_wconf 75' lang='lat' dir='ltr'>Trinitatis,</span> <span class='ocrx_word' id='word_1_186' title='bbox 975 1746 1048 1771; x_wconf 87' lang='lat' dir='ltr'>tunc</span> 
     </span>
     <span class='ocr_line' id='line_1_39' title="bbox 299 1788 1048 1836; baseline -0.003 -13"><span class='ocrx_word' id='word_1_187' title='bbox 299 1788 334 1823; x_wconf 88' lang='lat' dir='ltr'>ad</span> <span class='ocrx_word' id='word_1_188' title='bbox 355 1789 517 1825; x_wconf 87' lang='lat' dir='ltr'>ecclesiam</span> <span class='ocrx_word' id='word_1_189' title='bbox 539 1789 644 1824; x_wconf 84' lang='lat' dir='ltr'>Sancti</span> <span class='ocrx_word' id='word_1_190' title='bbox 664 1788 817 1836; x_wconf 84' lang='lat' dir='ltr'>Stephani</span> <span class='ocrx_word' id='word_1_191' title='bbox 840 1788 991 1833; x_wconf 88' lang='lat' dir='ltr'>Giemmi,</span> <span class='ocrx_word' id='word_1_192' title='bbox 1019 1795 1048 1821; x_wconf 91' lang='lat' dir='ltr'>et</span> 
     </span>
     <span class='ocr_line' id='line_1_40' title="bbox 299 1838 1047 1883; baseline -0.003 -10"><span class='ocrx_word' id='word_1_193' title='bbox 299 1839 389 1873; x_wconf 86' lang='lat' dir='ltr'>aliam</span> <span class='ocrx_word' id='word_1_194' title='bbox 412 1839 519 1874; x_wconf 88' lang='lat' dir='ltr'>Sancti</span> <span class='ocrx_word' id='word_1_195' title='bbox 542 1839 676 1883; x_wconf 87' lang='lat' dir='ltr'>Roccbi,</span> <span class='ocrx_word' id='word_1_196' title='bbox 698 1846 772 1873; x_wconf 89' lang='lat' dir='ltr'>tunc</span> <span class='ocrx_word' id='word_1_197' title='bbox 801 1838 894 1873; x_wconf 89' lang='lat' dir='ltr'>etiam</span> <span class='ocrx_word' id='word_1_198' title='bbox 917 1838 954 1872; x_wconf 87' lang='lat' dir='ltr'>ad</span> <span class='ocrx_word' id='word_1_199' title='bbox 982 1850 1047 1871; x_wconf 87' lang='lat' dir='ltr'>mo-</span> 
     </span>
     <span class='ocr_line' id='line_1_41' title="bbox 300 1886 1049 1927; baseline -0.001 -5"><span class='ocrx_word' id='word_1_200' title='bbox 300 1889 424 1924; x_wconf 90' lang='lat' dir='ltr'>nasterii</span> <span class='ocrx_word' id='word_1_201' title='bbox 461 1889 568 1925; x_wconf 87' lang='lat' dir='ltr'>Sancti</span> <span class='ocrx_word' id='word_1_202' title='bbox 595 1888 755 1923; x_wconf 88' lang='lat' dir='ltr'>Saturnini</span> <span class='ocrx_word' id='word_1_203' title='bbox 778 1887 961 1927; x_wconf 77' lang='lat' dir='ltr'>Tbolosani,</span> <span class='ocrx_word' id='word_1_204' title='bbox 984 1886 1049 1922; x_wconf 92' lang='lat' dir='ltr'>Or-</span> 
     </span>
     <span class='ocr_line' id='line_1_42' title="bbox 298 1938 1049 1986; baseline 0 -14"><span class='ocrx_word' id='word_1_205' title='bbox 298 1938 381 1973; x_wconf 88' lang='lat' dir='ltr'>dinis</span> <span class='ocrx_word' id='word_1_206' title='bbox 398 1938 432 1973; x_wconf 89' lang='lat' dir='ltr'>S.</span> <span class='ocrx_word' id='word_1_207' title='bbox 455 1938 635 1985; x_wconf 76' lang='lat' dir='ltr'>Augustini,</span> <span class='ocrx_word' id='word_1_208' title='bbox 658 1938 752 1986; x_wconf 87' lang='lat' dir='ltr'>pleno</span> <span class='ocrx_word' id='word_1_209' title='bbox 775 1939 842 1972; x_wconf 86' lang='lat' dir='ltr'>iure</span> <span class='ocrx_word' id='word_1_210' title='bbox 870 1945 1049 1985; x_wconf 84' lang='lat' dir='ltr'>spectantes</span> 
     </span>
     <span class='ocr_line' id='line_1_43' title="bbox 299 1986 1046 2023; baseline -0.003 -1"><span class='ocrx_word' id='word_1_211' title='bbox 299 1988 450 2023; x_wconf 82' lang='lat' dir='ltr'>ecclesias</span> <span class='ocrx_word' id='word_1_212' title='bbox 470 2000 506 2022; x_wconf 88' lang='lat' dir='ltr'>ac</span> <span class='ocrx_word' id='word_1_213' title='bbox 528 1988 650 2023; x_wconf 89' lang='lat' dir='ltr'>illorum</span> <span class='ocrx_word' id='word_1_214' title='bbox 673 1987 784 2022; x_wconf 90' lang='lat' dir='ltr'>domos</span> <span class='ocrx_word' id='word_1_215' title='bbox 807 1999 864 2022; x_wconf 88' lang='lat' dir='ltr'>nec</span> <span class='ocrx_word' id='word_1_216' title='bbox 887 1999 949 2021; x_wconf 89' lang='lat' dir='ltr'>non</span> <span class='ocrx_word' id='word_1_217' title='bbox 974 1986 1046 2021; x_wconf 87' lang='lat' dir='ltr'>reli-</span> 
     </span>
     <span class='ocr_line' id='line_1_44' title="bbox 299 2036 1048 2085; baseline -0.003 -13"><span class='ocrx_word' id='word_1_218' title='bbox 299 2050 392 2084; x_wconf 89' lang='lat' dir='ltr'>quam</span> <span class='ocrx_word' id='word_1_219' title='bbox 415 2037 522 2072; x_wconf 85' lang='lat' dir='ltr'>Sancti</span> <span class='ocrx_word' id='word_1_220' title='bbox 544 2037 653 2082; x_wconf 78' lang='lat' dir='ltr'>Blasii,</span> <span class='ocrx_word' id='word_1_221' title='bbox 674 2049 729 2085; x_wconf 87' lang='lat' dir='ltr'>per</span> <span class='ocrx_word' id='word_1_222' title='bbox 745 2037 890 2072; x_wconf 84' lang='lat' dir='ltr'>dilectam</span> <span class='ocrx_word' id='word_1_223' title='bbox 906 2037 936 2071; x_wconf 91' lang='lat' dir='ltr'>in</span> <span class='ocrx_word' id='word_1_224' title='bbox 953 2036 1048 2071; x_wconf 85' lang='lat' dir='ltr'>Clrri-</span> 
     </span>
     <span class='ocr_line' id='line_1_45' title="bbox 299 2091 1047 2126; baseline -0.003 0"><span class='ocrx_word' id='word_1_225' title='bbox 299 2101 346 2126; x_wconf 90' lang='lat' dir='ltr'>sto</span> <span class='ocrx_word' id='word_1_226' title='bbox 369 2091 464 2126; x_wconf 85' lang='lat' dir='ltr'>filiam</span> <span class='ocrx_word' id='word_1_227' title='bbox 488 2091 627 2126; x_wconf 89' lang='lat' dir='ltr'>nobilem</span> <span class='ocrx_word' id='word_1_228' title='bbox 666 2091 831 2126; x_wconf 87' lang='lat' dir='ltr'>mulierem</span> <span class='ocrx_word' id='word_1_229' title='bbox 863 2091 1047 2125; x_wconf 83' lang='lat' dir='ltr'>modernam</span> 
     </span>
     <span class='ocr_line' id='line_1_46' title="bbox 299 2145 1050 2189; baseline 0 -9"><span class='ocrx_word' id='word_1_230' title='bbox 299 2145 460 2181; x_wconf 88' lang='lat' dir='ltr'>dominam</span> <span class='ocrx_word' id='word_1_231' title='bbox 487 2145 526 2180; x_wconf 91' lang='lat' dir='ltr'>de</span> <span class='ocrx_word' id='word_1_232' title='bbox 549 2145 691 2189; x_wconf 87' lang='lat' dir='ltr'>Borbon,</span> <span class='ocrx_word' id='word_1_233' title='bbox 705 2158 741 2180; x_wconf 88' lang='lat' dir='ltr'>ac</span> <span class='ocrx_word' id='word_1_234' title='bbox 763 2146 971 2180; x_wconf 76' lang='lat' dir='ltr'>venerabilem</span> <span class='ocrx_word' id='word_1_235' title='bbox 988 2145 1050 2180; x_wconf 89' lang='lat' dir='ltr'>fra-</span> 
     </span>
     <span class='ocr_line' id='line_1_47' title="bbox 300 2199 1050 2248; baseline -0.001 -13"><span class='ocrx_word' id='word_1_236' title='bbox 300 2211 378 2235; x_wconf 86' lang='lat' dir='ltr'>trem</span> <span class='ocrx_word' id='word_1_237' title='bbox 391 2208 534 2236; x_wconf 89' lang='lat' dir='ltr'>nostrum</span> <span class='ocrx_word' id='word_1_238' title='bbox 558 2201 745 2235; x_wconf 85' lang='lat' dir='ltr'>modernum</span> <span class='ocrx_word' id='word_1_239' title='bbox 763 2200 947 2248; x_wconf 86' lang='lat' dir='ltr'>episcopum</span> <span class='ocrx_word' id='word_1_240' title='bbox 970 2199 1050 2235; x_wconf 86' lang='lat' dir='ltr'>Gra-</span> 
     </span>
     <span class='ocr_line' id='line_1_48' title="bbox 300 2248 1050 2303; baseline -0.001 -14"><span class='ocrx_word' id='word_1_241' title='bbox 300 2255 574 2303; x_wconf 83' lang='lat' dir='ltr'>tianopolitanum,</span> <span class='ocrx_word' id='word_1_242' title='bbox 601 2248 808 2289; x_wconf 56' lang='lat' dir='ltr'>etiamflrunc</span> <span class='ocrx_word' id='word_1_243' title='bbox 836 2254 911 2290; x_wconf 88' lang='lat' dir='ltr'>dicti</span> <span class='ocrx_word' id='word_1_244' title='bbox 941 2267 1050 2288; x_wconf 86' lang='lat' dir='ltr'>mona-</span> 
     </span>
     <span class='ocr_line' id='line_1_49' title="bbox 300 2309 1049 2355; baseline -0.001 -11"><span class='ocrx_word' id='word_1_245' title='bbox 300 2309 386 2344; x_wconf 87' lang='lat' dir='ltr'>sterii</span> <span class='ocrx_word' id='word_1_246' title='bbox 413 2309 572 2351; x_wconf 66' lang='lat' dir='ltr'>abbatem,</span> <span class='ocrx_word' id='word_1_247' title='bbox 601 2321 724 2344; x_wconf 83' lang='lat' dir='ltr'>necnon</span> <span class='ocrx_word' id='word_1_248' title='bbox 747 2309 851 2343; x_wconf 88' lang='lat' dir='ltr'>omnia</span> <span class='ocrx_word' id='word_1_249' title='bbox 870 2317 900 2343; x_wconf 92' lang='lat' dir='ltr'>et</span> <span class='ocrx_word' id='word_1_250' title='bbox 926 2309 1049 2355; x_wconf 81' lang='lat' dir='ltr'>singula</span> 
     </span>
     <span class='ocr_line' id='line_1_50' title="bbox 301 2362 1050 2410; baseline -0.001 -12"><span class='ocrx_word' id='word_1_251' title='bbox 301 2365 359 2399; x_wconf 86' lang='lat' dir='ltr'>alia</span> <span class='ocrx_word' id='word_1_252' title='bbox 381 2364 526 2404; x_wconf 82' lang='lat' dir='ltr'>oratoria,</span> <span class='ocrx_word' id='word_1_253' title='bbox 553 2364 723 2404; x_wconf 80' lang='lat' dir='ltr'>ecclesias,</span> <span class='ocrx_word' id='word_1_254' title='bbox 752 2363 889 2410; x_wconf 86' lang='lat' dir='ltr'>reliquas</span> <span class='ocrx_word' id='word_1_255' title='bbox 927 2362 1050 2407; x_wconf 87' lang='lat' dir='ltr'>domos,</span> 
     </span>
     <span class='ocr_line' id='line_1_51' title="bbox 301 2415 1052 2463; baseline -0.003 -11"><span class='ocrx_word' id='word_1_256' title='bbox 301 2418 381 2463; x_wconf 89' lang='lat' dir='ltr'>loca,</span> <span class='ocrx_word' id='word_1_257' title='bbox 408 2427 584 2453; x_wconf 89' lang='lat' dir='ltr'>conventus</span> <span class='ocrx_word' id='word_1_258' title='bbox 606 2427 637 2453; x_wconf 90' lang='lat' dir='ltr'>et</span> <span class='ocrx_word' id='word_1_259' title='bbox 661 2418 741 2452; x_wconf 85' lang='lat' dir='ltr'>bona</span> <span class='ocrx_word' id='word_1_260' title='bbox 770 2417 800 2451; x_wconf 86' lang='lat' dir='ltr'>in</span> <span class='ocrx_word' id='word_1_261' title='bbox 828 2416 961 2458; x_wconf 80' lang='lat' dir='ltr'>Galliae,</span> <span class='ocrx_word' id='word_1_262' title='bbox 989 2415 1052 2451; x_wconf 83' lang='lat' dir='ltr'>Ca-</span> 
     </span>
     <span class='ocr_line' id='line_1_52' title="bbox 302 2470 1053 2519; baseline 0 -14"><span class='ocrx_word' id='word_1_263' title='bbox 302 2471 431 2517; x_wconf 88' lang='lat' dir='ltr'>labriae,</span> <span class='ocrx_word' id='word_1_264' title='bbox 453 2471 592 2516; x_wconf 83' lang='lat' dir='ltr'>Siciliae,</span> <span class='ocrx_word' id='word_1_265' title='bbox 619 2471 802 2519; x_wconf 83' lang='lat' dir='ltr'>Hispaniae,</span> <span class='ocrx_word' id='word_1_266' title='bbox 836 2470 1006 2505; x_wconf 86' lang='lat' dir='ltr'>Bobemiae</span> <span class='ocrx_word' id='word_1_267' title='bbox 1023 2478 1053 2505; x_wconf 86' lang='lat' dir='ltr'>et</span> 
     </span>
     <span class='ocr_line' id='line_1_53' title="bbox 302 2524 1052 2572; baseline -0.003 -12"><span class='ocrx_word' id='word_1_268' title='bbox 302 2525 373 2561; x_wconf 89' lang='lat' dir='ltr'>aliis</span> <span class='ocrx_word' id='word_1_269' title='bbox 400 2526 517 2572; x_wconf 75' lang='lat' dir='ltr'>regnis,</span> <span class='ocrx_word' id='word_1_270' title='bbox 544 2538 580 2561; x_wconf 90' lang='lat' dir='ltr'>ac</span> <span class='ocrx_word' id='word_1_271' title='bbox 606 2525 722 2567; x_wconf 87' lang='lat' dir='ltr'>Italiae,</span> <span class='ocrx_word' id='word_1_272' title='bbox 749 2525 923 2562; x_wconf 72' lang='lat' dir='ltr'>picardiae,</span> <span class='ocrx_word' id='word_1_273' title='bbox 951 2524 1052 2572; x_wconf 86' lang='lat' dir='ltr'>Aqui-</span> 
     </span>
     <span class='ocr_line' id='line_1_54' title="bbox 304 2579 1052 2625; baseline -0.001 -11"><span class='ocrx_word' id='word_1_274' title='bbox 304 2580 418 2623; x_wconf 81' lang='lat' dir='ltr'>taniae,</span> <span class='ocrx_word' id='word_1_275' title='bbox 432 2579 631 2625; x_wconf 89' lang='lat' dir='ltr'>Patrimonii,</span> <span class='ocrx_word' id='word_1_276' title='bbox 649 2579 815 2614; x_wconf 88' lang='lat' dir='ltr'>Paulensis</span> <span class='ocrx_word' id='word_1_277' title='bbox 836 2587 866 2614; x_wconf 90' lang='lat' dir='ltr'>et</span> <span class='ocrx_word' id='word_1_278' title='bbox 888 2579 1052 2620; x_wconf 76' lang='lat' dir='ltr'>Paoernae,</span> 
     </span>
     <span class='ocr_line' id='line_1_55' title="bbox 304 2633 1054 2681; baseline -0.001 -13"><span class='ocrx_word' id='word_1_279' title='bbox 304 2634 436 2680; x_wconf 84' lang='lat' dir='ltr'>aliisque</span> <span class='ocrx_word' id='word_1_280' title='bbox 449 2634 631 2681; x_wconf 71' lang='lat' dir='ltr'>provinciis,</span> <span class='ocrx_word' id='word_1_281' title='bbox 654 2634 831 2669; x_wconf 80' lang='lat' dir='ltr'>civitatibus</span> <span class='ocrx_word' id='word_1_282' title='bbox 845 2641 873 2668; x_wconf 89' lang='lat' dir='ltr'>et</span> <span class='ocrx_word' id='word_1_283' title='bbox 896 2633 973 2667; x_wconf 66' lang='lat' dir='ltr'>lot-is</span> <span class='ocrx_word' id='word_1_284' title='bbox 988 2633 1054 2681; x_wconf 90' lang='lat' dir='ltr'>qui-</span> 
     </span>
    </p>

    <p class='ocr_par' dir='ltr' id='par_1_9' title="bbox 383 2690 896 2722">
     <span class='ocr_line' id='line_1_56' title="bbox 383 2690 896 2722; baseline -0.004 -2"><span class='ocrx_word' id='word_1_285' title='bbox 383 2690 458 2721; x_wconf 69' lang='lat' dir='ltr'>Ball.</span> <span class='ocrx_word' id='word_1_286' title='bbox 481 2691 558 2721; x_wconf 85' lang='lat' dir='ltr'>Rom.</span> <span class='ocrx_word' id='word_1_287' title='bbox 580 2691 634 2722; x_wconf 79' lang='lat' dir='ltr'>Vol.</span> <span class='ocrx_word' id='word_1_288' title='bbox 661 2691 688 2721; x_wconf 79' lang='lat' dir='ltr'>V.</span> <span class='ocrx_word' id='word_1_289' title='bbox 859 2691 896 2720; x_wconf 63' lang='lat'>51»</span> 
     </span>
    </p>
   </div>
   <div class='ocr_carea' id='block_1_8' title="bbox 1722 233 1783 248">
    <p class='ocr_par' dir='ltr' id='par_1_10' title="bbox 1722 233 1783 248">
     <span class='ocr_line' id='line_1_57' title="bbox 1722 233 1783 248; baseline 0 -8"><span class='ocrx_word' id='word_1_290' title='bbox 1722 233 1783 248; x_wconf 54' lang='lat' dir='ltr'>s--</span> 
     </span>
    </p>
   </div>
   <div class='ocr_carea' id='block_1_9' title="bbox 1715 245 1784 264">
    <p class='ocr_par' dir='ltr' id='par_1_11' title="bbox 1715 245 1784 264">
     <span class='ocr_line' id='line_1_58' title="bbox 1715 245 1784 264; baseline -0.016 0.131"><span class='ocrx_word' id='word_1_291' title='bbox 1715 245 1784 264; x_wconf 53' lang='lat' dir='ltr'>hy)</span> 
     </span>
    </p>
   </div>
   <div class='ocr_carea' id='block_1_10' title="bbox 1088 297 1838 891">
    <p class='ocr_par' dir='ltr' id='par_1_12' title="bbox 1088 297 1838 842">
     <span class='ocr_line' id='line_1_59' title="bbox 1090 297 1835 346; baseline 0 -14"><span class='ocrx_word' id='word_1_292' title='bbox 1090 299 1288 346; x_wconf 86' lang='lat' dir='ltr'>buscumque</span> <span class='ocrx_word' id='word_1_293' title='bbox 1316 298 1427 333; x_wconf 90' lang='lat' dir='ltr'>Ordini</span> <span class='ocrx_word' id='word_1_294' title='bbox 1456 298 1658 332; x_wconf 87' lang='lat' dir='ltr'>Minimorum</span> <span class='ocrx_word' id='word_1_295' title='bbox 1695 309 1730 332; x_wconf 90' lang='lat' dir='ltr'>ac</span> <span class='ocrx_word' id='word_1_296' title='bbox 1753 297 1835 332; x_wconf 91' lang='lat' dir='ltr'>illius</span> 
     </span>
     <span class='ocr_line' id='line_1_60' title="bbox 1091 347 1835 395; baseline -0.001 -13"><span class='ocrx_word' id='word_1_297' title='bbox 1091 349 1232 395; x_wconf 82' lang='lat' dir='ltr'>personis</span> <span class='ocrx_word' id='word_1_298' title='bbox 1253 357 1283 383; x_wconf 88' lang='lat' dir='ltr'>et</span> <span class='ocrx_word' id='word_1_299' title='bbox 1305 347 1454 383; x_wconf 80' lang='lat' dir='ltr'>fratribus</span> <span class='ocrx_word' id='word_1_300' title='bbox 1475 355 1504 382; x_wconf 89' lang='lat' dir='ltr'>et</span> <span class='ocrx_word' id='word_1_301' title='bbox 1533 348 1678 395; x_wconf 83' lang='lat' dir='ltr'>praefatis</span> <span class='ocrx_word' id='word_1_302' title='bbox 1700 359 1835 394; x_wconf 88' lang='lat' dir='ltr'>quomo-</span> 
     </span>
     <span class='ocr_line' id='line_1_61' title="bbox 1089 396 1834 444; baseline 0 -13"><span class='ocrx_word' id='word_1_303' title='bbox 1089 400 1266 444; x_wconf 87' lang='lat' dir='ltr'>documque</span> <span class='ocrx_word' id='word_1_304' title='bbox 1300 410 1462 441; x_wconf 80' lang='lat' dir='ltr'>concessa,</span> <span class='ocrx_word' id='word_1_305' title='bbox 1489 405 1519 431; x_wconf 82' lang='lat' dir='ltr'>ct</span> <span class='ocrx_word' id='word_1_306' title='bbox 1541 410 1597 444; x_wconf 86' lang='lat' dir='ltr'>per</span> <span class='ocrx_word' id='word_1_307' title='bbox 1628 396 1834 432; x_wconf 84' lang='lat' dir='ltr'>Franciscum</span> 
     </span>
     <span class='ocr_line' id='line_1_62' title="bbox 1089 446 1836 483; baseline -0.003 -2"><span class='ocrx_word' id='word_1_308' title='bbox 1089 448 1127 483; x_wconf 92' lang='lat' dir='ltr'>de</span> <span class='ocrx_word' id='word_1_309' title='bbox 1149 447 1246 483; x_wconf 88' lang='lat' dir='ltr'>Paula</span> <span class='ocrx_word' id='word_1_310' title='bbox 1268 456 1298 482; x_wconf 91' lang='lat' dir='ltr'>et</span> <span class='ocrx_word' id='word_1_311' title='bbox 1319 448 1396 481; x_wconf 88' lang='lat' dir='ltr'>alios</span> <span class='ocrx_word' id='word_1_312' title='bbox 1422 446 1531 481; x_wconf 83' lang='lat' dir='ltr'>fratres</span> <span class='ocrx_word' id='word_1_313' title='bbox 1549 446 1679 481; x_wconf 83' lang='lat' dir='ltr'>Ordinis</span> <span class='ocrx_word' id='word_1_314' title='bbox 1693 446 1836 481; x_wconf 86' lang='lat' dir='ltr'>Minimo-</span> 
     </span>
     <span class='ocr_line' id='line_1_63' title="bbox 1090 495 1835 543; baseline -0.003 -12"><span class='ocrx_word' id='word_1_315' title='bbox 1090 510 1157 531; x_wconf 90' lang='lat' dir='ltr'>rum</span> <span class='ocrx_word' id='word_1_316' title='bbox 1195 496 1390 541; x_wconf 80' lang='lat' dir='ltr'>huiusmodi,</span> <span class='ocrx_word' id='word_1_317' title='bbox 1426 497 1531 542; x_wconf 76' lang='lat' dir='ltr'>vigore</span> <span class='ocrx_word' id='word_1_318' title='bbox 1552 496 1705 543; x_wconf 81' lang='lat' dir='ltr'>privilegii</span> <span class='ocrx_word' id='word_1_319' title='bbox 1743 495 1835 539; x_wconf 77' lang='lat' dir='ltr'>Sixti,</span> 
     </span>
     <span class='ocr_line' id='line_1_64' title="bbox 1091 546 1837 594; baseline -0.001 -14"><span class='ocrx_word' id='word_1_320' title='bbox 1091 547 1340 594; x_wconf 85' lang='lat' dir='ltr'>praedecessoris</span> <span class='ocrx_word' id='word_1_321' title='bbox 1368 546 1531 593; x_wconf 80' lang='lat' dir='ltr'>praedicti,</span> <span class='ocrx_word' id='word_1_322' title='bbox 1566 555 1708 593; x_wconf 88' lang='lat' dir='ltr'>recepta,</span> <span class='ocrx_word' id='word_1_323' title='bbox 1730 553 1760 580; x_wconf 89' lang='lat' dir='ltr'>et</span> <span class='ocrx_word' id='word_1_324' title='bbox 1783 557 1837 592; x_wconf 87' lang='lat' dir='ltr'>pcr</span> 
     </span>
     <span class='ocr_line' id='line_1_65' title="bbox 1089 595 1835 642; baseline -0.003 -13"><span class='ocrx_word' id='word_1_325' title='bbox 1089 609 1143 631; x_wconf 73' lang='lat' dir='ltr'>eos</span> <span class='ocrx_word' id='word_1_326' title='bbox 1166 604 1296 631; x_wconf 85' lang='lat' dir='ltr'>eatenus</span> <span class='ocrx_word' id='word_1_327' title='bbox 1335 608 1489 642; x_wconf 86' lang='lat' dir='ltr'>possessa,</span> <span class='ocrx_word' id='word_1_328' title='bbox 1522 595 1640 641; x_wconf 81' lang='lat' dir='ltr'>absque</span> <span class='ocrx_word' id='word_1_329' title='bbox 1667 596 1724 630; x_wconf 89' lang='lat' dir='ltr'>alia</span> <span class='ocrx_word' id='word_1_330' title='bbox 1759 607 1835 628; x_wconf 81' lang='lat' dir='ltr'>nova</span> 
     </span>
     <span class='ocr_line' id='line_1_66' title="bbox 1088 644 1836 692; baseline -0.004 -12"><span class='ocrx_word' id='word_1_331' title='bbox 1088 646 1293 681; x_wconf 86' lang='lat' dir='ltr'>concessione</span> <span class='ocrx_word' id='word_1_332' title='bbox 1307 645 1490 692; x_wconf 82' lang='lat' dir='ltr'>apostolica,</span> <span class='ocrx_word' id='word_1_333' title='bbox 1515 653 1679 692; x_wconf 79' lang='lat' dir='ltr'>perpetuo,</span> <span class='ocrx_word' id='word_1_334' title='bbox 1708 644 1836 692; x_wconf 82' lang='lat' dir='ltr'>pacifice</span> 
     </span>
     <span class='ocr_line' id='line_1_67' title="bbox 1091 694 1838 742; baseline -0.003 -13"><span class='ocrx_word' id='word_1_335' title='bbox 1091 695 1250 742; x_wconf 84' lang='lat' dir='ltr'>possidere</span> <span class='ocrx_word' id='word_1_336' title='bbox 1279 695 1409 735; x_wconf 80' lang='lat' dir='ltr'>valcant,</span> <span class='ocrx_word' id='word_1_337' title='bbox 1438 707 1473 729; x_wconf 88' lang='lat' dir='ltr'>ac</span> <span class='ocrx_word' id='word_1_338' title='bbox 1494 706 1590 741; x_wconf 87' lang='lat' dir='ltr'>super</span> <span class='ocrx_word' id='word_1_339' title='bbox 1620 695 1679 728; x_wconf 86' lang='lat' dir='ltr'>illis</span> <span class='ocrx_word' id='word_1_340' title='bbox 1705 702 1758 728; x_wconf 91' lang='lat' dir='ltr'>aut</span> <span class='ocrx_word' id='word_1_341' title='bbox 1779 694 1838 728; x_wconf 83' lang='lat' dir='ltr'>ati-</span> 
     </span>
     <span class='ocr_line' id='line_1_68' title="bbox 1088 744 1837 792; baseline -0.003 -13"><span class='ocrx_word' id='word_1_342' title='bbox 1088 757 1152 792; x_wconf 91' lang='lat' dir='ltr'>quo</span> <span class='ocrx_word' id='word_1_343' title='bbox 1179 756 1308 785; x_wconf 89' lang='lat' dir='ltr'>eorum,</span> <span class='ocrx_word' id='word_1_344' title='bbox 1345 756 1360 778; x_wconf 90' lang='lat' dir='ltr'>a</span> <span class='ocrx_word' id='word_1_345' title='bbox 1397 756 1556 791; x_wconf 82' lang='lat' dir='ltr'>quoquam</span> <span class='ocrx_word' id='word_1_346' title='bbox 1593 744 1750 779; x_wconf 88' lang='lat' dir='ltr'>molestari</span> <span class='ocrx_word' id='word_1_347' title='bbox 1774 756 1837 778; x_wconf 92' lang='lat' dir='ltr'>ne-</span> 
     </span>
     <span class='ocr_line' id='line_1_69' title="bbox 1088 802 1215 842; baseline 0.009 -15"><span class='ocrx_word' id='word_1_348' title='bbox 1088 802 1215 842; x_wconf 81' lang='lat' dir='ltr'>queant.</span> 
     </span>
    </p>

    <p class='ocr_par' dir='ltr' id='par_1_13' title="bbox 1137 843 1836 891">
     <span class='ocr_line' id='line_1_70' title="bbox 1137 843 1836 891; baseline -0.001 -13"><span class='ocrx_word' id='word_1_349' title='bbox 1137 851 1152 888; x_wconf 65' lang='lat' dir='ltr'>g</span> <span class='ocrx_word' id='word_1_350' title='bbox 1176 847 1233 879; x_wconf 79' lang='lat'>59.</span> <span class='ocrx_word' id='word_1_351' title='bbox 1260 843 1299 877; x_wconf 84' lang='lat' dir='ltr'>Et</span> <span class='ocrx_word' id='word_1_352' title='bbox 1321 843 1404 890; x_wconf 90' lang='lat' dir='ltr'>quod</span> <span class='ocrx_word' id='word_1_353' title='bbox 1428 843 1567 878; x_wconf 47' lang='lat' dir='ltr'>fratres</span> <span class='ocrx_word' id='word_1_354' title='bbox 1562 844 1651 891; x_wconf 75' lang='grc' dir='ltr'>ιρ5ἰι</span> <span class='ocrx_word' id='word_1_355' title='bbox 1642 843 1778 887; x_wconf 87' lang='lat' dir='ltr'>Minimi,</span> <span class='ocrx_word' id='word_1_356' title='bbox 1807 843 1836 878; x_wconf 89' lang='lat' dir='ltr'>in</span> 
     </span>
    </p>
   </div>
   <div class='ocr_carea' id='block_1_11' title="bbox 1088 943 1839 1239">
    <p class='ocr_par' dir='ltr' id='par_1_14' title="bbox 1088 943 1838 1178">
     <span class='ocr_line' id='line_1_71' title="bbox 1089 943 1838 990; baseline 0.001 -14"><span class='ocrx_word' id='word_1_357' title='bbox 1089 944 1147 985; x_wconf 88' lang='lat' dir='ltr'>dis,</span> <span class='ocrx_word' id='word_1_358' title='bbox 1174 943 1358 982; x_wconf 86' lang='lat' dir='ltr'>curialibus,</span> <span class='ocrx_word' id='word_1_359' title='bbox 1387 943 1624 983; x_wconf 86' lang='lat' dir='ltr'>mercatoribus</span> <span class='ocrx_word' id='word_1_360' title='bbox 1664 944 1838 990; x_wconf 79' lang='lat' dir='ltr'>peregrinis</span> 
     </span>
     <span class='ocr_line' id='line_1_72' title="bbox 1088 993 1837 1039; baseline 0 -12"><span class='ocrx_word' id='word_1_361' title='bbox 1088 1006 1124 1027; x_wconf 86' lang='lat' dir='ltr'>ac</span> <span class='ocrx_word' id='word_1_362' title='bbox 1144 993 1382 1028; x_wconf 84' lang='lat' dir='ltr'>transeuntibus</span> <span class='ocrx_word' id='word_1_363' title='bbox 1417 1001 1447 1027; x_wconf 86' lang='lat' dir='ltr'>et</span> <span class='ocrx_word' id='word_1_364' title='bbox 1473 993 1542 1027; x_wconf 87' lang='lat' dir='ltr'>aliis</span> <span class='ocrx_word' id='word_1_365' title='bbox 1564 993 1730 1039; x_wconf 80' lang='lat' dir='ltr'>quibusvis</span> <span class='ocrx_word' id='word_1_366' title='bbox 1758 1005 1837 1039; x_wconf 89' lang='lat' dir='ltr'>per-</span> 
     </span>
     <span class='ocr_line' id='line_1_73' title="bbox 1089 1042 1836 1089; baseline 0.001 -14"><span class='ocrx_word' id='word_1_367' title='bbox 1089 1044 1176 1077; x_wconf 64' lang='lat' dir='ltr'>sonis</span> <span class='ocrx_word' id='word_1_368' title='bbox 1188 1042 1405 1077; x_wconf 87' lang='lat' dir='ltr'>Eucharistiae</span> <span class='ocrx_word' id='word_1_369' title='bbox 1429 1051 1672 1082; x_wconf 79' lang='lat' dir='ltr'>sacramentum,</span> <span class='ocrx_word' id='word_1_370' title='bbox 1691 1043 1836 1089; x_wconf 87' lang='lat' dir='ltr'>quotiens</span> 
     </span>
     <span class='ocr_line' id='line_1_74' title="bbox 1089 1091 1837 1140; baseline 0.001 -15"><span class='ocrx_word' id='word_1_371' title='bbox 1089 1105 1168 1140; x_wconf 90' lang='lat' dir='ltr'>opus</span> <span class='ocrx_word' id='word_1_372' title='bbox 1189 1093 1294 1133; x_wconf 85' lang='lat' dir='ltr'>fuerit,</span> <span class='ocrx_word' id='word_1_373' title='bbox 1322 1092 1499 1127; x_wconf 86' lang='lat' dir='ltr'>ministrare</span> <span class='ocrx_word' id='word_1_374' title='bbox 1528 1103 1564 1126; x_wconf 87' lang='lat' dir='ltr'>ac</span> <span class='ocrx_word' id='word_1_375' title='bbox 1586 1092 1755 1126; x_wconf 88' lang='lat' dir='ltr'>ministrari</span> <span class='ocrx_word' id='word_1_376' title='bbox 1784 1091 1837 1126; x_wconf 86' lang='lat' dir='ltr'>sa·-</span> 
     </span>
     <span class='ocr_line' id='line_1_75' title="bbox 1090 1154 1172 1178; baseline 0.012 -2"><span class='ocrx_word' id='word_1_377' title='bbox 1090 1154 1172 1178; x_wconf 87' lang='lat' dir='ltr'>cere.</span> 
     </span>
    </p>

    <p class='ocr_par' dir='ltr' id='par_1_15' title="bbox 1138 1190 1839 1239">
     <span class='ocr_line' id='line_1_76' title="bbox 1138 1190 1839 1239; baseline -0.003 -13"><span class='ocrx_word' id='word_1_378' title='bbox 1138 1192 1158 1239; x_wconf 66' lang='lat' dir='ltr'>g</span> <span class='ocrx_word' id='word_1_379' title='bbox 1182 1194 1238 1226; x_wconf 78' lang='lat'>40.</span> <span class='ocrx_word' id='word_1_380' title='bbox 1266 1191 1396 1226; x_wconf 89' lang='lat' dir='ltr'>Necnon</span> <span class='ocrx_word' id='word_1_381' title='bbox 1425 1190 1567 1226; x_wconf 89' lang='lat' dir='ltr'>eiusdem</span> <span class='ocrx_word' id='word_1_382' title='bbox 1589 1190 1719 1225; x_wconf 86' lang='lat' dir='ltr'>Ordinis</span> <span class='ocrx_word' id='word_1_383' title='bbox 1744 1190 1839 1225; x_wconf 83' lang='lat' dir='ltr'>Mini-</span> 
     </span>
    </p>
   </div>
   <div class='ocr_carea' id='block_1_12' title="bbox 1090 1238 2009 1288">
    <p class='ocr_par' dir='ltr' id='par_1_16' title="bbox 1090 1234 2009 1288">
     <span class='ocr_line' id='line_1_77' title="bbox 1090 1238 2009 1288; baseline -0.001 -13"><span class='ocrx_word' id='word_1_384' title='bbox 1090 1254 1212 1276; x_wconf 91' lang='lat' dir='ltr'>morum</span> <span class='ocrx_word' id='word_1_385' title='bbox 1236 1249 1393 1287; x_wconf 67' lang='lat' dir='ltr'>apostatas</span> <span class='ocrx_word' id='word_1_386' title='bbox 1415 1248 1445 1275; x_wconf 87' lang='lat' dir='ltr'>et</span> <span class='ocrx_word' id='word_1_387' title='bbox 1466 1252 1638 1288; x_wconf 63' lang='lat' dir='ltr'>gyrovagos</span> <span class='ocrx_word' id='word_1_388' title='bbox 1665 1252 1839 1287; x_wconf 89' lang='lat' dir='ltr'>quoscum·</span> <span class='ocrx_word' id='word_1_389' title='bbox 1854 1238 1935 1282; x_wconf 60' lang='lat' dir='ltr'>,22&#39;,?]Tj²¹‘</span> <span class='ocrx_word' id='word_1_390' title='bbox 2007 1240 2009 1247; x_wconf 73' lang='grc'>’</span> 
     </span>
    </p>
   </div>
   <div class='ocr_carea' id='block_1_13' title="bbox 1089 1290 1841 1836">
    <p class='ocr_par' dir='ltr' id='par_1_17' title="bbox 1089 1290 1840 1775">
     <span class='ocr_line' id='line_1_78' title="bbox 1089 1290 1839 1345; baseline 0 -20"><span class='ocrx_word' id='word_1_391' title='bbox 1089 1303 1149 1338; x_wconf 90' lang='lat' dir='ltr'>que</span> <span class='ocrx_word' id='word_1_392' title='bbox 1176 1291 1307 1326; x_wconf 91' lang='lat' dir='ltr'>ubilibet</span> <span class='ocrx_word' id='word_1_393' title='bbox 1341 1299 1491 1337; x_wconf 32' lang='lat' dir='ltr'>retQiertos</span> <span class='ocrx_word' id='word_1_394' title='bbox 1525 1300 1554 1325; x_wconf 91' lang='lat' dir='ltr'>et</span> <span class='ocrx_word' id='word_1_395' title='bbox 1582 1290 1839 1345; x_wconf 82' lang='lat' dir='ltr'>quibuscumque</span> 
     </span>
     <span class='ocr_line' id='line_1_79' title="bbox 1090 1340 1838 1388; baseline -0.003 -13"><span class='ocrx_word' id='word_1_396' title='bbox 1090 1341 1188 1376; x_wconf 88' lang='lat' dir='ltr'>literis</span> <span class='ocrx_word' id='word_1_397' title='bbox 1210 1353 1245 1375; x_wconf 89' lang='lat' dir='ltr'>ac</span> <span class='ocrx_word' id='word_1_398' title='bbox 1273 1340 1505 1388; x_wconf 67' lang='lat' dir='ltr'>proxisionibus</span> <span class='ocrx_word' id='word_1_399' title='bbox 1527 1340 1717 1387; x_wconf 87' lang='lat' dir='ltr'>apostolicis,</span> <span class='ocrx_word' id='word_1_400' title='bbox 1746 1340 1838 1374; x_wconf 87' lang='lat' dir='ltr'>etiam</span> 
     </span>
     <span class='ocr_line' id='line_1_80' title="bbox 1089 1390 1839 1438; baseline -0.003 -13"><span class='ocrx_word' id='word_1_401' title='bbox 1089 1403 1304 1438; x_wconf 86' lang='lat' dir='ltr'>quascumque</span> <span class='ocrx_word' id='word_1_402' title='bbox 1331 1390 1598 1436; x_wconf 79' lang='lat' dir='ltr'>derogatoriarum</span> <span class='ocrx_word' id='word_1_403' title='bbox 1627 1390 1839 1435; x_wconf 78' lang='lat' dir='ltr'>derogatorias</span> 
     </span>
     <span class='ocr_line' id='line_1_81' title="bbox 1090 1440 1839 1483; baseline -0.001 -8"><span class='ocrx_word' id='word_1_404' title='bbox 1090 1441 1246 1476; x_wconf 77' lang='lat' dir='ltr'>clausulas</span> <span class='ocrx_word' id='word_1_405' title='bbox 1287 1442 1316 1474; x_wconf 89' lang='lat' dir='ltr'>in</span> <span class='ocrx_word' id='word_1_406' title='bbox 1351 1452 1383 1474; x_wconf 89' lang='lat' dir='ltr'>se</span> <span class='ocrx_word' id='word_1_407' title='bbox 1416 1440 1654 1474; x_wconf 87' lang='lat' dir='ltr'>continentibus</span> <span class='ocrx_word' id='word_1_408' title='bbox 1689 1440 1839 1483; x_wconf 84' lang='lat' dir='ltr'>munitos,</span> 
     </span>
     <span class='ocr_line' id='line_1_82' title="bbox 1089 1489 1840 1538; baseline -0.001 -14"><span class='ocrx_word' id='word_1_409' title='bbox 1089 1504 1167 1538; x_wconf 88' lang='lat' dir='ltr'>quas</span> <span class='ocrx_word' id='word_1_410' title='bbox 1194 1491 1239 1525; x_wconf 90' lang='lat' dir='ltr'>eis</span> <span class='ocrx_word' id='word_1_411' title='bbox 1262 1490 1441 1525; x_wconf 84' lang='lat' dir='ltr'>nullatenus</span> <span class='ocrx_word' id='word_1_412' title='bbox 1474 1489 1636 1535; x_wconf 78' lang='lat' dir='ltr'>suffragari</span> <span class='ocrx_word' id='word_1_413' title='bbox 1668 1500 1760 1535; x_wconf 84' lang='lat' dir='ltr'>posse</span> <span class='ocrx_word' id='word_1_414' title='bbox 1783 1489 1840 1524; x_wconf 88' lang='lat' dir='ltr'>de-</span> 
     </span>
     <span class='ocr_line' id='line_1_83' title="bbox 1090 1539 1840 1586; baseline -0.004 -11"><span class='ocrx_word' id='word_1_415' title='bbox 1090 1541 1262 1582; x_wconf 82' lang='lat' dir='ltr'>cernimus,</span> <span class='ocrx_word' id='word_1_416' title='bbox 1290 1541 1434 1574; x_wconf 77' lang='lat' dir='ltr'>invocato</span> <span class='ocrx_word' id='word_1_417' title='bbox 1456 1539 1549 1573; x_wconf 88' lang='lat' dir='ltr'>etiam</span> <span class='ocrx_word' id='word_1_418' title='bbox 1585 1539 1621 1573; x_wconf 88' lang='lat' dir='ltr'>ad</span> <span class='ocrx_word' id='word_1_419' title='bbox 1652 1539 1701 1582; x_wconf 77' lang='lat' dir='ltr'>id,</span> <span class='ocrx_word' id='word_1_420' title='bbox 1727 1547 1840 1586; x_wconf 89' lang='lat' dir='ltr'>quate-</span> 
     </span>
     <span class='ocr_line' id='line_1_84' title="bbox 1091 1588 1839 1645; baseline -0.003 -21"><span class='ocrx_word' id='word_1_421' title='bbox 1091 1603 1149 1626; x_wconf 86' lang='lat' dir='ltr'>nus</span> <span class='ocrx_word' id='word_1_422' title='bbox 1171 1603 1251 1645; x_wconf 80' lang='lat' dir='ltr'>opus</span> <span class='ocrx_word' id='word_1_423' title='bbox 1270 1590 1374 1633; x_wconf 85' lang='lat' dir='ltr'>suerit,</span> <span class='ocrx_word' id='word_1_424' title='bbox 1387 1589 1502 1624; x_wconf 74' lang='lat' dir='ltr'>auxilio</span> <span class='ocrx_word' id='word_1_425' title='bbox 1525 1588 1644 1623; x_wconf 84' lang='lat' dir='ltr'>brachii</span> <span class='ocrx_word' id='word_1_426' title='bbox 1659 1588 1839 1643; x_wconf 84' lang='lat' dir='ltr'>saecularis,</span> 
     </span>
     <span class='ocr_line' id='line_1_85' title="bbox 1090 1639 1839 1696; baseline -0.004 -21"><span class='ocrx_word' id='word_1_427' title='bbox 1090 1653 1214 1696; x_wconf 82' lang='lat' dir='ltr'>capere,</span> <span class='ocrx_word' id='word_1_428' title='bbox 1242 1641 1435 1675; x_wconf 69' lang='lat' dir='ltr'>incarcerare</span> <span class='ocrx_word' id='word_1_429' title='bbox 1463 1651 1499 1673; x_wconf 90' lang='lat' dir='ltr'>ac</span> <span class='ocrx_word' id='word_1_430' title='bbox 1528 1639 1657 1686; x_wconf 79' lang='lat' dir='ltr'>punire,</span> <span class='ocrx_word' id='word_1_431' title='bbox 1680 1651 1733 1673; x_wconf 90' lang='lat' dir='ltr'>seu</span> <span class='ocrx_word' id='word_1_432' title='bbox 1757 1639 1839 1685; x_wconf 86' lang='lat' dir='ltr'>capi,</span> 
     </span>
     <span class='ocr_line' id='line_1_86' title="bbox 1091 1687 1841 1737; baseline -0.001 -14"><span class='ocrx_word' id='word_1_433' title='bbox 1091 1690 1273 1725; x_wconf 86' lang='lat' dir='ltr'>incarcerari</span> <span class='ocrx_word' id='word_1_434' title='bbox 1296 1699 1324 1724; x_wconf 91' lang='lat' dir='ltr'>et</span> <span class='ocrx_word' id='word_1_435' title='bbox 1354 1689 1459 1737; x_wconf 87' lang='lat' dir='ltr'>puniri</span> <span class='ocrx_word' id='word_1_436' title='bbox 1483 1688 1597 1733; x_wconf 79' lang='lat' dir='ltr'>facere,</span> <span class='ocrx_word' id='word_1_437' title='bbox 1623 1688 1722 1724; x_wconf 88' lang='lat' dir='ltr'>libere</span> <span class='ocrx_word' id='word_1_438' title='bbox 1749 1700 1785 1723; x_wconf 88' lang='lat' dir='ltr'>ac</span> <span class='ocrx_word' id='word_1_439' title='bbox 1807 1687 1841 1722; x_wconf 94' lang='lat' dir='ltr'>li-</span> 
     </span>
     <span class='ocr_line' id='line_1_87' title="bbox 1091 1740 1308 1775; baseline -0.005 -1"><span class='ocrx_word' id='word_1_440' title='bbox 1091 1741 1150 1775; x_wconf 84' lang='lat' dir='ltr'>cite</span> <span class='ocrx_word' id='word_1_441' title='bbox 1178 1740 1308 1774; x_wconf 77' lang='lat' dir='ltr'>valeant.</span> 
     </span>
    </p>

    <p class='ocr_par' dir='ltr' id='par_1_18' title="bbox 1137 1787 1837 1836">
     <span class='ocr_line' id='line_1_88' title="bbox 1137 1787 1837 1836; baseline -0.003 -12"><span class='ocrx_word' id='word_1_442' title='bbox 1137 1794 1153 1833; x_wconf 67' lang='grc' dir='ltr'>ξ</span> <span class='ocrx_word' id='word_1_443' title='bbox 1176 1792 1233 1824; x_wconf 70' lang='grc'>41.</span> <span class='ocrx_word' id='word_1_444' title='bbox 1257 1789 1296 1824; x_wconf 88' lang='lat' dir='ltr'>Et</span> <span class='ocrx_word' id='word_1_445' title='bbox 1317 1788 1443 1836; x_wconf 84' lang='lat' dir='ltr'>praelati</span> <span class='ocrx_word' id='word_1_446' title='bbox 1471 1787 1601 1822; x_wconf 86' lang='lat' dir='ltr'>Ordinis</span> <span class='ocrx_word' id='word_1_447' title='bbox 1633 1787 1837 1822; x_wconf 84' lang='lat' dir='ltr'>Minimorum</span> 
     </span>
    </p>
   </div>
   <div class='ocr_carea' id='block_1_14' title="bbox 1091 1887 1843 2086">
    <p class='ocr_par' dir='ltr' id='par_1_19' title="bbox 1091 1887 1842 2086">
     <span class='ocr_line' id='line_1_89' title="bbox 1091 1887 1842 1936; baseline 0.001 -15"><span class='ocrx_word' id='word_1_448' title='bbox 1091 1901 1150 1936; x_wconf 82' lang='lat' dir='ltr'>que</span> <span class='ocrx_word' id='word_1_449' title='bbox 1165 1901 1260 1924; x_wconf 77' lang='lat' dir='ltr'>sexus</span> <span class='ocrx_word' id='word_1_450' title='bbox 1282 1888 1503 1924; x_wconf 84' lang='lat' dir='ltr'>cbristibdeles</span> <span class='ocrx_word' id='word_1_451' title='bbox 1530 1887 1610 1922; x_wconf 88' lang='lat' dir='ltr'>tertii</span> <span class='ocrx_word' id='word_1_452' title='bbox 1633 1887 1763 1922; x_wconf 89' lang='lat' dir='ltr'>Ordinis</span> <span class='ocrx_word' id='word_1_453' title='bbox 1780 1888 1842 1922; x_wconf 80' lang='lat' dir='ltr'>Mi-</span> 
     </span>
     <span class='ocr_line' id='line_1_90' title="bbox 1092 1937 1841 1974; baseline -0.003 -1"><span class='ocrx_word' id='word_1_454' title='bbox 1092 1940 1246 1974; x_wconf 89' lang='lat' dir='ltr'>nimorunr</span> <span class='ocrx_word' id='word_1_455' title='bbox 1271 1938 1452 1974; x_wconf 87' lang='lat' dir='ltr'>huiusmodi</span> <span class='ocrx_word' id='word_1_456' title='bbox 1480 1951 1515 1972; x_wconf 87' lang='lat' dir='ltr'>ac</span> <span class='ocrx_word' id='word_1_457' title='bbox 1542 1937 1686 1972; x_wconf 80' lang='lat' dir='ltr'>eiusdem</span> <span class='ocrx_word' id='word_1_458' title='bbox 1710 1937 1841 1972; x_wconf 79' lang='lat' dir='ltr'>Ordinis</span> 
     </span>
     <span class='ocr_line' id='line_1_91' title="bbox 1091 1987 1843 2036; baseline -0.003 -13"><span class='ocrx_word' id='word_1_459' title='bbox 1091 1998 1327 2024; x_wconf 70' lang='grc' dir='ltr'>ιοιι5θιι3ῑοιε5</span> <span class='ocrx_word' id='word_1_460' title='bbox 1356 2001 1410 2036; x_wconf 89' lang='lat' dir='ltr'>per</span> <span class='ocrx_word' id='word_1_461' title='bbox 1433 1988 1542 2022; x_wconf 85' lang='lat' dir='ltr'>fratres</span> <span class='ocrx_word' id='word_1_462' title='bbox 1571 1987 1718 2021; x_wconf 87' lang='lat' dir='ltr'>Minirnos</span> <span class='ocrx_word' id='word_1_463' title='bbox 1732 1987 1843 2021; x_wconf 85' lang='lat' dir='ltr'>huius</span> 
     </span>
     <span class='ocr_line' id='line_1_92' title="bbox 1093 2037 1842 2086; baseline -0.003 -13"><span class='ocrx_word' id='word_1_464' title='bbox 1093 2039 1175 2074; x_wconf 90' lang='lat' dir='ltr'>modi</span> <span class='ocrx_word' id='word_1_465' title='bbox 1197 2051 1252 2086; x_wconf 88' lang='lat' dir='ltr'>pro</span> <span class='ocrx_word' id='word_1_466' title='bbox 1279 2046 1420 2086; x_wconf 88' lang='lat' dir='ltr'>tempore</span> <span class='ocrx_word' id='word_1_467' title='bbox 1448 2037 1661 2084; x_wconf 88' lang='lat' dir='ltr'>capitulariter</span> <span class='ocrx_word' id='word_1_468' title='bbox 1683 2037 1784 2077; x_wconf 82' lang='lat' dir='ltr'>electi;</span> <span class='ocrx_word' id='word_1_469' title='bbox 1807 2049 1842 2071; x_wconf 89' lang='lat' dir='ltr'>ac</span> 
     </span>
    </p>
   </div>
   <div class='ocr_carea' id='block_1_15' title="bbox 1092 2090 1845 2684">
    <p class='ocr_par' dir='ltr' id='par_1_20' title="bbox 1092 2090 1845 2684">
     <span class='ocr_line' id='line_1_93' title="bbox 1092 2090 1840 2133; baseline -0.001 -7"><span class='ocrx_word' id='word_1_470' title='bbox 1092 2101 1211 2127; x_wconf 89' lang='lat' dir='ltr'>tutores</span> <span class='ocrx_word' id='word_1_471' title='bbox 1232 2100 1261 2128; x_wconf 90' lang='lat' dir='ltr'>et</span> <span class='ocrx_word' id='word_1_472' title='bbox 1285 2093 1424 2133; x_wconf 81' lang='lat' dir='ltr'>tutrices,</span> <span class='ocrx_word' id='word_1_473' title='bbox 1458 2091 1639 2126; x_wconf 84' lang='lat' dir='ltr'>fundatores</span> <span class='ocrx_word' id='word_1_474' title='bbox 1661 2099 1691 2125; x_wconf 84' lang='lat' dir='ltr'>et</span> <span class='ocrx_word' id='word_1_475' title='bbox 1726 2090 1840 2125; x_wconf 85' lang='lat' dir='ltr'>funda-</span> 
     </span>
     <span class='ocr_line' id='line_1_94' title="bbox 1093 2145 1842 2195; baseline 0 -14"><span class='ocrx_word' id='word_1_476' title='bbox 1093 2149 1197 2189; x_wconf 82' lang='lat' dir='ltr'>trices,</span> <span class='ocrx_word' id='word_1_477' title='bbox 1237 2155 1454 2195; x_wconf 85' lang='lat' dir='ltr'>procuratores</span> <span class='ocrx_word' id='word_1_478' title='bbox 1485 2154 1514 2180; x_wconf 89' lang='lat' dir='ltr'>ct</span> <span class='ocrx_word' id='word_1_479' title='bbox 1544 2145 1772 2192; x_wconf 84' lang='lat' dir='ltr'>procuratrices</span> <span class='ocrx_word' id='word_1_480' title='bbox 1806 2158 1842 2181; x_wconf 88' lang='lat' dir='ltr'>ac</span> 
     </span>
     <span class='ocr_line' id='line_1_95' title="bbox 1092 2200 1840 2249; baseline -0.004 -12"><span class='ocrx_word' id='word_1_481' title='bbox 1092 2214 1199 2237; x_wconf 82' lang='lat' dir='ltr'>eorum</span> <span class='ocrx_word' id='word_1_482' title='bbox 1239 2202 1403 2249; x_wconf 86' lang='lat' dir='ltr'>utriusque</span> <span class='ocrx_word' id='word_1_483' title='bbox 1431 2213 1525 2235; x_wconf 80' lang='lat' dir='ltr'>sexus</span> <span class='ocrx_word' id='word_1_484' title='bbox 1557 2200 1658 2240; x_wconf 86' lang='lat' dir='ltr'>liberi,</span> <span class='ocrx_word' id='word_1_485' title='bbox 1688 2200 1840 2247; x_wconf 90' lang='lat' dir='ltr'>procreati</span> 
     </span>
     <span class='ocr_line' id='line_1_96' title="bbox 1092 2254 1840 2304; baseline -0.005 -12"><span class='ocrx_word' id='word_1_486' title='bbox 1092 2266 1123 2291; x_wconf 84' lang='lat' dir='ltr'>et</span> <span class='ocrx_word' id='word_1_487' title='bbox 1163 2256 1361 2304; x_wconf 88' lang='lat' dir='ltr'>procreandi,</span> <span class='ocrx_word' id='word_1_488' title='bbox 1390 2255 1486 2290; x_wconf 87' lang='lat' dir='ltr'>semel</span> <span class='ocrx_word' id='word_1_489' title='bbox 1514 2254 1543 2288; x_wconf 91' lang='lat' dir='ltr'>in</span> <span class='ocrx_word' id='word_1_490' title='bbox 1584 2254 1645 2288; x_wconf 91' lang='lat' dir='ltr'>vita</span> <span class='ocrx_word' id='word_1_491' title='bbox 1685 2262 1716 2288; x_wconf 90' lang='lat' dir='ltr'>et</span> <span class='ocrx_word' id='word_1_492' title='bbox 1747 2255 1787 2289; x_wconf 88' lang='lat' dir='ltr'>ita</span> <span class='ocrx_word' id='word_1_493' title='bbox 1811 2255 1840 2289; x_wconf 92' lang='lat' dir='ltr'>in</span> 
     </span>
     <span class='ocr_line' id='line_1_97' title="bbox 1094 2308 1842 2357; baseline -0.003 -13"><span class='ocrx_word' id='word_1_494' title='bbox 1094 2320 1204 2355; x_wconf 88' lang='lat' dir='ltr'>morte,</span> <span class='ocrx_word' id='word_1_495' title='bbox 1227 2312 1315 2346; x_wconf 90' lang='lat' dir='ltr'>sicet</span> <span class='ocrx_word' id='word_1_496' title='bbox 1331 2321 1551 2357; x_wconf 88' lang='lat' dir='ltr'>quaecumque</span> <span class='ocrx_word' id='word_1_497' title='bbox 1574 2321 1726 2355; x_wconf 78' lang='lat' dir='ltr'>personae</span> <span class='ocrx_word' id='word_1_498' title='bbox 1749 2309 1780 2343; x_wconf 89' lang='lat' dir='ltr'>in</span> <span class='ocrx_word' id='word_1_499' title='bbox 1797 2308 1842 2342; x_wconf 93' lang='lat' dir='ltr'>di-</span> 
     </span>
     <span class='ocr_line' id='line_1_98' title="bbox 1093 2362 1842 2400; baseline -0.003 -1"><span class='ocrx_word' id='word_1_500' title='bbox 1093 2372 1143 2399; x_wconf 89' lang='lat' dir='ltr'>cto</span> <span class='ocrx_word' id='word_1_501' title='bbox 1170 2364 1291 2400; x_wconf 91' lang='lat' dir='ltr'>Ordine</span> <span class='ocrx_word' id='word_1_502' title='bbox 1311 2364 1514 2398; x_wconf 85' lang='lat' dir='ltr'>Minimorum</span> <span class='ocrx_word' id='word_1_503' title='bbox 1545 2362 1584 2397; x_wconf 88' lang='lat' dir='ltr'>de</span> <span class='ocrx_word' id='word_1_504' title='bbox 1614 2372 1736 2398; x_wconf 90' lang='lat' dir='ltr'>caetero</span> <span class='ocrx_word' id='word_1_505' title='bbox 1759 2363 1842 2398; x_wconf 85' lang='lat' dir='ltr'>reci-</span> 
     </span>
     <span class='ocr_line' id='line_1_99' title="bbox 1095 2417 1841 2466; baseline -0.004 -12"><span class='ocrx_word' id='word_1_506' title='bbox 1095 2419 1251 2466; x_wconf 88' lang='lat' dir='ltr'>piendae,</span> <span class='ocrx_word' id='word_1_507' title='bbox 1285 2419 1315 2452; x_wconf 92' lang='lat' dir='ltr'>in</span> <span class='ocrx_word' id='word_1_508' title='bbox 1351 2430 1458 2452; x_wconf 90' lang='lat' dir='ltr'>earum</span> <span class='ocrx_word' id='word_1_509' title='bbox 1491 2418 1635 2464; x_wconf 84' lang='lat' dir='ltr'>ingressu</span> <span class='ocrx_word' id='word_1_510' title='bbox 1671 2417 1841 2464; x_wconf 88' lang='lat' dir='ltr'>plenariam</span> 
     </span>
     <span class='ocr_line' id='line_1_100' title="bbox 1094 2472 1844 2520; baseline -0.001 -13"><span class='ocrx_word' id='word_1_511' title='bbox 1094 2473 1235 2507; x_wconf 88' lang='lat' dir='ltr'>omnium</span> <span class='ocrx_word' id='word_1_512' title='bbox 1270 2480 1470 2520; x_wconf 88' lang='lat' dir='ltr'>peccatorum</span> <span class='ocrx_word' id='word_1_513' title='bbox 1502 2483 1632 2506; x_wconf 88' lang='lat' dir='ltr'>suorum</span> <span class='ocrx_word' id='word_1_514' title='bbox 1669 2472 1791 2506; x_wconf 81' lang='lat' dir='ltr'>reniam</span> <span class='ocrx_word' id='word_1_515' title='bbox 1814 2481 1844 2506; x_wconf 88' lang='lat' dir='ltr'>et</span> 
     </span>
     <span class='ocr_line' id='line_1_101' title="bbox 1095 2525 1844 2574; baseline -0.004 -12"><span class='ocrx_word' id='word_1_516' title='bbox 1095 2527 1322 2574; x_wconf 81' lang='lat' dir='ltr'>indulgentiam</span> <span class='ocrx_word' id='word_1_517' title='bbox 1346 2526 1507 2574; x_wconf 88' lang='lat' dir='ltr'>consequi:</span> <span class='ocrx_word' id='word_1_518' title='bbox 1523 2539 1558 2561; x_wconf 88' lang='lat' dir='ltr'>ac</span> <span class='ocrx_word' id='word_1_519' title='bbox 1573 2526 1744 2573; x_wconf 87' lang='lat' dir='ltr'>quinquies</span> <span class='ocrx_word' id='word_1_520' title='bbox 1763 2525 1844 2560; x_wconf 89' lang='lat' dir='ltr'>Ora-</span> 
     </span>
     <span class='ocr_line' id='line_1_102' title="bbox 1095 2580 1843 2617; baseline -0.004 0"><span class='ocrx_word' id='word_1_521' title='bbox 1095 2583 1211 2617; x_wconf 86' lang='lat' dir='ltr'>tionem</span> <span class='ocrx_word' id='word_1_522' title='bbox 1231 2581 1429 2616; x_wconf 87' lang='lat' dir='ltr'>Dominicam</span> <span class='ocrx_word' id='word_1_523' title='bbox 1452 2591 1482 2617; x_wconf 86' lang='lat' dir='ltr'>et</span> <span class='ocrx_word' id='word_1_524' title='bbox 1507 2581 1598 2616; x_wconf 87' lang='lat' dir='ltr'>toties</span> <span class='ocrx_word' id='word_1_525' title='bbox 1616 2580 1843 2615; x_wconf 83' lang='lat' dir='ltr'>Salutationem</span> 
     </span>
     <span class='ocr_line' id='line_1_103' title="bbox 1095 2634 1845 2684; baseline -0.003 -12"><span class='ocrx_word' id='word_1_526' title='bbox 1095 2637 1277 2684; x_wconf 71' lang='lat' dir='ltr'>Angelicam</span> <span class='ocrx_word' id='word_1_527' title='bbox 1313 2635 1484 2674; x_wconf 72' lang='lat' dir='ltr'>recitando,</span> <span class='ocrx_word' id='word_1_528' title='bbox 1514 2648 1624 2670; x_wconf 78' lang='lat' dir='ltr'>omncs</span> <span class='ocrx_word' id='word_1_529' title='bbox 1647 2647 1681 2669; x_wconf 86' lang='lat' dir='ltr'>ac</span> <span class='ocrx_word' id='word_1_530' title='bbox 1703 2634 1845 2682; x_wconf 72' lang='lat' dir='ltr'>singulas</span> 
     </span>
    </p>
   </div>
   <div class='ocr_carea' id='block_1_16' title="bbox 1851 244 2030 270">
    <p class='ocr_par' dir='ltr' id='par_1_21' title="bbox 1851 244 2030 270">
     <span class='ocr_line' id='line_1_104' title="bbox 1851 244 2030 270; baseline 0 -2"><span class='ocrx_word' id='word_1_531' title='bbox 1851 244 1899 269; x_wconf 72' lang='grc' dir='ltr'>Αῐι.</span> <span class='ocrx_word' id='word_1_532' title='bbox 1918 244 1945 269; x_wconf 83' lang='lat' dir='ltr'>C.</span> <span class='ocrx_word' id='word_1_533' title='bbox 1967 245 2030 270; x_wconf 65' lang='grc' dir='ltr'>131,Ὶῖ</span> 
     </span>
    </p>
   </div>
   <div class='ocr_carea' id='block_1_17' title="bbox 1089 855 2035 929">
    <p class='ocr_par' dir='ltr' id='par_1_22' title="bbox 1089 855 2035 929">
     <span class='ocr_line' id='line_1_105' title="bbox 1859 855 2033 874; baseline -0.006 0"><span class='ocrx_word' id='word_1_534' title='bbox 1859 855 2033 874; x_wconf 46' lang='grc' dir='ltr'>(Ῐ&lt;’·.ι(1ιιίιιι“.5λΑ</span> 
     </span>
     <span class='ocr_line' id='line_1_106' title="bbox 1089 892 2035 929; baseline -0.003 -1"><span class='ocrx_word' id='word_1_535' title='bbox 1089 906 1198 929; x_wconf 63' lang='lat' dir='ltr'>torum</span> <span class='ocrx_word' id='word_1_536' title='bbox 1222 894 1364 929; x_wconf 86' lang='lat' dir='ltr'>ecclesiis</span> <span class='ocrx_word' id='word_1_537' title='bbox 1396 893 1586 927; x_wconf 84' lang='lat' dir='ltr'>constructis</span> <span class='ocrx_word' id='word_1_538' title='bbox 1612 902 1641 928; x_wconf 92' lang='lat' dir='ltr'>et</span> <span class='ocrx_word' id='word_1_539' title='bbox 1672 901 1838 928; x_wconf 84' lang='lat' dir='ltr'>costruen-</span> <span class='ocrx_word' id='word_1_540' title='bbox 1866 893 1928 906; x_wconf 71' lang='lat'>‘&#39;¹¹⁴¹&#39;³&#39;</span> <span class='ocrx_word' id='word_1_541' title='bbox 1949 894 1959 904; x_wconf 82' lang='lat'>‘¹</span> <span class='ocrx_word' id='word_1_542' title='bbox 1975 892 1998 904; x_wconf 73' lang='lat'>&#39;‘&#39;&#39;</span> <span class='ocrx_word' id='word_1_543' title='bbox 2018 892 2035 904; x_wconf 63' lang='lat'>¹*</span> 
     </span>
    </p>
   </div>
   <div class='ocr_carea' id='block_1_18' title="bbox 1852 916 2034 942">
    <p class='ocr_par' dir='ltr' id='par_1_23' title="bbox 1852 916 2034 942">
     <span class='ocr_line' id='line_1_107' title="bbox 1852 916 2034 942; baseline -0.011 -5"><span class='ocrx_word' id='word_1_544' title='bbox 1852 921 1881 937; x_wconf 85' lang='lat' dir='ltr'>str</span> <span class='ocrx_word' id='word_1_545' title='bbox 1874 924 1912 937; x_wconf 76' lang='lat' dir='ltr'>rari</span> <span class='ocrx_word' id='word_1_546' title='bbox 1929 916 2034 942; x_wconf 50' lang='lat' dir='ltr'>uitatem-u</span> 
     </span>
    </p>
   </div>
   <div class='ocr_carea' id='block_1_19' title="bbox 1883 1200 2035 1224">
    <p class='ocr_par' dir='ltr' id='par_1_24' title="bbox 1883 1200 2035 1224">
     <span class='ocr_line' id='line_1_108' title="bbox 1883 1200 2035 1224; baseline -0.007 -5"><span class='ocrx_word' id='word_1_547' title='bbox 1883 1200 2035 1224; x_wconf 48' lang='lat' dir='ltr'>howtatr&#39;qu‘?</span> 
     </span>
    </p>
   </div>
   <div class='ocr_carea' id='block_1_20' title="bbox 1862 1794 2038 1814">
    <p class='ocr_par' dir='ltr' id='par_1_25' title="bbox 1862 1794 2038 1814">
     <span class='ocr_line' id='line_1_109' title="bbox 1862 1794 2038 1814; baseline -0.011 0"><span class='ocrx_word' id='word_1_548' title='bbox 1862 1795 1979 1814; x_wconf 51' lang='lat' dir='ltr'>tntum-2111.</span> <span class='ocrx_word' id='word_1_549' title='bbox 1996 1794 2038 1813; x_wconf 64' lang='lat' dir='ltr'>trv-</span> 
     </span>
    </p>
   </div>
   <div class='ocr_carea' id='block_1_21' title="bbox 1091 1827 2017 1883">
    <p class='ocr_par' dir='ltr' id='par_1_26' title="bbox 1091 1827 2017 1883">
     <span class='ocr_line' id='line_1_110' title="bbox 1091 1827 2017 1883; baseline -0.003 -9"><span class='ocrx_word' id='word_1_550' title='bbox 1091 1839 1212 1883; x_wconf 86' lang='lat' dir='ltr'>fratres,</span> <span class='ocrx_word' id='word_1_551' title='bbox 1235 1851 1359 1874; x_wconf 87' lang='lat' dir='ltr'>sorores</span> <span class='ocrx_word' id='word_1_552' title='bbox 1381 1847 1411 1872; x_wconf 86' lang='lat' dir='ltr'>et</span> <span class='ocrx_word' id='word_1_553' title='bbox 1433 1838 1542 1882; x_wconf 88' lang='lat' dir='ltr'>oblati,</span> <span class='ocrx_word' id='word_1_554' title='bbox 1570 1850 1691 1872; x_wconf 87' lang='lat' dir='ltr'>necnon</span> <span class='ocrx_word' id='word_1_555' title='bbox 1719 1838 1841 1873; x_wconf 89' lang='lat' dir='ltr'>utrius·</span> <span class='ocrx_word' id='word_1_556' title='bbox 1856 1827 2017 1877; x_wconf 55' lang='lat' dir='ltr'>¹.,&#39;.b„⁰]f&#39;.¹&#39;‘&#39;,¹¹&#39;&#39;</span> 
     </span>
    </p>
   </div>
   <div class='ocr_carea' id='block_1_22' title="bbox 1857 1890 1969 1915">
    <p class='ocr_par' dir='ltr' id='par_1_27' title="bbox 1857 1890 1969 1915">
     <span class='ocr_line' id='line_1_111' title="bbox 1857 1890 1969 1915; baseline -0.018 -6"><span class='ocrx_word' id='word_1_557' title='bbox 1857 1890 1969 1915; x_wconf 56' lang='lat' dir='ltr'>rlargrtui;</span> 
     </span>
    </p>
   </div>
  </div>
 </body>
</html>
