2281 3251
105 264 154 289 An.
172 265 200 289 C.
220 263 285 288 1505

133 1313 263 1335 Prooemium.

950 261 1055 282 lL'LU'S
1078 261 1099 281 ΙΙ
1124 260 1170 281 Ph}

630 314 710 348 Vlll.

301 390 414 423 Contra
436 388 602 421 homicidas
623 394 649 420 el
670 388 748 420 alios
775 388 946 432 capitaliter
969 389 1045 421 ban-

349 439 445 481 nitos,
471 444 524 471 ant
551 438 609 470 sibi
630 438 675 470 ius
702 438 840 475 dicentes,
862 445 914 471 aut
941 439 1046 470 cat-nl-

348 495 448 520 calam
468 488 607 531 facientes
633 493 698 524 etc„
732 499 891 531 eorumque
912 494 1046 531 recepta-

350 544 425 570 tores
451 544 476 570 ec
496 537 643 581 fautores.

565 605 778 636 sommium!

303 669 488 699 l'rooemium.
510 686 548 691 —
576 669 600 698 1.
621 668 690 698 Pius
715 668 735 697 ll
759 673 857 697 contra
886 668 1047 698 homicidas

340 714 431 744 edidit
449 714 571 743 bullam.
587 731 624 735 —
642 714 668 742 2.
688 713 785 742 sixtus
802 713 835 742 lV
856 722 919 742 eam
939 714 1047 742 contir—

341 759 524 788 mavit.—3.
551 758 599 787 ttic
619 758 749 787 Pontifex
771 758 836 786 illas
860 758 985 794 innovat,
1012 775 1050 779 -

340 804 368 833 »ιι
390 802 582 841 Extenditque
610 803 643 831 ad
668 812 870 841 quoscumque
903 802 976 831 alios
1005 812 1050 831 ca-

342 848 467 886 pitaliter
497 847 716 880 eondcninatos;
738 864 776 868 —
806 847 832 875 ἶ).
862 846 1048 884 Ιὶθυθρῑιιῑιο-

342 901 407 920 nem
435 891 604 920 corumdem
628 895 655 919 et
681 890 807 919 savorem
838 890 991 928 prohibet,
1013 906 1052 911 —

342 937 368 964 ι’).
397 934 690 965 Contravcnicntibus
721 943 830 973 poenas
863 935 986 971 inssig‘n3
1013 951 1051 955 —

343 980 368 1008 7.
392 979 604 1009 Revelationciu
630 979 781 1018 praecipit,
811 995 849 1000 —
871 979 897 1008 8.
926 978 1051 1008 Obstan-

344 1024 421 1053 tibus
450 1024 577 1061 derogat.
606 1040 645 1045 —
674 1025 700 1053 O.
734 1023 895 1052 I'ublicatio
925 1022 1051 1052 huiusce

343 1068 569 1099 constitutionis.

377 1140 460 1169 lulius
479 1140 618 1176 episcopus
638 1146 732 1168 servus
751 1146 891 1168 servorum
909 1139 971 1172 Dei,

439 1190 472 1218 ad
500 1191 663 1226 perpetuam
681 1189 722 1218 rei
751 1189 918 1217 memoriam.

356 1256 438 1291 Cum
453 1256 597 1291 homines
609 1269 642 1291 se
657 1257 802 1299 invicem,
813 1264 966 1303 quantun]
987 1269 1052 1303 pos-

306 1315 390 1346 sunt,
419 1306 538 1340 ratione
573 1315 602 1340 et
637 1306 751 1340 auxilio
779 1306 881 1340 fovere
908 1306 1053 1345 debeant,

307 1356 377 1391 ideo
390 1355 457 1390 Deo
479 1363 509 1390 et
527 1355 707 1390 bominibus
733 1355 959 1390 abominabiles
987 1368 1054 1390 esse

306 1406 388 1440 viros
403 1405 590 1459 sanguinum
614 1405 721 1440 avidos
741 1405 892 1452 propheta
907 1413 1054 1460 testatur,

306 1454 552 1495 necimmerito·
575 1454 812 1489 cumliorrenda
832 1455 970 1499 saevitia,
993 1467 1053 1489 non

307 1504 407 1539 solum
427 1516 605 1559 corporum,
621 1504 674 1539 sed
692 1505 782 1539 etiam
803 1505 975 1539 animarum
995 1517 1055 1539 eo-

308 1567 390 1598 rum,
402 1566 480 1599 quos
492 1554 685 1597 interimunt,
698 1554 722 1587 si
737 1566 798 1587 non
813 1554 874 1588 sint
889 1555 983 1588 armis
999 1554 1055 1601 spi-

309 1603 484 1643 ritualibus,
499 1603 602 1637 divina
619 1604 957 1650 praevenietitessiatia,
972 1616 1056 1651 prae-

309 1653 434 1689 muniti,
457 1661 587 1687 mortem
617 1665 781 1699 procurare
806 1661 984 1697 noscantur,
1002 1666 1056 1700 pro

308 1702 425 1750 quibus
434 1701 590 1736 Dominus
604 1710 709 1736 noster
719 1702 807 1736 lesus
819 1702 966 1737 Christus
978 1716 1058 1736 mor-

309 1761 370 1787 tem
389 1751 485 1786 subiit
508 1752 724 1798 temporalem.
745 1751 793 1785 Ad
822 1753 1056 1799 reprimendum

308 1802 402 1848 igitur
433 1800 539 1835 talium
567 1810 697 1835 conatus
725 1800 859 1835 nefarios
888 1802 1056 1848 plurimum

307 1852 448 1886 conferre
476 1850 662 1885 arbitrantes
696 1863 766 1891 eos,
793 1852 846 1898 qui
875 1852 1054 1886 huiusmodi

307 1901 490 1936 detestabile
504 1900 608 1935 scelus
623 1910 742 1947 patrare
757 1913 819 1935 non
835 1910 1058 1948 expavescunt,

311 1951 426 1986 iustitia
448 1950 570 1997 punire,
586 1960 617 1985 et
632 1951 795 1998 cupientes
811 1951 886 1986 latas
909 1963 964 1998 pro
981 1960 1058 1985 tem-

310 2014 384 2048 pore
415 2009 521 2035 contra
550 2013 604 2036 eos
629 2001 911 2036 condemnationes
937 2001 1059 2035 debitae

310 2052 485 2088 executioni
508 2051 702 2091 demandari,
719 2064 752 2086 ea
769 2064 859 2098 quae,
880 2064 934 2097 pro
950 2052 1058 2086 talium

310 2102 608 2138 condemnationnm
632 2102 760 2136 faciliori
775 2103 959 2136 executione
973 2110 1002 2136 et
1016 2102 1060 2136 si-

311 2153 464 2187 cariorum
480 2152 660 2186 huiusmodi
685 2151 914 2198 persecutione,
937 2164 953 2186 a
970 2163 1060 2198 prae-

312 2202 531 2237 decessoribus
544 2202 659 2236 nostris
673 2201 798 2248 provide
818 2209 1014 2244 emanarunt,
1030 2210 1059 2235 ut

312 2264 348 2286 eo
361 2252 479 2286 firmius
494 2252 713 2288 observentur,
728 2264 791 2298 quo
806 2250 922 2285 suerint
934 2252 1061 2297 saepius

312 2302 483 2348 apostolica
505 2302 687 2337 auctoritate
702 2302 833 2345 munita,
851 2300 984 2336 libenter
998 2313 1060 2346 ap—

315 2352 492 2398 probantes,
514 2352 690 2386 munimine
717 2352 914 2392 roboramus3
941 2363 977 2385 ac
1003 2350 1059 2384 alia

315 2414 369 2449 pro
396 2402 491 2437 Urbis
522 2411 645 2437 nostrae
673 2411 703 2436 et
734 2402 864 2436 aliarum
888 2401 1060 2445 civitatum,

314 2461 465 2487 terrarum
489 2460 519 2486 et
542 2452 772 2499 provinciarum
796 2452 888 2486 nobis
903 2451 1061 2486 subiecta-

314 2514 395 2546 rum,
416 2513 536 2536 necnon
557 2502 671 2537 civium
689 2510 718 2537 et
742 2502 912 2536 incolarum
935 2513 1061 2535 eorum-

314 2551 385 2586 dem
400 2552 586 2592 commodo,
612 2564 684 2598 pace
706 2561 735 2586 et
757 2552 979 2598 tranquillitate
1001 2551 1061 2585 de-

314 2613 409 2647 super
429 2602 606 2642 statuimus,
630 2610 720 2648 prout
735 2602 763 2635 in
778 2602 913 2636 Domino
932 2601 1062 2648 conspi-

315 2650 415 2686 cimus
441 2651 607 2687 salubriter
628 2651 787 2700 expedire.

1715 246 1786 277 415
1849 254 1899 279 Αη.
1917 254 1945 279 C
1967 254 2031 279 ιῑῑιιι)

1135 318 1149 354 ,ξ
1180 317 1206 347 t.
1238 312 1365 347 Dudum
1389 311 1544 359 siquidem
1569 322 1623 358 per
1642 308 1691 344 sel.
1713 308 1832 344 record.
1849 313 1909 365 1Ρ1111ἱ
1907 313 1990 396 ¹¹5¹*
1993 318 2032 365 'am

1088 363 1177 397 l‘iinn
1208 363 1322 410 Papam
1351 374 1383 397 5(
1375 361 1538 401 cundum
1562 359 1833 408 praedecessorem
1850 379 1875 397 1..
1893 378 1954 397 nun.
1986 351 2029 365 ‘¹

1089 423 1241 452 nostiQuni
1257 420 1384 467 'accepto
1398 411 1494 465 quod,
1511 424 1525 444 ιι
1543 423 1576 445 c(
1581 410 1635 444 rtis
1657 421 1748 444 annis
1763 416 1836 442 tunc

1088 462 1200 508 cilipsis
1215 463 1302 503 citri,i
1331 462 1360 496 in
1385 461 1486 503 uiris,
1508 460 1583 494 locis
1605 468 1634 494 et
1656 458 1836 493 tenimentis

1089 512 1126 546 R.
1143 512 1301 545 Ecclesiae
1320 511 1450 545 mediate
1462 510 1507 543 vel
1525 509 1704 543 immediate
1715 507 1837 542 subiec-

1090 562 1128 595 tis
1140 561 1324 608 quamplura
1340 560 1432 595 etiam
1447 571 1484 594 ex
1501 558 1621 593 levibus
1638 557 1740 592 causis
1754 567 1837 591 com-

1089 611 1182 644 missa
1199 607 1706 656 cssereperiebanturhomicidia,
1714 614 1767 640 etc.
1777 608 1834 649 (t)

1139 667 1154 703 ᾗ
1177 662 1209 693 2.
1235 660 1272 693 Ει
1295 659 1408 694 deinde
1443 659 1512 706 piae
1535 669 1703 692 memoriae
1730 656 1838 690 Sixtus
1866 669 1885 688 5
1890 672 1934 688 wi,
1948 667 1975 687 iv
1991 673 2036 687 um

1093 710 1172 756 Papa
1202 688 1254 751 lV,
1282 709 1373 747 etiam
1404 707 1625 755 praedeeessor
1643 715 1760 749 noster
1782 708 1862 741 ac-
1881 704 1952 721 ''¹³¹¹‘”
1957 703 1989 719 ¹¹

1092 767 1182 805 cepto
1212 771 1265 805 por
1288 771 1360 792 eum
1384 757 1498 805 quod
1492 770 1521 791 in
1550 769 1651 804 ipsius
1672 756 1720 791 Pii
1745 768 1839 801 prae-

1092 809 1266 843 decessoris
1289 807 1386 842 literis
1407 814 1574 847 contenta,
1598 818 1613 839 a
1636 805 1729 840 cenis
1750 805 1840 840 annis

1093 866 1168 892 tunc
1178 857 1291 904 elapsis
1305 858 1392 897 citra,
1407 869 1467 890 non
1482 855 1771 890 fuerantobservata
1785 864 1839 891 etc

1094 915 1186 954 prout
1208 920 1236 940 ιιι
1253 906 1385 952 singulis
1408 906 1506 940 literis
1529 905 1695 952 praedictis
1718 904 1842 951 plenius

1093 957 1282 991 continetur.

1142 1005 1161 1052 ἓ
1185 1008 1216 1039 5.
1245 1006 1324 1039 Cum
1345 1015 1449 1039 autem
1467 1013 1606 1050 tempore
1619 1003 1843 1049 assumptionis

1094 1064 1216 1090 nostrae
1232 1054 1268 1089 ad
1286 1055 1401 1089 summi
1413 1054 1605 1100 apostolatus
1620 1052 1754 1108 apicem,
1771 1065 1843 1099 ριο-

1096 1113 1197 1152 pter¹
1184 1116 1326 1147 guerras,
1349 1104 1465 1150 quibus
1487 1115 1547 1137 non
1564 1102 1666 1137 solum
1691 1103 1843 1145 civitates,

1096 1163 1193 1188 terrae
1218 1162 1248 1188 et
1281 1153 1346 1188 loca
1376 1153 1538 1200 temporali
1562 1152 1702 1187 dominio
1737 1131 1843 1186 eideni

1094 1204 1255 1238 Romanae
1269 1203 1430 1238 Ecclesiae
1441 1202 1592 1243 subiecta,
1608 1201 1663 1236 sed
1675 1202 1766 1236 etiam
1783 1209 1843 1235 tota

1095 1253 1313 1299 Italia0deceni
1336 1252 1400 1287 sere
1427 1252 1528 1291 annis,
1551 1263 1665 1298 niagno
1686 1263 1759 1285 cum
1782 1263 1846 1285 om-

1097 1303 1181 1336 nium
1195 1302 1223 1336 in
1240 1303 1286 1337 eis
1296 1302 1503 1337 habitantium
1517 1300 1728 1345 incommodo,
1739 1308 1845 1335 vexata

1096 1352 1240 1395 suerunt,
1271 1352 1300 1386 in
1334 1351 1452 1386 eisdem
1476 1350 1672 1390 civitatibus,
1705 1350 1795 1384 terris
1816 1359 1844 1383 ct

1097 1403 1186 1445 locis,
1210 1403 1392 1448 praesertim
1410 1402 1439 1435 in
1455 1400 1539 1435 Urbe
1562 1409 1679 1445 nostra,
1701 1399 1846 1434 intestina
1878 1426 1881 1430 ,

1097 1464 1131 1486 ac
1153 1452 1300 1485 diuturna
1329 1451 1397 1485 odia
1427 1459 1455 1486 et
1478 1450 1650 1484 discordias
1676 1449 1848 1496 civilesque

1097 1501 1310 1535 dissensiones
1338 1501 1452 1547 vigere,
1479 1511 1514 1534 ac
1540 1498 1638 1540 furta,
1673 1499 1848 1541 latrocinia,

1097 1550 1266 1585 homicidia
1283 1551 1397 1597 passim
1409 1550 1579 1597 perpetrari
1596 1548 1848 1594 cognoverimus,

1100 1609 1202 1634 mente
1220 1600 1414 1634 revolventes
1431 1599 1600 1646 praefatum
1614 1598 1750 1636 Sixtum.
1765 1610 1848 1644 prae·

1098 1650 1296 1684 decessorem
1310 1659 1340 1684 et
1354 1648 1544 1684 avunculum
1557 1656 1710 1688 nostrum,
1724 1649 1775 1695 qui
1792 1659 1849 1682 nos

1099 1700 1136 1733 ad
1164 1698 1370 1733 cardinalatus
1397 1699 1547 1734 honorem
1567 1698 1679 1743 evexit,
1700 1697 1738 1732 ad
1754 1697 1851 1732 deco—

1871 1011 1906 1031 lln-
1923 1010 1998 1031 Pontii.
2014 1011 2041 1031 ll-

1857 1043 1886 1063 tas
1903 1044 1997 1067 innovat.

1094 1761 1163 1783 -rem
1186 1757 1216 1783 et
1231 1757 1424 1783 venustatem
1447 1748 1543 1783 Urbis
1561 1747 1738 1794 praedictae
1760 1755 1791 1782 et
1811 1746 1849 1780 il-

1101 1799 1161 1832 lius
1183 1807 1360 1845 temporum
1380 1801 1425 1842 (2)
1442 1798 1714 1841 restaurationem,
1730 1809 1764 1831 ac
1780 1808 1851 1843 per-

1101 1860 1247 1882 sonarum
1271 1848 1411 1882 eiusdem
1428 1847 1534 1887 Urbis,
1548 1859 1584 1881 ac
1597 1848 1727 1882 aliarum
1743 1846 1851 1881 civita<

1102 1906 1167 1932 tum
1186 1907 1213 1932 et
1235 1898 1374 1932 locorum
1391 1897 1493 1932 eidem
1515 1896 1676 1932 Romanae
1688 1895 1850 1930 Ecclesia‹¹

1101 1947 1315 1982 subiectorum
1338 1946 1502 1982 commoda
1524 1946 1624 1982 aciem
1647 1958 1722 1981 suae
1748 1945 1852 1980 consi—

1101 1997 1271 2032 derationis
1294 1997 1483 2039 extendisse,
1507 1996 1592 2031 illius
1608 1995 1757 2047 *exemplo
1781 2007 1852 2042 pro-

1101 2048 1190 2087 moti,
1212 2048 1352 2081 animuin
1369 2047 1407 2081 ad
1429 2038 1614 2081 sedandum
1627 2044 1801 2081 discordias
1823 2053 1852 2079 et

1101 2098 1183 2141 odia,
1213 2106 1273 2131 tam
1302 2098 1330 2130 in
1359 2096 1442 2131 dicta
1471 2095 1566 2140 Urbe,
1589 2108 1683 2143 quam
1719 2094 1748 2128 in
1783 2094 1853 2129 aliis

1102 2148 1290 2191 civitatibus,
1313 2148 1404 2181 terris
1426 2154 1456 2181 et
1472 2146 1547 2180 locis
1568 2145 1668 2180 dictae
1691 2144 1853 2180 Ecclesiae

1102 2197 1265 2241 subiectis,
1281 2197 1318 2231 ad
1339 2196 1521 2230 lii-mandam
1542 2203 1726 2251 perpetuam
1742 2206 1851 2249 pacem

1102 2257 1131 2282 et
1159 2247 1296 2301 quietem
1314 2274 1323 2290 ,
1351 2259 1411 2280 non
1440 2246 1508 2280 sine
1532 2245 1676 2295 maximis
1699 2244 1793 2279 animi
1822 2253 1852 2278 et

1102 2310 1242 2343 corporis
1263 2296 1415 2330 molestiis
1429 2304 1457 2330 et
1473 2292 1570 2340 curis,
1582 2307 1639 2342 pro
1653 2294 1852 2329 subditorum

1104 2356 1280 2382 nostrorum
1304 2345 1477 2380 commodis
1499 2345 1737 2391 applicavimus,
1761 2343 1853 2391 idque

1103 2397 1289 2452 opportunis
1313 2396 1389 2430 iuris
1411 2394 1557 2430 remediis
1578 2395 1664 2429 omni
1686 2393 1790 2428 studio
1806 2393 1854 2427 es-

1103 2448 1195 2482 ficere
1209 2447 1368 2493 cupiinns
1383 2445 1494 2479 Habita
1512 2445 1607 2491 igitur
1617 2456 1714 2491 super
1729 2443 1766 2477 iis
1779 2455 1849 2477 cum

1103 2497 1251 2531 fratribus
1268 2495 1381 2529 nostris
1402 2494 1436 2529 S.
1452 2494 1490 2528 R.
1507 2494 1545 2528 Ε.
1569 2492 1780 2528 cardinalibus
1795 2492 1851 2526 de

1104 2546 1286 2581 liberatione
1311 2553 1427 2578 matura
1448 2552 1478 2578 et
1499 2544 1536 2578 de
1565 2543 1687 2577 illorum
1709 2542 1851 2578 consilio

1138 2622 1176 2656 (l)
1193 2622 1299 2647 Caetera
1318 2620 1402 2654 legere
1418 2623 1458 2646 est
1475 2620 1499 2645 in
1510 2619 1621 2645 Constit.
1635 2626 1674 2644 νιι
1686 2618 1722 2644 Pii
1739 2617 1772 2651 tt,
1793 2625 1852 2653 pag.

1106 2663 1165 2689 156.
1203 2662 1243 2697 (⁸2)
1261 2662 1382 2696 tegimus
1400 2663 1558 2694 templorum
1575 2660 1614 2695 (ιι.
1631 2659 1681 2694 τ.).
