2281 3251
233 248 282 275 Αιι.
300 248 328 275 C.
351 247 417 275 ¹5¹2

242 359 264 379 ht
274 365 319 380 eiu·
322 360 367 380 dem
377 360 417 380 ob-

233 396 267 410 ser
270 392 326 411 unii
322 397 353 411 ne
380 397 416 412 ιο-

231 422 289 446 gular
293 438 296 441 .
314 429 338 442 υιι
336 426 370 441 ιι.
374 426 393 441 ι·-
397 428 415 442 ιιι

233 453 265 473 utu
261 459 308 480 tque
334 461 355 473 >e
360 460 394 474 ru
397 454 413 474 rl

232 486 346 511 μιιεσιριις

241 1251 358 1272 Cnnouicos
373 1256 411 1272 ve—

228 1289 262 1303 ros
273 1289 309 1303 eos
320 1288 367 1303 esse
378 1284 412 1304 de-

230 1314 303 1336 clarat:

232 2379 329 2407 Priwileg.
341 2383 362 2402 et
373 2382 408 2402 im·

226 2415 338 2433 munitates
354 2414 407 2434 alio-

226 2451 269 2464 ιιιιιι
279 2444 351 2465 Oritur.
360 2445 407 2465 huic

225 2482 323 2502 congreg.
350 2476 408 2497 ιἸιι-

226 2511 286 2532 phu}

481 238 552 272 518
1009 247 1195 270 nummosi
1225 247 1385 270 uomxffl

479 308 494 349 ἓ
515 307 549 338 4.
572 302 717 350 Insuper,
739 302 833 338 etiam
850 302 928 336 ultra
946 301 1103 348 praedicta
1121 302 1181 349 pri-

431 354 541 401 vilegia
557 353 657 388 eidem
680 351 928 398 congregationi
946 359 977 386 ιιι
995 351 1178 399 praefertur,

429 415 601 442 concessa,
637 402 694 437 liac
730 410 880 449 perpetua
908 409 937 436 et
973 400 1178 447 irrefragabili

428 453 671 491 constitutione,
694 459 780 486 motu
809 460 838 486 et
866 450 997 485 scientia
1024 450 1179 485 similibus

427 503 588 538 sancimus
621 501 705 548 quod
730 513 842 535 omncs
874 508 903 534 et
931 500 1047 547 singuli
1077 500 1179 535 dictat

427 551 682 598 congregationis
709 551 866 593 canonici,
893 550 1079 584 Ordinem
1073 563 1177 598 ipsum

426 602 571 651 professi,
595 609 776 656 praesentes
798 609 828 635 et
850 600 956 639 futuri,
984 600 1127 647 quamvis
1149 614 1178 634 ιιι

426 652 558 687 diversis
573 650 771 686 monasteriis
790 650 855 686 site
877 650 954 685 locis
968 663 1023 697 pro
1037 658 1179 698 ιειιιροιι

426 709 585 745 maneant,
605 713 703 735 unum
729 708 832 735 tamen
849 712 966 748 corpus
979 708 1009 735 et
1025 713 1085 736 una
1102 712 1179 735 cou-

426 751 567 798 gregatio
589 751 747 795 existant,
769 762 805 785 ac
831 750 892 785 sub
921 762 980 785 una
1004 751 1180 799 eademqu

426 801 496 847 lege
517 809 610 848 atque
644 800 860 835 observantiae
887 800 1038 846 regularis
1060 802 1179 835 ιιιιίιιιιιι

428 862 616 897 morumque
639 850 875 890 conformitate,
903 849 1021 885 eisdem
1058 853 1180 886 consti-

427 900 614 941 tutionibus,
632 899 814 947 privilegiis,
828 899 1179 956 ordinationibus,c0n-

426 949 652 985 suetudinibus
686 958 716 984 et
747 950 871 985 statutis
905 949 1025 994 ιίιιιιιι,
1049 950 1178 998 ipsaque

426 999 639 1046 congregatio,
655 999 694 1033 ab
705 998 891 1054 'Apostolica
906 999 990 1035 Sede
1008 977 1086 1035 tiltra
1102 1013 1180 1035 cen-

427 1057 492 1084 tum
517 1061 617 1084 annos
639 1049 781 1084 instituta
803 1058 833 1085 et
856 1050 969 1084 merito
993 1051 1106 1085 totiens
1121 1063 1179 1098 ap-

427 1098 568 1147 probata,
585 1099 623 1133 ab
640 1099 795 1134 unitersis
817 1099 1094 1135 christifidelibus
1088 1113 1118 1135 ιιι
1135 1113 1180 1135 rc-

427 1149 564 1184 verentia
584 1157 615 1183 et
637 1148 805 1184 devotione
829 1149 990 1184 habeatnr.

475 1203 490 1242 ἓ
514 1203 545 1234 5.
575 1198 789 1234 Decernentes
809 1207 840 1233 ut
856 1199 1003 1234 omnibus
1025 1207 1055 1234 et
1069 1199 1180 1246 singu-

426 1247 465 1284 lis
487 1248 743 1295 praeeminentiis‚
765 1248 857 1284 etiam
882 1249 912 1283 in
941 1248 1076 1296 publicis
1098 1250 1178 1284 aeti-

426 1297 486 1333 bus
512 1310 546 1333 ac
563 1298 734 1346 privilegiis
755 1307 786 1333 et
801 1298 920 1343 gratiis,
943 1311 999 1345 pro
1021 1299 1104 1334 veris
1125 1312 1178 1334 ca-

427 1348 549 1384 nonicis
571 1347 768 1395 regularibus
789 1348 920 1383 Ordinis
946 1358 976 1383 et
1005 1361 1179 1395 congrega-

426 1398 519 1433 tionis
542 1398 774 1445 praedictorum
795 1397 969 1433 habeantur
981 1406 1011 1433 et
1033 1407 1178 1446 reputen-

425 1456 496 1489 tur,
525 1456 616 1494 prout
644 1448 796 1483 bactenus
823 1448 964 1487 suerunt,
994 1448 1178 1483 auctoritate

423 1498 594 1545 apostolica
610 1506 639 1533 et
652 1510 690 1532 ex
708 1505 791 1532 certa
802 1498 944 1540 scientia,
964 1506 1071 1533 tenore
1085 1511 1178 1546 prae-

422 1547 559 1583 sentium
595 1547 749 1583 babemus
771 1555 799 1582 ct
822 1547 1029 1590 declaramus;
1054 1547 1157 1583 mand
1152 1564 1180 1582 ι-

423 1609 556 1653 musque
583 1609 858 1646 quorumcumque
885 1598 1026 1633 locorum
1051 1597 1178 1633 dioece—

423 1647 507 1682 sanis
542 1656 576 1682 ut
597 1660 651 1683 eos
674 1660 730 1695 pro
746 1647 887 1682 talibus
882 1661 911 1682 ιιι
929 1648 1021 1683 dictis
1043 1648 1178 1695 singulis

423 1697 559 1745 publicis
582 1706 610 1732 et
629 1697 699 1733 aliis
721 1698 844 1733 actibus
865 1699 984 1734 censeri
1007 1698 1122 1734 faciant
1143 1711 1178 1734 ac

423 1746 517 1782 etiam
535 1748 684 1795 reputari.
699 1747 764 1783 Nos
780 1748 865 1783 enim
878 1760 944 1790 eos,
961 1756 995 1783 ut
1007 1749 1178 1785 existentes

425 1809 515 1832 veros
547 1806 577 1833 et
606 1797 798 1833 indubitatos
819 1798 989 1834 canonicos
1018 1799 1177 1846 regulares

423 1846 552 1882 Ordinis
578 1847 763 1895 praelibati,
794 1847 909 1895 quibus
936 1860 952 1883 a
985 1848 1068 1884 dicta
1094 1848 1177 1884 Sede

422 1896 605 1945 Apostolica
627 1897 802 1945 scapulare,
824 1897 908 1945 quod
939 1898 1062 1945 insigne
1084 1898 1176 1934 clau-

423 1946 563 1982 stralium
586 1955 645 1991 est,
672 1947 858 1994 gestandum
883 1960 977 1995 super
999 1948 1127 1984 rocheto
1147 1949 1175 1983 in

423 1996 577 2043 praefatae
589 1996 840 2044 congregationis
853 1997 1043 2044 primordiis,
1057 2010 1094 2034 ex
1109 2012 1177 2046 spt-

422 2046 492 2081 ciali
512 2059 643 2082 munere
659 2055 689 2082 et
710 2046 1046 2087 devotione,donatum
1063 2049 1175 2087 extitit

423 2100 570 2136 omnibus
591 2109 621 2136 et
648 2100 780 2148 singulis
804 2102 1060 2149 praeeminentiis,
1083 2103 1174 2137 etiam

425 2155 454 2189 in
470 2155 606 2202 publicis
628 2155 750 2191 actibus
767 2168 803 2191 ac
819 2155 990 2204 privilegiis
1004 2164 1034 2191 et
1055 2158 1175 2203 gratiis,

421 2209 537 2256 quibus
554 2209 747 2258 quicumque
768 2209 819 2245 alii
848 2210 989 2245 canonici
1012 2211 1175 2258 potiuntur

424 2271 455 2299 et
482 2263 632 2312 gaudent,
659 2264 751 2312 potiri
780 2271 810 2299 ct
831 2263 969 2311 gaudere
996 2276 1173 2300 censemus.

471 2322 486 2362 ἕ
515 2320 546 2353 6.
569 2318 767 2354 Adlicientes
781 2327 953 2366 praeterea,
969 2319 1053 2366 quod
1072 2319 1110 2354 de
1128 2332 1176 2355 ct·-

423 2381 490 2408 tero
512 2385 575 2409 non
597 2373 699 2409 solum
728 2373 896 2421 praedictis
918 2373 1174 2421 praeeniinentiis,

423 2427 595 2476 privilegiis
621 2436 650 2464 et
681 2428 790 2476 gratiis
817 2427 1032 2473 decorentur,
1059 2429 1174 2476 quibus

421 2482 561 2530 gaudent
584 2483 614 2517 in
637 2484 744 2531 specie
768 2483 813 2518 vel
838 2484 867 2518 in
891 2495 1005 2531 genere
1033 2484 1172 2518 universi

422 2538 473 2573 alii
497 2537 654 2583 canonici,
667 2550 775 2573 verum
792 2539 885 2573 etiam
901 2538 1050 2573 omnibus
1063 2546 1092 2573 et
1107 2539 1174 2573 sin—

422 2593 505 2640 gulis
533 2593 806 2636 immunitatibus,
835 2593 1016 2639 favoribus,
1043 2593 1173 2630 indultis

422 2656 451 2684 et
478 2648 587 2697 gratiis
619 2648 834 2697 spiritualibus
869 2657 900 2684 et
925 2648 1172 2698 temporalibus,

1221 315 1277 350 per
1298 315 1356 337 nos
1380 302 1426 336 vel
1455 314 1509 349 per
1536 313 1755 350 quoscumque.
1789 301 1977 349 praedeces-

1221 364 1307 387 sores
1329 359 1452 386 nostros
1467 350 1627 387 Romanos
1643 351 1811 387 Pontifices
1831 350 1877 386 vel
1901 350 1978 386 alias

1221 401 1470 448 quomodolibet,
1493 414 1547 436 seu
1569 400 1685 436 Sedem
1710 401 1890 448 praelatam,
1915 408 1975 435 tam

1223 452 1359 497 praelato
1386 450 1498 485 Ordini
1535 452 1757 486 canonicorum
1782 450 1976 498 regularium

1221 500 1326 536 Sancti
1345 500 1527 547 Augustini,
1542 513 1577 536 ac
1593 501 1827 549 congregationi
1843 500 1881 535 de
1904 500 1977 535 Fri-

1221 551 1357 591 sonaria,
1384 551 1460 585 alias
1482 549 1714 596 Lateranensis,
1736 550 1976 598 Ordinibusque

1220 600 1429 636 Eremitarum
1447 608 1477 635 et
1497 600 1667 636 Servorum
1681 600 1795 636 Beatae
1805 600 1933 646 Mariae,
1947 608 1977 635 et

1222 650 1291 685 aliis
1317 651 1409 685 etiam
1434 650 1617 686 earumdem
1641 650 1922 698 congregationum
1947 657 1976 685 et

1221 700 1380 735 Ordinum
1398 700 1548 735 membris
1561 709 1591 735 et
1605 700 1729 735 illorum
1745 700 1897 747 personis,
1912 712 1979 735 mo-

1222 751 1368 785 nasteriis
1395 759 1425 785 et
1456 750 1532 786 locis
1555 751 1586 784 in
1615 762 1730 797 genere
1757 750 1921 786 concessis
1947 757 1978 785 et

1222 812 1278 847 pro
1294 807 1436 848 tempore
1450 800 1674 838 concedendis,
1691 812 1786 847 quam
1801 800 1894 835 etiam
1905 811 1979 835 con-

1220 850 1393 896 gregationi
1427 862 1631 886 monacorum
1664 849 1799 885 Sanctae
1837 849 1978 885 Iustinae

1220 912 1274 934 seu
1292 899 1325 934 S.
1350 899 1513 935 Benedicti
1536 900 1703 935 Cassinen.
1721 907 1751 935 et
1766 900 1837 934 eius
1859 911 1978 934 mona-

1221 949 1337 995 steriis,
1352 949 1442 992 loeis,
1457 949 1607 985 membris
1619 958 1649 985 ct
1666 950 1810 997 personis
1823 949 1977 985 hacteuus

1220 1000 1393 1040 concessis,
1422 1012 1457 1035 ac
1485 999 1609 1035 illorum
1637 998 1814 1035 Ordinibus
1835 1008 1865 1034 et
1897 1011 1977 1035 con-

1221 1049 1468 1096 gregationibus,
1484 1049 1602 1097 quibus
1620 1062 1674 1097 per
1695 1048 1839 1085 eamdem
1861 1048 1975 1084 Sedem

1220 1111 1409 1135 concessum
1438 1100 1562 1143 extitit,
1595 1099 1697 1135 dictae
1718 1098 1977 1154 'congregationis

1221 1149 1393 1196 prixilegiis
1421 1162 1512 1196 posse
1539 1149 1689 1196 gaudere,
1718 1162 1747 1184 ιιι
1776 1148 1926 1184 omnibus
1946 1158 1976 1184 et

1223 1212 1278 1246 pei
1292 1200 1409 1241 omnia,
1424 1177 1558 1255 absque?
1568 1199 1628 1234 ulla
1645 1211 1775 1247 prorsus
1788 1198 1975 1239 differentia,

1221 1249 1351 1304 perinde
1377 1261 1413 1284 ac
1439 1262 1464 1283 ει
1489 1261 1523 1283 ea
1547 1249 1604 1297 ipsi
1627 1248 1862 1296 congregationi
1885 1260 1977 1284 cano-

1222 1299 1364 1333 nicorum
1389 1299 1578 1345 regularium
1598 1298 1706 1334 Sancti
1721 1297 1893 1334 Salxatoris
1906 1310 1973 1345 spe-

1219 1349 1339 1383 cialiter
1366 1357 1395 1384 et
1432 1349 1615 1384 nominatim
1639 1361 1788 1384 concessa
1824 1348 1974 1389 fuissent;

1221 1411 1354 1446 quorum
1378 1407 1504 1434 tenores
1532 1399 1581 1434 bic
1609 1410 1665 1446 pro
1692 1398 1885 1434 sufficienter
1912 1410 1974 1434 ex-

1221 1448 1337 1494 pressis
1352 1448 1458 1484 baberi
1476 1448 1636 1490 volumus,
1649 1456 1680 1483 et
1693 1460 1756 1484 non
1779 1460 1872 1484 secus
1891 1460 1927 1484 ac
1947 1449 1972 1483 si

1222 1498 1443 1544 praesentibus
1464 1498 1504 1533 de
1529 1498 1623 1534 verbo
1646 1497 1685 1533 ad
1707 1497 1839 1533 verbum
1859 1498 1974 1533 inserta

1221 1546 1333 1589 lorent;
1354 1557 1384 1583 et
1399 1560 1479 1595 quae
1505 1548 1543 1583 ad
1568 1548 1667 1596 ipsam
1695 1548 1972 1595 congregationem

1220 1596 1329 1632 Sancti
1357 1598 1529 1634 Salvatoris
1557 1606 1587 1633 ct
1620 1598 1690 1634 eius
1723 1598 1877 1634 moniales
1908 1598 1973 1634 sive

1219 1660 1344 1683 sorores
1379 1661 1414 1684 ac
1437 1661 1586 1696 personas
1604 1647 1722 1684 oblatas
1737 1656 1767 1683 et
1789 1647 1974 1684 commissas

1220 1698 1388 1754 utriusque
1410 1711 1524 1744 sexus,
1547 1710 1628 1755 quae
1650 1698 1710 1733 sub
1733 1698 1817 1734 illius
1839 1711 1973 1746 congie-

1218 1748 1354 1794 gationis
1376 1761 1450 1784 cura
1464 1758 1549 1794 sunt,
1574 1750 1604 1783 in
1628 1749 1690 1784 illis
1712 1748 1874 1793 videlicet,
1890 1761 1971 1796 quae

1219 1798 1297 1853 ipsi-s
1313 1799 1450 1846 coaptari
1474 1806 1618 1846 possunt,
1632 1799 1769 1840 extendi;
1785 1811 1822 1834 ac
1837 1798 1887 1833 illa
1904 1811 1971 1834 eam

1220 1848 1283 1894 pari
1300 1849 1394 1884 modo
1409 1861 1480 1884 cum
1498 1848 1666 1896 praedictis
1681 1848 1907 1896 comprendere
1924 1862 1974 1883 v-o

1220 1898 1326 1933 lumus
1350 1907 1444 1946 atque
1459 1898 1674 1939 decernimus,
1690 1910 1762 1933 cum
1780 1899 1879 1946 ipsam
1895 1910 1974 1934 con-

1217 1949 1430 1994 gregationem
1451 1947 1559 1984 Sancti
1582 1947 1753 1984 Saliatoris
1774 1960 1972 1993 censeamus,

1219 1998 1340 2033 metitis
1355 2007 1385 2033 et
1407 1998 1574 2034 ιίιιιιῑίΙιιιε
1587 1998 1666 2054 suis,
1683 2010 1744 2033 non
1761 1999 1882 2033 minora
1898 2011 1973 2046 pro-

1218 2047 1330 2082 mereri
1346 2060 1441 2095 quam
1457 2048 1687 2096 suprasciiptas
1711 2048 1971 2096 congregationes

1219 2110 1249 2136 et
1264 2102 1412 2144 Ordines,
1431 2115 1510 2150 quos
1523 2104 1607 2138 enim
1625 2115 1680 2150 par
1694 2102 1781 2138 labor
1795 2103 1970 2150 coniungit,

1219 2156 1303 2202 paria
1319 2170 1445 2205 quoque
1461 2157 1621 2206 privilegia
1634 2157 1827 2204 coniungere
1841 2156 1968 2193 debent.

1217 2209 1318 2246 Cuius
1336 2212 1427 2247 etiam
1451 2211 1708 2260 congregationis
1728 2212 1835 2247 Sancti
1859 2211 1970 2247 Salva-

1218 2266 1293 2301 toris
1315 2266 1505 2302 monasteria
1533 2266 1638 2302 omnia
1661 2275 1691 2302 et
1718 2266 1783 2301 loca
1812 2265 1970 2314 praedicta

1217 2329 1370 2356 eteorum
1395 2320 1521 2368 praelati
1545 2329 1639 2368 atque
1655 2332 1820 2368 personae,
1835 2320 1970 2368 quibus—

1217 2387 1354 2423 cumque
1381 2376 1427 2411 eis
1454 2388 1490 2412 ac
1517 2375 1587 2411 aliis
1613 2374 1912 2423 congregationibus
1939 2385 1968 2410 et

1216 2429 1393 2466 Ordinibus
1414 2443 1429 2466 a
1446 2429 1710 2478 Sedesspraedicta
1735 2429 1780 2465 rel
1802 2429 1877 2466 alias
1890 2442 1967 2477 qna-

1216 2484 1425 2533 litercumque
1439 2485 1609 2530 concessis,
1624 2497 1660 2520 ac
1675 2484 1713 2520 de
1729 2485 1797 2520 iure
1818 2496 1873 2520 seu
1891 2497 1967 2521 con-

1216 2540 1383 2576 suetudine
1396 2539 1510 2576 debitis
1525 2539 1657 2582 iuribus,
1672 2539 1914 2588 praeeminentiis
1930 2552 1966 2575 ac

1215 2594 1418 2642 dignitatibus
1442 2595 1629 2631 inconcusse
1647 2594 1804 2643 gaudeant
1823 2602 1853 2629 et
1875 2603 1966 2630 utan-

1215 2658 1280 2691 tur,
1300 2649 1473 2686 dummodo
1497 2650 1547 2686 illa
1570 2649 1750 2699 praemissis
1773 2661 1808 2686 ac
1829 2649 1898 2685 aliis
1912 2649 1964 2685 di-

1992 246 2041 272 Αιι.
2058 245 2088 273 C.
2107 245 2174 273 ¹519.
