2281 3251
125 265 168 291 Mi.
187 265 214 291 (ἶ.
236 265 300 291 ¹500

118 1239 248 1259 correctoris
259 1245 295 1265 go-

113 1273 192 1292 neralis
219 1275 295 1292 aueto-

113 1306 162 1322 rita>
183 1309 235 1329 qnae
259 1305 293 1326 sit,

112 1336 132 1353 et
144 1339 155 1352 a
165 1334 238 1359 quibus
250 1334 294 1359 ipse

112 1365 202 1384 amuleti
220 1371 274 1391 pom

979 258 1053 279 tritt
1068 263 1081 278 ,Ν
1106 257 1125 278 tt
1152 256 1196 279 l'l'.

313 323 397 351 lulius
419 321 557 356 episeopus
575 325 669 348 servus
704 325 843 346 servorum
876 318 930 350 Dei,
950 318 1059 345 dilectis

357 371 421 400 fltits
437 370 576 399 francisco
595 371 627 398 de
645 368 881 404 rau1a‚geuerati.
903 369 929 396 et
949 367 1058 403 provin-

356 421 470 449 cialibus
489 419 687 448 correctoribus
718 425 747 446 ac
768 418 900 446 universis
925 416 1058 445 fratribus

356 471 416 499 ord.
435 470 616 502 minimorum,
634 469 753 497 satutem
772 469 799 496 et
819 467 996 503 apostolicam
1014 468 1057 494 be·

356 519 544 548 nedictionem.

360 592 483 627 Virtute
501 591 690 638 conspicuos
718 591 796 625 sacri
819 590 950 625 Ordinis
966 590 1057 624 vestri

166 651 194 663 *³¹
217 651 262 663 *⁴¹¹¹*
313 642 516 688 professores,
535 642 589 688 qui
608 640 860 687 contemplationi
875 640 1056 675 coelestium

312 692 468 726 ferventer
490 691 664 738 invigilant,
697 699 726 724 et
753 692 821 737 piae
852 690 931 724 vitae
953 690 1058 724 studio

311 742 379 776 sine
419 741 651 775 intermissione
684 740 859 779 desudant,
887 740 977 774 (lecet
1005 752 1059 786 per

310 790 501 837 apostolicae
523 790 818 837 circumspectionis
843 789 992 823 auxilium
1015 789 1058 822 sic

311 840 440 887 provide
474 848 503 874 et
525 840 645 874 solicite
680 838 837 874 confoveri
863 846 906 881 nt,
928 838 1059 872 alicuius

312 898 472 936 praetextu
496 889 684 932 calumniae,
709 889 830 922 nullum
849 888 991 922 internae
1012 900 1058 933 pa-

310 939 353 973 cis
384 938 540 974 excidium
571 939 756 984 nullumque
792 938 930 982 religiosi
959 946 1058 970 status

311 989 468 1035 perferant
490 988 730 1031 detrimentum,
755 987 808 1022 sed
839 988 867 1020 in
892 987 940 1020 liis
964 985 1058 1020 robur

310 1046 341 1073 et
363 1039 498 1084 vigorem
515 1038 661 1082 habeant⁷
678 1050 731 1083 per
749 1048 828 1084 quae
841 1036 922 1070 circa
938 1036 1056 1069 cultum

310 1088 405 1122 divini
422 1088 556 1122 nominis
577 1088 696 1122 devotis
710 1095 740 1121 et
761 1087 877 1133 quietis
901 1085 1058 1120 mentibus

311 1138 511 1172 invalescant.

358 1188 378 1234 S
407 1190 437 1221 1.
460 1187 542 1221 Hinc
569 1185 718 1233 estquod
743 1198 828 1225 cum,
857 1185 940 1219 sicut
968 1184 1058 1218 nobis

310 1248 466 1283 exponere
498 1236 644 1279 curastis,
666 1245 712 1279 tu⁷
741 1235 782 1268 lili
805 1234 960 1281 generalis
987 1246 1057 1268 cor-

311 1295 411 1320 rector
432 1294 461 1320 et
501 1285 758 1332 praedecessores
782 1285 839 1321 tui,
863 1285 944 1317 inxta
974 1284 1057 1317 eiu>-

289 1335 378 1383 *dem
411 1335 541 1369 Ordinis
567 1334 829 1369 consuetudinem
861 1334 1054 1368 observatam

308 1384 469 1429 hactenns,
485 1393 546 1419 eta
568 1384 651 1419 Sede
672 1384 852 1430 Apostolica
881 1383 1055 1422 toleratam,

307 1435 411 1469 statim
430 1443 594 1481 postquam
618 1434 708 1468 electi
735 1433 908 1468 secundum
938 1432 1059 1479 praedi-

308 1486 347 1519 cti
377 1484 617 1519 constitutiones
651 1483 780 1518 Ordinis
812 1482 967 1520 extitistis,
995 1481 1057 1516 fra-

309 1543 389 1568 trnm
414 1535 513 1581 ipsius
535 1546 641 1568 curam
670 1533 847 1579 gesseritis,
869 1532 1057 1566 correctoris

308 1584 445 1618 officinm
475 1584 566 1631 plene
588 1583 779 1618 acliberein
796 1582 944 1617 omnibus
966 1593 1057 1616 exer-

308 1643 427 1677 centes„
451 1633 610 1680 iidemque
640 1632 750 1667 fratres
773 1632 860 1667 vobis
888 1632 999 1666 devote
1027 1641 1057 1666 et

309 1683 467 1718 humiliter
489 1683 665 1718 obedierint
693 1691 723 1717 et
756 1682 947 1716 intenderint
969 1693 1057 1716 reve-

309 1741 423 1778 renter,
444 1741 474 1766 et
491 1733 521 1767 in
537 1733 647 1767 eadem
664 1732 785 1779 Regula
811 1732 849 1767 sit
872 1743 1055 1779 expressum

309 1791 343 1817 nt
369 1782 524 1829 generalis
557 1791 725 1827 corrector,
757 1782 810 1829 qni
838 1794 894 1829 pro
918 1791 1056 1827 tempore

308 1832 412 1876 fuerit,
430 1845 446 1867 a
469 1833 708 1867 correctoriatus
729 1831 831 1866 officio
857 1830 993 1866 amoveri
1010 1843 1057 1864 va-

307 1882 369 1917 leat
402 1895 419 1917 a
459 1881 620 1929 vigilibus,
655 1881 898 1929 provincialibus
935 1889 965 1915 et
987 1879 1057 1914 aliis

308 1931 453 1966 fratribus
470 1932 500 1965 in
522 1931 660 1977 generali
688 1931 824 1979 capitulo
846 1929 1056 1976 congregatim

309 1993 377 2021 nos,
401 1981 539 2016 volentes
573 1981 788 2027 ambiguitatis
810 1980 996 2027 scrupulum
1026 1980 1055 2014 in

309 2031 365 2065 bac
402 2039 486 2076 parte
510 2031 548 2064 de
571 2031 680 2065 vestris
708 2029 855 2065 cordibus
882 2037 1056 2076 amputare⁷

308 2093 343 2114 ac
370 2080 522 2114 Ordinem
544 2080 646 2126 ipsum
666 2080 820 2126 praefatae
842 2079 918 2114 Sedi
943 2080 1057 2113 imme.-

308 2130 392 2164 diate
410 2130 601 2173 subiectum,
627 2142 644 2164 a
666 2129 748 2164 Sede
770 2129 991 2176 approbatum⁷
1006 2141 1057 2163 ea-

308 2180 378 2214 dem
396 2180 558 2214 honestate
573 2179 734 2223 ssoridum,
748 2179 942 2226 praeclarum
959 2180 1056 2213 scien-

309 2230 348 2264 tia
371 2239 401 2264 et
425 2231 539 2264 virtute
570 2228 774 2273 foecundum,
799 2228 960 2275 privilegio
982 2241 1057 2275 apo-

308 2279 436 2314 stolicae
454 2280 570 2325 gratiae
598 2279 737 2313 attollere
764 2278 927 2324 singulari,
950 2279 1058 2313 vestris

308 2329 593 2376 supplicationibus
611 2327 930 2372 inclinati7devotioni
941 2336 1057 2362 vestrae

311 2386 344 2413 ut
369 2391 571 2414 successores
599 2379 643 2412 tui
674 2378 728 2421 <fili
763 2377 918 2424 generalis
958 2389 1058 2412 corre-

310 2436 399 2476 ctor),
422 2433 475 2480 qui
494 2441 587 2468 erunt
607 2445 661 2480 pro
678 2442 829 2478 tempore⁷
851 2432 954 2466 statim
978 2441 1059 2479 post-

310 2500 403 2534 quam
425 2488 514 2522 electi
539 2487 716 2522 secundum
752 2486 906 2533 Regulam
936 2494 966 2520 et
987 2498 1058 2520 con-

311 2541 489 2577 stitutiones
524 2543 638 2577 fuerint
677 2541 884 2588 supradictas⁷
919 2552 956 2575 eo
991 2541 1058 2588 ipso

315 2595 375 2630 veri
397 2596 538 2631 eiusdem
566 2596 694 2632 Ordinis
721 2595 884 2641 generales
907 2602 1060 2630 correcto-

315 2661 362 2685 res
375 2650 488 2694 effecti,
500 2664 605 2686 curam
622 2650 796 2685 animarum
815 2650 941 2684 fratrum
959 2648 1057 2697 ipsiu<

1734 242 1796 272 235

1099 313 1228 347 Ordinis
1253 312 1343 358 plene
1367 310 1513 353 babeant,
1541 309 1702 355 libereque
1725 316 1845 353 gerant7

1101 363 1246 409 ipsosque
1274 361 1383 395 fratres
1402 360 1585 394 auctoritate
1603 358 1727 405 propria
1751 357 1846 403 ligare

1099 422 1128 446 et
1160 412 1337 451 absolver03
1373 423 1493 445 necnon
1518 409 1546 443 in
1587 408 1699 443 eodem
1727 406 1847 442 Ordine

1099 475 1189 507 agere
1205 461 1334 501 valeant,
1349 472 1429 508 quae
1445 460 1501 507 ipsi
1523 458 1649 506 praefati
1664 461 1708 503 (l)
1723 466 1752 492 et
1768 458 1847 493 defi-

1101 513 1216 546 nitores
1230 511 1267 545 ad
1284 512 1341 546 lioc
1356 511 1459 552 electi,
1475 511 1557 544 iuxta
1582 510 1756 557 praedictas
1775 521 1847 543 con-

1099 562 1288 600 stitutiones,
1317 561 1419 596 eidem
1442 561 1557 596 Ordini
1587 568 1617 595 et
1638 559 1784 594 fratribus
1802 571 1848 594 se-

1100 616 1238 650 cundum
1261 615 1363 650 Deum
1386 613 1543 649 videbitur
1567 611 1732 657 expedire,
1754 610 1848 645 alias-

1099 678 1160 712 que
1184 666 1304 712 possint
1326 664 1463 699 officium
1486 662 1639 709 generalis
1661 661 1849 696 correctoris

1100 715 1184 750 licite
1208 715 1237 748 in
1262 714 1411 749 omnibns
1433 724 1592 751 exercere;
1616 711 1776 757 iidemque
1792 710 1849 744 fra-

1100 772 1163 799 tres
1178 763 1246 803 tibi,
1274 771 1443 810 corrector,
1466 771 1496 796 et
1511 760 1750 796 successoribus
1773 759 1849 806 ipsis

1100 813 1210 848 devote
1225 827 1259 847 ac
1276 813 1437 847 humiliter
1460 811 1608 846 obediant
1625 818 1655 845 et
1672 809 1847 844 intendant.

1101 863 1145 897 Ac
1174 862 1301 909 praefati
1340 873 1539 896 successores
1567 868 1597 895 et
1624 869 1670 903 tu⁷
1693 859 1850 906 generalis

1100 921 1268 956 corrector,
1287 924 1303 946 a
1340 910 1585 958 provincialibus
1616 908 1849 944 correctoribus

1100 969 1130 995 et
1146 961 1302 1008 vigilibus,
1319 960 1494 996 secundum
1508 958 1663 1005 Regulam
1686 967 1717 993 et
1735 959 1850 993 consti—

1101 1012 1238 1046 tutiones
1267 1011 1368 1057 ipsius
1396 1009 1535 1051 Ordinis,
1559 1007 1677 1042 absolvi
1701 1016 1732 1042 et
1753 1020 1849 1042 amo-

1101 1061 1161 1095 veri
1187 1061 1326 1107 possitis,
1349 1061 1533 1094 auctoritate
1551 1057 1721 1104 apostolica
1745 1057 1849 1091 indul-

1100 1123 1222 1155 gemus.
1246 1109 1360 1144 Ratum
1379 1109 1532 1143 habentes
1559 1115 1590 1141 et
1617 1107 1743 1141 firmum
1765 1107 1850 1153 quic-

1099 1159 1175 1206 quid
1199 1172 1295 1206 super
1323 1158 1502 1206 praemissis
1531 1169 1585 1204 per
1619 1165 1660 1200 te,
1691 1156 1849 1203 generalis

1099 1218 1268 1247 corrector,
1291 1209 1458 1255 dictosque
1489 1206 1747 1253 praedecessores
1779 1205 1848 1240 fra-

1100 1267 1161 1293 tres
1183 1268 1213 1293 et
1247 1259 1402 1293 discretos
1433 1258 1548 1292 factum
1582 1264 1611 1290 et
1649 1255 1847 1290 observatum

1099 1317 1143 1342 est
1167 1309 1331 1352 hactenns,
1359 1319 1507 1342 concessa
1537 1305 1589 1340 tibi
1609 1305 1787 1352 exequendi
1806 1305 1849 1339 of-

1099 1358 1202 1392 ficium
1226 1358 1380 1405 generalis
1407 1356 1606 1400 correctoris,
1629 1355 1731 1402 quoad
1754 1367 1848 1402 prae-

1099 1408 1192 1442 missa
1215 1409 1332 1451 omnia,
1348 1407 1444 1441 libera
1467 1406 1624 1440 facultate.

1146 1457 1165 1504 S
1188 1460 1220 1492 2.
1247 1457 1282 1492 In
1302 1456 1511 1492 electionibus
1533 1466 1662 1502 quoque
1688 1454 1848 1500 generalis

1098 1556 1181 1591 dinis
1203 1556 1362 1601 fratribus,
1376 1556 1428 1603 qui
1443 1555 1559 1590 debent
1575 1553 1761 1589 electionem
1779 1554 1848 1588 hu-

1099 1606 1233 1642 iusmodi
1251 1607 1423 1650 celebrare,
1436 1617 1509 1640 cum
1532 1617 1586 1639 eos
1609 1604 1793 1651 frequenter
1809 1603 1847 1639 de

1099 1658 1228 1692 remotis
1250 1657 1390 1704 partibus
1408 1662 1549 1703 oporteat
1569 1654 1749 1695 convenire,
1765 1662 1847 1689 tem-

1099 1720 1157 1755 pus
1178 1720 1275 1755 super
1296 1707 1356 1742 boc
1372 1719 1388 1741 a
1404 1706 1473 1740 iure
1485 1713 1637 1740 statutum
1653 1716 1716 1739 non
1731 1712 1848 1749 currat7

1099 1770 1155 1793 nec
1183 1758 1242 1805 ipsi
1265 1757 1296 1792 in
1320 1763 1406 1804 parte
1429 1755 1506 1791 iuris
1518 1753 1848 1802 huiusmodiRegulis

1098 1815 1309 1843 coarctentur.

1146 1857 1166 1904 g
1193 1859 1226 1892 5.
1248 1856 1368 1903 Vigiles
1390 1867 1475 1899 vero,
1498 1854 1706 1903 provinciales
1729 1861 1760 1889 et
1775 1866 1848 1889 cor-

1099 1916 1236 1942 rectores
1270 1906 1386 1941 locales
1425 1915 1478 1941 aut
1517 1905 1648 1950 delegati
1671 1904 1847 1938 visitatores

1098 1968 1152 1991 seu
1176 1957 1417 2001 vicesgerentes,
1440 1955 1507 2002 qui,
1530 1954 1706 1989 secundum
1733 1961 1847 1988 statuta
1877 1964 1901 1975 ⁰¹¹

1098 2006 1240 2041 eiusdem
1264 2005 1408 2045 Ordinis,
1429 2017 1485 2052 per
1507 2003 1694 2039 electionem
1709 2002 1756 2037 vel
1772 2002 1847 2037 alias

1099 2064 1317 2099 instituuntur,
1333 2064 1402 2102 post
1423 2066 1521 2101 ipsam
1545 2061 1774 2088 institutionem
1791 2064 1846 2086 seu

1100 2106 1310 2152 provisionem
1338 2105 1376 2140 de
1398 2105 1474 2151 ipsis
1502 2103 1627 2147 factam,
1649 2113 1756 2137 curam
1779 2102 1847 2136 ani-

1099 2167 1220 2190 marum
1257 2155 1387 2189 fratrum
1427 2153 1485 2189 sibi
1522 2152 1720 2187 subditorum
1750 2151 1847 2198 ipsius

1098 2204 1227 2239 Ordinis
1249 2205 1384 2239 babeant
1398 2232 1407 2248 ,
1431 2204 1580 2254 ipsosque
1602 2202 1700 2248 ligare
1726 2213 1762 2235 ac
1781 2200 1847 2235 sol-

1099 2267 1169 2289 vere
1183 2255 1315 2302 possint,
1331 2257 1414 2289 iuxta
1430 2254 1530 2300 ipsius
1544 2251 1674 2286 Ordinis
1692 2250 1844 2285 instituta.

1147 2304 1167 2351 S
1194 2308 1226 2339 4.
1250 2304 1376 2339 Fratres
1402 2311 1506 2337 autem
1530 2301 1568 2336 de
1590 2300 1710 2336 Ordine
1732 2309 1846 2340 vestro,
1873 2316 1939 2346 ‘esur
1957 2312 1975 2330 n.
2001 2317 2033 2329 w·-

1099 2366 1190 2400 quos,
1212 2354 1387 2389 secundum
1411 2351 1653 2387 constitutiones
1677 2350 1775 2398 ipsius
1791 2349 1845 2384 Or·
1869 2350 1914 2392 113³?ss
1926 2349 1979 2393 ,⁰¹¹¹
1997 2349 2030 2393 ‘'„¹

1100 2404 1193 2445 dinis,
1213 2403 1420 2438 conventibus
1441 2402 1551 2437 vestris
1574 2400 1771 2448 deputandos
1786 2400 1846 2433 du·
1861 2412 1909 2424 >¹¹¹-

1100 2455 1208 2488 xeritis
1230 2455 1259 2487 in
1280 2454 1422 2490 lectores,
1435 2452 1502 2486 sine
1517 2452 1703 2497 cuiusquam
1719 2450 1846 2484 alterius

1100 2503 1235 2547 lieentia,
1258 2503 1352 2537 libere
1375 2503 1404 2536 in
1427 2501 1575 2536 domibus
1603 2500 1750 2548 praedicti
1778 2498 1846 2533 Or-

1100 2552 1183 2588 dinis
1205 2554 1306 2599 legere
1329 2565 1364 2586 ac
1390 2552 1503 2586 docere
1531 2550 1652 2585 valeant
1675 2550 1704 2583 in
1728 2548 1846 2583 theolo-

1099 2604 1166 2649 gica
1200 2603 1360 2643 facultate;
1401 2601 1461 2636 illis
1500 2601 1577 2635 locis
1614 2599 1752 2646 exceptis
1767 2626 1776 2644 7
1816 2597 1845 2633 in

1135 2660 1173 2695 (l)
1191 2661 1267 2687 Deest
1286 2660 1352 2685 foi-lt·
1369 2663 1530 2685 correctores
1549 2658 1584 2694 (R.
1603 2657 1649 2693 Τ.),

1861 251 1909 278 Αη.
1929 252 1956 277 (ἵ,
1977 254 2042 277 t'tot'.

1877 1465 1918 1485 l-Ilv.
1929 1464 2008 1485 innitar,
2027 1471 2045 1483 in

1863 1499 1948 1518 rvi-iniis
1971 1498 2045 1523 partib.

1098 1514 1128 1540 ct
1162 1507 1400 1554 provincialium
1428 1514 1641 1541 correctorum
1664 1517 1764 1551 tpsms
1785 1503 1928 1549 Or-w-,ffl
1950 1535 1969 1548 w
2015 1535 2024 1547 ,A

1863 1564 1887 1582 rit
1899 1566 1977 1587 tempu:
1992 1570 2002 1580 a
2012 1568 2045 1580 tu-

1863 1602 1884 1615 r«-
1901 1598 2005 1614 statutum.

1875 1861 1965 1881 Fiat-triti
1976 1864 2043 1881 <bitini

1863 1901 1874 1921 ’τ

1870 1932 1908 1945 ιυιι)
1920 1926 1986 1944 adnutu
2007 1925 2044 1944 lu-
