2281 3251
98 291 146 317 An.
164 290 191 315 C.
213 289 278 315 ttt76

127 2434 244 2456 Exordium.

933 283 1044 306 six'rUs
1067 284 1099 305 lv
1123 283 1170 305 ΡΙ).

295 342 405 377 robore
439 340 621 384 duraturis,
655 339 847 385 caeterisque
874 339 1037 374 contrariis

293 391 555 438 quibuscumque.

342 440 423 473 Nulli
452 452 526 486 ergo
553 448 605 473 etc.

340 489 372 524 Si
395 489 467 536 quis
482 498 585 523 autem
621 498 672 522 etc.

339 537 453 573 Datum
476 538 596 573 Romae
619 538 700 583 apud
730 540 761 571 S.
792 537 931 576 Petrum,
954 548 1036 570 auno

291 587 517 623 lucarnationis
543 588 718 622 dominicae
758 587 925 621 millesimo
958 598 1058 658 qum.

290 638 540 683 ‹lringentesimo
552 637 784 683 septuagesimo
801 646 900 681 sexto,
914 636 1035 670 decimo

291 686 438 722 kalendas
485 687 628 721 februarii
646 714 653 727 ,
697 686 894 734 pontificatus
938 686 1033 720 nostri

289 749 372 771 anno
398 749 426 770 v.

330 797 389 827 Dat.
406 798 452 828 die
467 798 505 828 23
521 798 646 828 ianuarii
664 799 749 835 147ss,
767 803 844 837 pout.
862 807 937 827 anuo
963 806 987 827 v.

595 958 653 996 ΧΠ
676 961 733 1003 (1).

288 1042 336 1074 De
365 1042 561 1075 celebratione
593 1042 725 1086 capituli
755 1041 905 1085 yenerali‘s
931 1047 955 1072 et
983 1052 1036 1073 ca-

334 1092 502 1136 pitulorum
534 1091 773 1135 provincialium
795 1090 1036 1133 conyreyationis

338 1141 547 1175 Eremitarum
569 1141 659 1174 Beati
675 1141 759 1173 Pelri
774 1141 810 1173 de
830 1140 920 1177 Pisis,
932 1151 967 1172 ac
978 1141 1036 1173 ele-

337 1192 433 1224 ctione
459 1191 521 1224 ez‘us
543 1191 752 1234 praelatorum
780 1191 837 1232 (⁶2).

561 1268 771 1299 SUMMAutUM

287 1334 453 1365 Exordium.
482 1352 521 1357 —-
543 1336 569 1364 1.
594 1335 645 1365 Hic
672 1335 752 1364 Pont.
782 1335 947 1365 facultatem
977 1334 1034 1364 eli-

326 1380 412 1417 gendi
428 1380 627 1409 consessorem
648 1384 676 1409 et
690 1379 746 1409 alia
766 1388 866 1409 eorum
883 1380 1033 1419 privilegia

326 1423 506 1463 approbavit;
521 1441 559 1445 —
573 1424 601 1453 ΕΖ.
622 1424 676 1460 Qui
696 1424 849 1454 consessor
871 1429 932 1453 vota
956 1434 1036 1454 com-

327 1472 440 1498 mutare
462 1470 564 1508 possit;
593 1486 632 1490 —
662 1469 689 1498 3.
717 1468 858 1508 Priorque
891 1469 1036 1507 generalis

326 1521 392 1541 cum
428 1521 527 1542 eorum
566 1512 705 1542 fratribus
736 1514 830 1552 possit
865 1513 1035 1552 dispensare

326 1561 391 1594 ete.;
408 1574 447 1580 —-
463 1558 491 1587 4.
510 1557 543 1588 Et
561 1558 618 1596 ipsi
637 1557 750 1593 fratres,
766 1558 852 1588 etiam
868 1563 944 1587 extra
964 1564 1036 1588 tem-

327 1610 407 1640 pora,
424 1610 499 1632 sacr.
516 1602 633 1632 ordines
652 1603 804 1641 suscipere
828 1602 1035 1632 valeant—5.

328 1645 431 1676 Petitio
454 1656 505 1686 pro
523 1651 605 1686 parte
627 1647 786 1677 societatis.
809 1665 847 1669 —
868 1648 894 1677 6.
914 1647 983 1686 Eug.
1001 1647 1035 1676 IV

327 1691 445 1730 capitul.
467 1692 603 1730 generale
621 1693 778 1732 quotannis
798 1693 861 1722 sieri
884 1693 980 1722 iussit.
998 1711 1035 1715 —

329 1735 354 1765 7.
365 1735 502 1766 Nicolaus
515 1746 582 1766 vero
592 1737 615 1767 V
628 1737 758 1776 quolibet
773 1738 897 1767 triennio
908 1739 971 1777 cogi
982 1739 1035 1768 de-

326 1781 512 1810 crevit—8.
536 1781 765 1812 Constitutiones
789 1783 937 1812 societatis
958 1792 1036 1821 quae-

327 1824 392 1854 dam
417 1825 473 1854 alia
497 1826 672 1856 statuebant.
694 1844 734 1848 —
761 1827 788 1856 9.
808 1826 939 1857 Societas
967 1837 1036 1865 ergo

326 1868 355 1898 in
376 1869 534 1907 praedictis
559 1870 655 1910 Papae
679 1872 875 1911 provisionem
900 1877 1036 1910 expostu-

327 1912 486 1950 lan—Qui
499 1915 646 1953 praedicta
658 1916 754 1945 omnia
772 1915 921 1954 approbat,
933 1933 970 1938 -
990 1917 1035 1946 tt).

327 1955 444 1996 Suaque
472 1958 550 1988 bulla
571 1959 698 1997 validat3
726 1977 764 1981 —
786 1960 831 1989 11.
855 1959 1033 1989 Facultatem

327 2002 453 2040 eligendi
476 2003 677 2033 confessorem
700 2004 801 2034 iterato
833 2004 976 2040 concedit,
998 2021 1035 2025 —

328 2046 373 2075 12.
400 2046 590 2087 Capitulaque
613 2049 801 2087 provincialia
826 2049 986 2084 annuatim,
1009 2053 1034 2077 et

327 2092 475 2129 generalia
498 2092 624 2122 triennio
647 2094 710 2131 cogi
730 2093 820 2131 iubet3
837 2111 876 2115 —
894 2093 940 2123 13.
956 2093 1035 2128 Quae

327 2136 356 2165 in
372 2136 502 2173 generali
524 2137 651 2176 capitulo
666 2138 777 2176 agenda
797 2143 875 2173 sunt,
890 2138 1037 2177 praescri-

327 2179 379 2217 bit3
399 2197 438 2203 -
457 2181 502 2210 14.
521 2180 669 2211 Contraria
694 2181 777 2211 tollit.

345 2256 440 2285 sutus
469 2257 610 2292 episcopus
640 2264 733 2286 servus
761 2264 899 2286 servornm
915 2257 977 2290 Dei,

423 2307 456 2335 ad
483 2308 643 2342 perpetuam
674 2307 715 2335 rei
733 2307 901 2335 memoriam.

336 2377 436 2414 Sedes
457 2379 647 2426 Apostolica,
665 2391 765 2426 aequa
783 2391 907 2425 semper
924 2379 954 2413 in
971 2391 1036 2413 om-

290 2428 383 2463 nibus
420 2429 612 2463 distributrix
627 2457 634 2469 ,
657 2441 692 2464 ea
727 2441 807 2476 quae
847 2441 902 2475 pro
936 2429 1034 2463 divini

289 2478 394 2513 cultus
418 2487 605 2525 augmento,
639 2490 675 2513 ac
709 2479 891 2513 devotarum
929 2491 1036 2524 perso-

290 2539 416 2572 narum,
444 2529 578 2563 maxime
600 2541 692 2576 quae,
720 2529 887 2562 mundanis
909 2528 1037 2563 abiectis

325 2598 365 2635 (¹)
381 2599 454 2626 Hanc
469 2599 494 2626 in
511 2599 630 2626 Edittone
646 2600 722 2626 Rom.
750 2607 787 2625 xv
814 2599 870 2626 loco
887 2599 955 2634 leges
975 2599 1035 2626 bul-

291 2638 341 2665 lam
352 2639 388 2674 (n.
403 2640 452 2674 T.).
491 2639 530 2674 (ᾖ)
548 2640 601 2666 Alia
613 2640 645 2666 de
656 2639 696 2665 his
708 2639 830 2666 Eremitis
841 2640 908 2666 dicta
920 2643 981 2666 suut.
991 2647 1037 2666 su—

291 2687 338 2714 pra
358 2680 382 2706 in
399 2680 511 2707 Constit.
530 2688 567 2711 xv
588 2681 653 2715 Eug.
672 2681 717 2712 IV,
743 2688 802 2715 pag.
820 2680 864 2712 29,
883 2682 1016 2706 Prot-enit.

1699 269 1768 303 229

1080 337 1244 379 illecebris,
1256 337 1284 370 in
1301 335 1573 382 contemplationis
1595 334 1747 369 suavitate
1763 335 1820 369 sub

1080 387 1261 421 liumilitatis
1294 385 1402 431 spiritu
1431 385 1578 418 dovotum
1607 395 1642 417 ac
1676 384 1820 419 sedulum

1079 436 1264 470 exhibentes
1302 435 1464 469 Altissimo
1500 433 1705 477 famulatum,
1733 446 1822 468 com-

1080 486 1172 519 modo
1187 494 1216 519 et
1237 484 1367 519 utilitate
1382 491 1613 530 processerunt.
1631 491 1674 523 ut,
1693 484 1822 518 semotis

1078 534 1337 581 ambiguitatibus
1359 546 1394 568 ac
1417 532 1628 568 eonscientiae
1650 533 1821 579 scrupulis,

1080 585 1165 618 lirina
1190 584 1369 630 persistant,
1393 582 1617 622 libenter,cuui
1646 582 1684 616 ab
1710 593 1744 616 ea
1773 594 1823 628 pe-

1079 635 1164 672 titur,
1186 634 1371 679 provisionis
1390 644 1465 667 suae
1478 632 1672 667 adminiculo
1687 631 1822 675 roborat,

1079 684 1214 717 extendit
1234 691 1263 717 et
1291 683 1442 722 declarat,
1468 690 1559 728 prout
1583 682 1721 729 ipsarum
1751 694 1823 728 per-

1079 745 1226 766 sonarum
1267 733 1358 766 statui
1387 744 1422 766 ae
1449 731 1545 778 quieti
1569 731 1724 778 conspicit
1745 731 1824 765 salu-

1078 782 1172 816 briter
1195 781 1354 827 expedire.

1126 832 1146 877 g
1170 834 1199 864 t.
1224 831 1348 865 Dudum
1378 830 1545 877 siquidem,
1579 842 1633 876 pro
1662 837 1747 876 parte
1774 829 1824 863 di·
1852 843 1888 864 iun
1913 843 2021 864 pentsa-

1079 880 1229 915 lectorum
1242 880 1374 914 liliorum
1389 880 1605 913 universorum
1620 879 1820 914 eremitarum
1838 876 2022 926 §2¹¹¹c‘ssfi?{²,'¹{0',¹‚{

1078 930 1406 975 societatisquondam
1435 928 1537 963 fratris
1560 929 1641 963 Petri
1665 928 1704 963 de
1726 929 1822 969 Pisis,
1838 940 1867 972 et·
1882 937 1932 972 ὼ,
1949 942 2020 956 eurum

1078 980 1168 1013 nobis
1200 979 1339 1025 exposito
1382 979 1465 1025 quod
1494 978 1567 1012 olim
1596 978 1695 1025 ipsius
1716 979 1822 1013 socie-
1838 968 1947 1024 ζῖᾝζῖῗζζ
1983 974 2022 993 ³⁰-

1079 1030 1148 1063 tatis
1169 1029 1320 1067 eremitis,
1348 1035 1408 1062 tam
1438 1028 1468 1061 in
1492 1027 1652 1062 communi
1675 1040 1768 1074 quam
1792 1028 1822 1061 in

1079 1078 1253 1124 particulari
1279 1091 1334 1124 pro
1357 1086 1497 1123 tempore
1512 1077 1729 1116 existentibus,
1745 1089 1825 1124 apo-

1077 1128 1181 1162 stoliea
1200 1127 1343 1161 extiterat
1362 1127 1546 1161 auctoritate
1561 1126 1739 1161 successive
1753 1138 1824 1161 cou-

1077 1189 1200 1212 cessum
1238 1185 1269 1211 ut
1291 1176 1452 1211 confessor
1480 1176 1611 1211 idoneus
1638 1176 1823 1214 saecularis,

1077 1236 1129 1261 aut
1164 1227 1306 1261 eiusdem
1335 1226 1490 1260 societatis
1523 1226 1569 1259 vel
1605 1225 1743 1260 cuiusvis
1763 1224 1826 1260 Or-

1077 1276 1158 1310 dinis
1192 1276 1364 1322 regularis,
1387 1288 1481 1321 quem
1517 1275 1648 1321 quilibet
1685 1275 1824 1322 ipsorum

1080 1339 1134 1371 pro
1156 1338 1189 1359 se
1216 1327 1346 1360 duceret
1373 1324 1578 1371 eligendum,
1601 1337 1709 1360 eorum
1748 1337 1826 1359 con-

1078 1375 1267 1410 fessionibus
1290 1375 1456 1417 diligenter
1478 1374 1604 1419 auditis,
1627 1386 1680 1409 eos
1702 1373 1741 1409 ab
1758 1386 1827 1409 om-

1079 1426 1172 1459 uibus
1194 1434 1223 1458 et
1247 1424 1379 1470 singulis
1406 1424 1601 1464 excessibus,
1626 1423 1826 1467 criminibus,

1080 1474 1216 1508 reatibus
1247 1483 1277 1509 et
1312 1474 1459 1512 delictis,
1495 1486 1530 1508 ao
1563 1474 1826 1508 excommunica-

1079 1524 1172 1558 tionis
1194 1532 1221 1557 ct
1250 1524 1465 1569 suspensionis
1492 1532 1523 1558 et
1549 1523 1707 1558 interdicti
1734 1523 1827 1558 aliis-

1078 1587 1138 1620 que
1154 1573 1374 1608 ecclesiasticis
1397 1574 1539 1608 censuris
1561 1581 1591 1608 et
1606 1573 1727 1620 poenis,
1750 1585 1827 1620 qua-

1081 1625 1123 1657 vis
1158 1624 1323 1657 occasione
1358 1622 1402 1657 rel
1436 1634 1528 1657 causa
1546 1650 1554 1660 ,
1580 1623 1610 1656 iu
1638 1635 1753 1669 genere
1782 1623 1827 1657 vel

1836 279 1884 305 An.
1905 280 1933 305 C.
1950 278 2015 305 11170

1081 1674 1108 1707 iu
1143 1673 1246 1718 speeie
1279 1672 1370 1716 latis,
1407 1672 1499 1707 etiam
1536 1673 1561 1706 si
1603 1673 1672 1707 talia
1703 1671 1827 1717 forent,

1080 1736 1134 1770 per
1148 1735 1228 1769 quae
1244 1721 1344 1757 Sedes
1365 1722 1499 1768 praefata
1519 1730 1601 1757 esset
1620 1722 1731 1757 merito
1751 1734 1829 1756 con-

1078 1772 1221 1816 sulenda,
1243 1772 1340 1806 semel
1364 1772 1393 1805 in
1411 1772 1469 1806 vita
1493 1779 1522 1806 et
1545 1772 1654 1806 mortis
1681 1772 1827 1813 articulo;

1079 1823 1109 1856 in
1132 1822 1201 1856 aliis
1225 1833 1297 1855 vero
1313 1821 1453 1861 casibus,
1468 1821 1558 1856 toties
1581 1822 1726 1868 quotiens
1749 1835 1828 1869 opus

1079 1872 1168 1911 foret,
1183 1871 1357 1915 absolvere,
1371 1879 1400 1905 et
1417 1871 1641 1916 poeniteutiam
1660 1872 1827 1906 salutarem

1080 1922 1254 1967 iniungere,
1277 1934 1311 1955 ac
1334 1921 1393 1955 alia
1416 1919 1518 1955 facere
1536 1930 1657 1967 posset:
1681 1933 1739 1955 nos
1754 1928 1828 1956 tunc

1079 1972 1216 2018 ipsorum
1240 1971 1451 2010 eremitarum,
1469 1971 1498 2004 in
1528 1983 1562 2005 ea
1583 1978 1680 2018 parte,
1702 1971 1828 2018 suppli-

1078 2020 1252 2056 cationibus
1276 2020 1427 2062 inclinati,
1449 2020 1528 2054 circa
1557 2020 1672 2055 dietam
1695 2020 1827 2055 electio-

1078 2083 1147 2105 nem
1173 2070 1363 2104 couscssoris
1385 2069 1580 2113 huiusmodi,
1595 2082 1630 2104 ac
1651 2082 1827 2117 quaecum-

1078 2137 1158 2172 que,
1186 2132 1402 2171 quotcumque
1434 2132 1465 2157 et
1498 2124 1742 2171 qualiacumque
1768 2125 1826 2158 alia

1078 2180 1309 2218 eoncessiones,
1329 2178 1454 2225 gratias,
1479 2177 1700 2223 indulgentias,
1723 2177 1828 2213 facul-

1079 2242 1169 2277 tates,
1185 2233 1345 2280 privilegia
1366 2240 1395 2267 et
1411 2232 1528 2266 indulta
1543 2231 1643 2266 dictae
1669 2231 1828 2267 societatis

1078 2288 1225 2335 illiusque
1248 2288 1401 2331 eremitis,
1420 2287 1449 2321 iu
1464 2299 1580 2333 genere
1603 2287 1647 2322 vel
1672 2287 1701 2321 in
1731 2287 1828 2334 parti-

1079 2343 1197 2383 culari,
1221 2341 1457 2389 quomodolibet
1492 2349 1524 2375 et
1555 2341 1828 2389 qualitercumque

1081 2410 1134 2445 per
1150 2398 1409 2444 praedecessores
1431 2404 1554 2431 nostros
1569 2395 1731 2432 Romanos
1746 2396 1827 2431 Pon-

1080 2452 1202 2495 tifices,
1226 2464 1278 2486 seu
1303 2463 1409 2485 eorum
1442 2457 1495 2484 aut
1523 2450 1653 2485 alterius
1684 2450 1825 2497 ipsorum

1079 2508 1263 2540 auctoritate
1287 2508 1432 2552 (quorum
1460 2504 1602 2539 omnium
1621 2512 1651 2539 et
1678 2504 1826 2551 singulo-

1079 2558 1398 2594 rumteuoresliaberi
1415 2558 1559 2593 volumus
1576 2571 1632 2606 pro
1646 2558 1825 2605 expressis),

1081 2614 1126 2648 vel
1151 2626 1205 2661 pro
1227 2613 1379 2647 Romanis
1408 2613 1613 2648 Pontificibus
1632 2625 1664 2648 se
1680 2621 1825 2659 gerentes

1079 2676 1107 2701 et
1124 2667 1258 2712 liabitos,
1273 2680 1307 2702 ac
1322 2667 1397 2702 alios
1421 2668 1636 2702 auctoritatem
1660 2666 1823 2711 hahentes,
