<?xml version="1.0" encoding="UTF-8"?>
<!DOCTYPE html PUBLIC "-//W3C//DTD XHTML 1.0 Transitional//EN"
    "http://www.w3.org/TR/xhtml1/DTD/xhtml1-transitional.dtd">
<html xmlns="http://www.w3.org/1999/xhtml" xml:lang="en" lang="en">
 <head>
  <title>
</title>
<meta http-equiv="Content-Type" content="text/html;charset=utf-8" />
  <meta name='ocr-system' content='tesseract 3.04.00' />
  <meta name='ocr-capabilities' content='ocr_page ocr_carea ocr_par ocr_line ocrx_word'/>
</head>
<body>
  <div class='ocr_page' id='page_1' title='image "./bullarumdiplomat05cath_0102.png"; bbox 0 0 2281 3251; ppageno 0'>
   <div class='ocr_carea' id='block_1_1' title="bbox 233 270 415 298">
    <p class='ocr_par' dir='ltr' id='par_1_1' title="bbox 233 270 415 298">
     <span class='ocr_line' id='line_1_1' title="bbox 233 270 415 298; baseline -0.016 0"><span class='ocrx_word' id='word_1_1' title='bbox 233 272 284 298; x_wconf 80' lang='lat' dir='ltr'>An.</span> <span class='ocrx_word' id='word_1_2' title='bbox 299 270 328 298; x_wconf 94' lang='lat' dir='ltr'>C.</span> <span class='ocrx_word' id='word_1_3' title='bbox 349 270 415 297; x_wconf 59' lang='grc' dir='ltr'>ΗΜΘ</span> 
     </span>
    </p>
   </div>
   <div class='ocr_carea' id='block_1_2' title="bbox 236 1226 420 1341">
    <p class='ocr_par' dir='ltr' id='par_1_2' title="bbox 236 1226 420 1341">
     <span class='ocr_line' id='line_1_2' title="bbox 249 1226 419 1246; baseline -0.006 -1"><span class='ocrx_word' id='word_1_4' title='bbox 249 1226 356 1246; x_wconf 63' lang='lat' dir='ltr'>Clausulas</span> <span class='ocrx_word' id='word_1_5' title='bbox 370 1231 419 1245; x_wconf 70' lang='lat' dir='ltr'>cun-</span> 
     </span>
     <span class='ocr_line' id='line_1_3' title="bbox 237 1257 419 1278; baseline -0.011 0"><span class='ocrx_word' id='word_1_6' title='bbox 237 1258 347 1278; x_wconf 67' lang='lat' dir='ltr'>trarinrum</span> <span class='ocrx_word' id='word_1_7' title='bbox 359 1257 419 1276; x_wconf 78' lang='lat' dir='ltr'>dero-</span> 
     </span>
     <span class='ocr_line' id='line_1_4' title="bbox 237 1292 420 1314; baseline -0.011 -6"><span class='ocrx_word' id='word_1_8' title='bbox 237 1292 328 1311; x_wconf 69' lang='lat' dir='ltr'>flatorias</span> <span class='ocrx_word' id='word_1_9' title='bbox 352 1294 420 1314; x_wconf 74' lang='lat' dir='ltr'>appo-</span> 
     </span>
     <span class='ocr_line' id='line_1_5' title="bbox 236 1323 273 1341; baseline -0.081 0"><span class='ocrx_word' id='word_1_10' title='bbox 236 1323 273 1341; x_wconf 82' lang='lat' dir='ltr'>uit.</span> 
     </span>
    </p>
   </div>
   <div class='ocr_carea' id='block_1_3' title="bbox 481 259 526 292">
    <p class='ocr_par' dir='ltr' id='par_1_3' title="bbox 481 259 526 292">
     <span class='ocr_line' id='line_1_6' title="bbox 481 259 526 292; baseline 0 0"><span class='ocrx_word' id='word_1_11' title='bbox 481 259 526 292; x_wconf 74' lang='lat' dir='ltr'>St</span> 
     </span>
    </p>
   </div>
   <div class='ocr_carea' id='block_1_4' title="bbox 430 318 1199 2718">
    <p class='ocr_par' dir='ltr' id='par_1_4' title="bbox 430 318 1185 1156">
     <span class='ocr_line' id='line_1_7' title="bbox 432 318 1180 372; baseline -0.007 -15"><span class='ocrx_word' id='word_1_12' title='bbox 432 332 503 372; x_wconf 85' lang='lat' dir='ltr'>ptus</span> <span class='ocrx_word' id='word_1_13' title='bbox 531 331 561 359; x_wconf 87' lang='lat' dir='ltr'>et</span> <span class='ocrx_word' id='word_1_14' title='bbox 584 335 747 370; x_wconf 79' lang='lat' dir='ltr'>expensas,</span> <span class='ocrx_word' id='word_1_15' title='bbox 776 334 836 357; x_wconf 90' lang='lat' dir='ltr'>uon</span> <span class='ocrx_word' id='word_1_16' title='bbox 864 321 967 357; x_wconf 83' lang='lat' dir='ltr'>solum</span> <span class='ocrx_word' id='word_1_17' title='bbox 993 320 1104 363; x_wconf 74' lang='lat' dir='ltr'>victus,</span> <span class='ocrx_word' id='word_1_18' title='bbox 1126 318 1180 353; x_wconf 87' lang='lat' dir='ltr'>sed</span> 
     </span>
     <span class='ocr_line' id='line_1_8' title="bbox 430 369 1181 413; baseline -0.011 -4"><span class='ocrx_word' id='word_1_19' title='bbox 430 375 522 409; x_wconf 86' lang='lat' dir='ltr'>etiam</span> <span class='ocrx_word' id='word_1_20' title='bbox 546 374 622 409; x_wconf 84' lang='lat' dir='ltr'>alias</span> <span class='ocrx_word' id='word_1_21' title='bbox 645 374 793 413; x_wconf 66' lang='lat' dir='ltr'>minutas,</span> <span class='ocrx_word' id='word_1_22' title='bbox 813 381 841 407; x_wconf 86' lang='lat' dir='ltr'>et</span> <span class='ocrx_word' id='word_1_23' title='bbox 864 371 967 406; x_wconf 82' lang='lat' dir='ltr'>solum</span> <span class='ocrx_word' id='word_1_24' title='bbox 992 369 1181 404; x_wconf 60' lang='lat' dir='ltr'>necessarias</span> 
     </span>
     <span class='ocr_line' id='line_1_9' title="bbox 431 418 1183 471; baseline -0.011 -12"><span class='ocrx_word' id='word_1_25' title='bbox 431 425 570 471; x_wconf 78' lang='lat' dir='ltr'>recipere</span> <span class='ocrx_word' id='word_1_26' title='bbox 587 423 706 471; x_wconf 76' lang='lat' dir='ltr'>possint</span> <span class='ocrx_word' id='word_1_27' title='bbox 726 433 753 457; x_wconf 86' lang='lat' dir='ltr'>et</span> <span class='ocrx_word' id='word_1_28' title='bbox 776 422 897 457; x_wconf 81' lang='lat' dir='ltr'>valeant</span> <span class='ocrx_word' id='word_1_29' title='bbox 918 419 1105 455; x_wconf 81' lang='lat' dir='ltr'>moderatas.</span> <span class='ocrx_word' id='word_1_30' title='bbox 1124 418 1183 451; x_wconf 82' lang='lat' dir='ltr'>Su-</span> 
     </span>
     <span class='ocr_line' id='line_1_10' title="bbox 431 469 1182 522; baseline -0.011 -14"><span class='ocrx_word' id='word_1_31' title='bbox 431 487 487 522; x_wconf 81' lang='lat' dir='ltr'>per</span> <span class='ocrx_word' id='word_1_32' title='bbox 508 474 622 522; x_wconf 75' lang='lat' dir='ltr'>quibus</span> <span class='ocrx_word' id='word_1_33' title='bbox 644 473 791 507; x_wconf 86' lang='lat' dir='ltr'>omnibus</span> <span class='ocrx_word' id='word_1_34' title='bbox 813 472 904 506; x_wconf 83' lang='lat' dir='ltr'>etiam</span> <span class='ocrx_word' id='word_1_35' title='bbox 929 469 1003 515; x_wconf 85' lang='lat' dir='ltr'>ipsis</span> <span class='ocrx_word' id='word_1_36' title='bbox 1027 482 1082 515; x_wconf 87' lang='lat' dir='ltr'>pro</span> <span class='ocrx_word' id='word_1_37' title='bbox 1103 477 1182 502; x_wconf 86' lang='lat' dir='ltr'>tem-</span> 
     </span>
     <span class='ocr_line' id='line_1_11' title="bbox 432 518 1182 571; baseline -0.011 -13"><span class='ocrx_word' id='word_1_38' title='bbox 432 537 524 571; x_wconf 81' lang='lat' dir='ltr'>pore,</span> <span class='ocrx_word' id='word_1_39' title='bbox 549 533 580 558; x_wconf 95' lang='lat' dir='ltr'>ut</span> <span class='ocrx_word' id='word_1_40' title='bbox 604 522 828 570; x_wconf 76' lang='lat' dir='ltr'>praemittitur,</span> <span class='ocrx_word' id='word_1_41' title='bbox 861 518 1068 554; x_wconf 75' lang='lat' dir='ltr'>existentibus</span> <span class='ocrx_word' id='word_1_42' title='bbox 1103 518 1182 551; x_wconf 81' lang='lat' dir='ltr'>tisi-</span> 
     </span>
     <span class='ocr_line' id='line_1_12' title="bbox 431 568 1182 620; baseline -0.008 -12"><span class='ocrx_word' id='word_1_43' title='bbox 431 575 582 608; x_wconf 86' lang='lat' dir='ltr'>tatoribus</span> <span class='ocrx_word' id='word_1_44' title='bbox 619 573 742 620; x_wconf 84' lang='lat' dir='ltr'>plenam</span> <span class='ocrx_word' id='word_1_45' title='bbox 771 580 798 605; x_wconf 82' lang='lat' dir='ltr'>et</span> <span class='ocrx_word' id='word_1_46' title='bbox 838 570 966 603; x_wconf 84' lang='lat' dir='ltr'>liberam</span> <span class='ocrx_word' id='word_1_47' title='bbox 1001 568 1182 603; x_wconf 82' lang='lat' dir='ltr'>auctoritate</span> 
     </span>
     <span class='ocr_line' id='line_1_13' title="bbox 433 617 1182 670; baseline -0.009 -13"><span class='ocrx_word' id='word_1_48' title='bbox 433 624 589 670; x_wconf 72' lang='lat' dir='ltr'>praedicta</span> <span class='ocrx_word' id='word_1_49' title='bbox 609 622 943 662; x_wconf 73' lang='lat' dir='ltr'>concedimus,tenore</span> <span class='ocrx_word' id='word_1_50' title='bbox 959 617 1182 665; x_wconf 83' lang='lat' dir='ltr'>praesentium,</span> 
     </span>
     <span class='ocr_line' id='line_1_14' title="bbox 431 668 1183 714; baseline -0.008 -6"><span class='ocrx_word' id='word_1_51' title='bbox 431 673 620 708; x_wconf 81' lang='lat' dir='ltr'>facultatem.</span> <span class='ocrx_word' id='word_1_52' title='bbox 646 672 711 706; x_wconf 74' lang='lat' dir='ltr'>Nos</span> <span class='ocrx_word' id='word_1_53' title='bbox 734 671 818 704; x_wconf 78' lang='lat' dir='ltr'>cuim</span> <span class='ocrx_word' id='word_1_54' title='bbox 837 669 1009 704; x_wconf 77' lang='lat' dir='ltr'>sententias</span> <span class='ocrx_word' id='word_1_55' title='bbox 1030 668 1094 703; x_wconf 80' lang='lat' dir='ltr'>sive</span> <span class='ocrx_word' id='word_1_56' title='bbox 1116 680 1183 714; x_wconf 68' lang='lat' dir='ltr'>poe-</span> 
     </span>
     <span class='ocr_line' id='line_1_15' title="bbox 431 720 1182 769; baseline -0.009 -11"><span class='ocrx_word' id='word_1_57' title='bbox 431 736 498 763; x_wconf 91' lang='lat' dir='ltr'>nas,</span> <span class='ocrx_word' id='word_1_58' title='bbox 526 736 603 769; x_wconf 81' lang='lat' dir='ltr'>quas</span> <span class='ocrx_word' id='word_1_59' title='bbox 637 722 710 756; x_wconf 89' lang='lat' dir='ltr'>dicti</span> <span class='ocrx_word' id='word_1_60' title='bbox 740 720 913 754; x_wconf 72' lang='lat' dir='ltr'>visitatores</span> <span class='ocrx_word' id='word_1_61' title='bbox 953 732 1007 766; x_wconf 91' lang='lat' dir='ltr'>pro</span> <span class='ocrx_word' id='word_1_62' title='bbox 1044 727 1182 762; x_wconf 87' lang='lat' dir='ltr'>tempore</span> 
     </span>
     <span class='ocr_line' id='line_1_16' title="bbox 433 767 1183 810; baseline -0.009 -2"><span class='ocrx_word' id='word_1_63' title='bbox 433 774 488 808; x_wconf 89' lang='lat' dir='ltr'>rite</span> <span class='ocrx_word' id='word_1_64' title='bbox 523 771 647 807; x_wconf 82' lang='lat' dir='ltr'>tulerint</span> <span class='ocrx_word' id='word_1_65' title='bbox 687 771 751 805; x_wconf 81' lang='lat' dir='ltr'>sive</span> <span class='ocrx_word' id='word_1_66' title='bbox 784 768 946 803; x_wconf 87' lang='lat' dir='ltr'>statuerint</span> <span class='ocrx_word' id='word_1_67' title='bbox 976 769 1005 802; x_wconf 94' lang='lat' dir='ltr'>in</span> <span class='ocrx_word' id='word_1_68' title='bbox 1030 767 1183 810; x_wconf 79' lang='lat' dir='ltr'>rebelles,</span> 
     </span>
     <span class='ocr_line' id='line_1_17' title="bbox 431 821 1184 870; baseline -0.011 -12"><span class='ocrx_word' id='word_1_69' title='bbox 431 832 592 870; x_wconf 83' lang='lat' dir='ltr'>sequestra</span> <span class='ocrx_word' id='word_1_70' title='bbox 622 821 666 855; x_wconf 82' lang='lat' dir='ltr'>vel</span> <span class='ocrx_word' id='word_1_71' title='bbox 697 827 813 854; x_wconf 70' lang='lat' dir='ltr'>ari-esta</span> <span class='ocrx_word' id='word_1_72' title='bbox 845 830 991 866; x_wconf 74' lang='lat' dir='ltr'>quaeque</span> <span class='ocrx_word' id='word_1_73' title='bbox 1023 830 1184 865; x_wconf 75' lang='lat' dir='ltr'>apposue-</span> 
     </span>
     <span class='ocr_line' id='line_1_18' title="bbox 433 868 1184 916; baseline -0.008 -9"><span class='ocrx_word' id='word_1_74' title='bbox 433 873 504 915; x_wconf 85' lang='lat' dir='ltr'>rint,</span> <span class='ocrx_word' id='word_1_75' title='bbox 529 880 589 905; x_wconf 90' lang='lat' dir='ltr'>rata</span> <span class='ocrx_word' id='word_1_76' title='bbox 607 870 807 913; x_wconf 78' lang='lat' dir='ltr'>babebimus,</span> <span class='ocrx_word' id='word_1_77' title='bbox 830 878 922 916; x_wconf 83' lang='lat' dir='ltr'>atque</span> <span class='ocrx_word' id='word_1_78' title='bbox 943 868 1105 907; x_wconf 80' lang='lat' dir='ltr'>faciemus,</span> <span class='ocrx_word' id='word_1_79' title='bbox 1127 881 1184 901; x_wconf 79' lang='lat' dir='ltr'>au-</span> 
     </span>
     <span class='ocr_line' id='line_1_19' title="bbox 432 917 1183 966; baseline -0.007 -10"><span class='ocrx_word' id='word_1_80' title='bbox 432 931 515 957; x_wconf 82' lang='lat' dir='ltr'>ctore</span> <span class='ocrx_word' id='word_1_81' title='bbox 544 921 701 959; x_wconf 89' lang='lat' dir='ltr'>Domino,</span> <span class='ocrx_word' id='word_1_82' title='bbox 735 932 835 966; x_wconf 86' lang='lat' dir='ltr'>usque</span> <span class='ocrx_word' id='word_1_83' title='bbox 866 919 902 953; x_wconf 90' lang='lat' dir='ltr'>ad</span> <span class='ocrx_word' id='word_1_84' title='bbox 937 917 1183 953; x_wconf 79' lang='lat' dir='ltr'>satisfactionem</span> 
     </span>
     <span class='ocr_line' id='line_1_20' title="bbox 432 968 1185 1016; baseline -0.007 -10"><span class='ocrx_word' id='word_1_85' title='bbox 432 971 619 1016; x_wconf 84' lang='lat' dir='ltr'>condignam</span> <span class='ocrx_word' id='word_1_86' title='bbox 651 968 870 1004; x_wconf 83' lang='lat' dir='ltr'>iuviolabiliter</span> <span class='ocrx_word' id='word_1_87' title='bbox 898 969 1072 1007; x_wconf 82' lang='lat' dir='ltr'>observari,</span> <span class='ocrx_word' id='word_1_88' title='bbox 1097 968 1185 1001; x_wconf 82' lang='lat' dir='ltr'>iuvo-</span> 
     </span>
     <span class='ocr_line' id='line_1_21' title="bbox 433 1017 1184 1064; baseline -0.007 -9"><span class='ocrx_word' id='word_1_89' title='bbox 433 1028 501 1056; x_wconf 87' lang='lat' dir='ltr'>eato</span> <span class='ocrx_word' id='word_1_90' title='bbox 528 1021 618 1054; x_wconf 82' lang='lat' dir='ltr'>etiam</span> <span class='ocrx_word' id='word_1_91' title='bbox 650 1033 703 1064; x_wconf 86' lang='lat' dir='ltr'>per</span> <span class='ocrx_word' id='word_1_92' title='bbox 725 1032 779 1053; x_wconf 83' lang='lat' dir='ltr'>eos</span> <span class='ocrx_word' id='word_1_93' title='bbox 810 1018 847 1053; x_wconf 89' lang='lat' dir='ltr'>ad</span> <span class='ocrx_word' id='word_1_94' title='bbox 871 1018 974 1053; x_wconf 86' lang='lat' dir='ltr'>onmia</span> <span class='ocrx_word' id='word_1_95' title='bbox 1007 1027 1036 1052; x_wconf 87' lang='lat' dir='ltr'>et</span> <span class='ocrx_word' id='word_1_96' title='bbox 1063 1017 1184 1063; x_wconf 85' lang='lat' dir='ltr'>singula</span> 
     </span>
     <span class='ocr_line' id='line_1_22' title="bbox 433 1066 1184 1118; baseline -0.007 -13"><span class='ocrx_word' id='word_1_97' title='bbox 433 1070 626 1118; x_wconf 82' lang='lat' dir='ltr'>supradicta,</span> <span class='ocrx_word' id='word_1_98' title='bbox 649 1070 673 1105; x_wconf 90' lang='lat' dir='ltr'>si</span> <span class='ocrx_word' id='word_1_99' title='bbox 697 1081 777 1116; x_wconf 90' lang='lat' dir='ltr'>opus</span> <span class='ocrx_word' id='word_1_100' title='bbox 801 1068 905 1113; x_wconf 79' lang='lat' dir='ltr'>suerit,</span> <span class='ocrx_word' id='word_1_101' title='bbox 928 1068 1044 1108; x_wconf 81' lang='lat' dir='ltr'>auxilio</span> <span class='ocrx_word' id='word_1_102' title='bbox 1068 1066 1184 1101; x_wconf 83' lang='lat' dir='ltr'>brachii</span> 
     </span>
     <span class='ocr_line' id='line_1_23' title="bbox 434 1119 613 1156; baseline -0.017 0"><span class='ocrx_word' id='word_1_103' title='bbox 434 1119 613 1156; x_wconf 82' lang='lat' dir='ltr'>saecularis.</span> 
     </span>
    </p>

    <p class='ocr_par' dir='ltr' id='par_1_5' title="bbox 434 1166 1199 2718">
     <span class='ocr_line' id='line_1_24' title="bbox 482 1166 1187 1217; baseline -0.006 -13"><span class='ocrx_word' id='word_1_104' title='bbox 482 1170 502 1217; x_wconf 65' lang='lat' dir='ltr'>S</span> <span class='ocrx_word' id='word_1_105' title='bbox 525 1173 556 1204; x_wconf 93' lang='lat'>8.</span> <span class='ocrx_word' id='word_1_106' title='bbox 580 1168 648 1204; x_wconf 81' lang='lat' dir='ltr'>Non</span> <span class='ocrx_word' id='word_1_107' title='bbox 678 1167 875 1203; x_wconf 87' lang='lat' dir='ltr'>obstantibus</span> <span class='ocrx_word' id='word_1_108' title='bbox 904 1166 1187 1202; x_wconf 76' lang='lat' dir='ltr'>constitutionibus</span> 
     </span>
     <span class='ocr_line' id='line_1_25' title="bbox 434 1216 1187 1266; baseline -0.007 -11"><span class='ocrx_word' id='word_1_109' title='bbox 434 1228 464 1255; x_wconf 88' lang='lat' dir='ltr'>et</span> <span class='ocrx_word' id='word_1_110' title='bbox 492 1219 590 1255; x_wconf 86' lang='lat' dir='ltr'>literis</span> <span class='ocrx_word' id='word_1_111' title='bbox 617 1218 811 1266; x_wconf 85' lang='lat' dir='ltr'>apostolicis,</span> <span class='ocrx_word' id='word_1_112' title='bbox 840 1218 1023 1265; x_wconf 85' lang='lat' dir='ltr'>praesertim</span> <span class='ocrx_word' id='word_1_113' title='bbox 1047 1216 1187 1263; x_wconf 84' lang='lat' dir='ltr'>quibus—</span> 
     </span>
     <span class='ocr_line' id='line_1_26' title="bbox 435 1266 1186 1312; baseline -0.004 -8"><span class='ocrx_word' id='word_1_114' title='bbox 435 1270 505 1304; x_wconf 89' lang='lat' dir='ltr'>dam</span> <span class='ocrx_word' id='word_1_115' title='bbox 540 1269 632 1304; x_wconf 85' lang='lat' dir='ltr'>Petro</span> <span class='ocrx_word' id='word_1_116' title='bbox 664 1268 764 1303; x_wconf 82' lang='lat' dir='ltr'>Pesali</span> <span class='ocrx_word' id='word_1_117' title='bbox 795 1268 830 1302; x_wconf 82' lang='lat' dir='ltr'>B.</span> <span class='ocrx_word' id='word_1_118' title='bbox 864 1267 979 1302; x_wconf 77' lang='lat' dir='ltr'>Mariae</span> <span class='ocrx_word' id='word_1_119' title='bbox 1013 1267 1051 1301; x_wconf 90' lang='lat' dir='ltr'>de</span> <span class='ocrx_word' id='word_1_120' title='bbox 1079 1266 1186 1312; x_wconf 84' lang='lat' dir='ltr'>Cripta</span> 
     </span>
     <span class='ocr_line' id='line_1_27' title="bbox 435 1316 1189 1359; baseline -0.005 -5"><span class='ocrx_word' id='word_1_121' title='bbox 435 1319 574 1359; x_wconf 85' lang='lat' dir='ltr'>Ferrata,</span> <span class='ocrx_word' id='word_1_122' title='bbox 585 1318 743 1353; x_wconf 80' lang='lat' dir='ltr'>Romanae</span> <span class='ocrx_word' id='word_1_123' title='bbox 755 1317 915 1352; x_wconf 75' lang='lat' dir='ltr'>Ecclesiae</span> <span class='ocrx_word' id='word_1_124' title='bbox 929 1316 1106 1351; x_wconf 80' lang='lat' dir='ltr'>immediate</span> <span class='ocrx_word' id='word_1_125' title='bbox 1117 1316 1189 1350; x_wconf 90' lang='lat' dir='ltr'>sub-</span> 
     </span>
     <span class='ocr_line' id='line_1_28' title="bbox 436 1365 1187 1411; baseline -0.008 -7"><span class='ocrx_word' id='word_1_126' title='bbox 436 1370 526 1410; x_wconf 87' lang='lat' dir='ltr'>iecta,</span> <span class='ocrx_word' id='word_1_127' title='bbox 553 1381 587 1403; x_wconf 84' lang='lat' dir='ltr'>ac</span> <span class='ocrx_word' id='word_1_128' title='bbox 620 1368 689 1402; x_wconf 86' lang='lat' dir='ltr'>aliis</span> <span class='ocrx_word' id='word_1_129' title='bbox 711 1367 820 1411; x_wconf 84' lang='lat' dir='ltr'>Paulo,</span> <span class='ocrx_word' id='word_1_130' title='bbox 850 1375 925 1401; x_wconf 91' lang='lat' dir='ltr'>tunc</span> <span class='ocrx_word' id='word_1_131' title='bbox 948 1366 983 1401; x_wconf 89' lang='lat' dir='ltr'>B.</span> <span class='ocrx_word' id='word_1_132' title='bbox 1007 1365 1121 1401; x_wconf 82' lang='lat' dir='ltr'>Mariae</span> <span class='ocrx_word' id='word_1_133' title='bbox 1148 1367 1187 1400; x_wconf 79' lang='lat' dir='ltr'>de</span> 
     </span>
     <span class='ocr_line' id='line_1_29' title="bbox 436 1416 1189 1465; baseline -0.005 -11"><span class='ocrx_word' id='word_1_134' title='bbox 436 1418 556 1465; x_wconf 81' lang='lat' dir='ltr'>Cripta,</span> <span class='ocrx_word' id='word_1_135' title='bbox 579 1426 609 1453; x_wconf 86' lang='lat' dir='ltr'>et</span> <span class='ocrx_word' id='word_1_136' title='bbox 631 1417 768 1452; x_wconf 59' lang='lat' dir='ltr'>Adriano</span> <span class='ocrx_word' id='word_1_137' title='bbox 783 1417 817 1451; x_wconf 85' lang='lat' dir='ltr'>S.</span> <span class='ocrx_word' id='word_1_138' title='bbox 843 1416 1043 1451; x_wconf 74' lang='lat' dir='ltr'>pantaleonis</span> <span class='ocrx_word' id='word_1_139' title='bbox 1057 1416 1189 1451; x_wconf 79' lang='lat' dir='ltr'>Tuscu-</span> 
     </span>
     <span class='ocr_line' id='line_1_30' title="bbox 437 1466 1189 1503; baseline -0.003 0"><span class='ocrx_word' id='word_1_140' title='bbox 437 1469 497 1503; x_wconf 87' lang='lat' dir='ltr'>lani</span> <span class='ocrx_word' id='word_1_141' title='bbox 526 1468 768 1502; x_wconf 70' lang='lat' dir='ltr'>panormitanae</span> <span class='ocrx_word' id='word_1_142' title='bbox 801 1477 830 1502; x_wconf 89' lang='lat' dir='ltr'>et</span> <span class='ocrx_word' id='word_1_143' title='bbox 858 1466 1071 1501; x_wconf 74' lang='lat' dir='ltr'>Messanensis</span> <span class='ocrx_word' id='word_1_144' title='bbox 1093 1466 1189 1501; x_wconf 87' lang='lat' dir='ltr'>dioe—</span> 
     </span>
     <span class='ocr_line' id='line_1_31' title="bbox 436 1515 1189 1563; baseline -0.004 -10"><span class='ocrx_word' id='word_1_145' title='bbox 436 1519 516 1554; x_wconf 82' lang='lat' dir='ltr'>cesis</span> <span class='ocrx_word' id='word_1_146' title='bbox 552 1517 813 1552; x_wconf 78' lang='lat' dir='ltr'>monasteriorum</span> <span class='ocrx_word' id='word_1_147' title='bbox 847 1515 1013 1551; x_wconf 90' lang='lat' dir='ltr'>abbatibus</span> <span class='ocrx_word' id='word_1_148' title='bbox 1049 1528 1105 1563; x_wconf 91' lang='lat' dir='ltr'>per</span> <span class='ocrx_word' id='word_1_149' title='bbox 1131 1528 1189 1551; x_wconf 88' lang='lat' dir='ltr'>nos</span> 
     </span>
     <span class='ocr_line' id='line_1_32' title="bbox 438 1565 1190 1614; baseline -0.001 -12"><span class='ocrx_word' id='word_1_150' title='bbox 438 1567 498 1602; x_wconf 90' lang='lat' dir='ltr'>illis</span> <span class='ocrx_word' id='word_1_151' title='bbox 521 1567 667 1607; x_wconf 81' lang='lat' dir='ltr'>decretis,</span> <span class='ocrx_word' id='word_1_152' title='bbox 695 1579 826 1614; x_wconf 85' lang='lat' dir='ltr'>quarum</span> <span class='ocrx_word' id='word_1_153' title='bbox 852 1575 976 1600; x_wconf 83' lang='lat' dir='ltr'>tenores</span> <span class='ocrx_word' id='word_1_154' title='bbox 1003 1573 1032 1601; x_wconf 89' lang='lat' dir='ltr'>et</span> <span class='ocrx_word' id='word_1_155' title='bbox 1059 1565 1190 1601; x_wconf 76' lang='lat' dir='ltr'>effecius</span> 
     </span>
     <span class='ocr_line' id='line_1_33' title="bbox 438 1615 1191 1664; baseline -0.004 -12"><span class='ocrx_word' id='word_1_156' title='bbox 438 1617 657 1664; x_wconf 83' lang='lat' dir='ltr'>praesentibus</span> <span class='ocrx_word' id='word_1_157' title='bbox 678 1628 733 1664; x_wconf 91' lang='lat' dir='ltr'>pro</span> <span class='ocrx_word' id='word_1_158' title='bbox 752 1615 945 1651; x_wconf 84' lang='lat' dir='ltr'>sufficienter</span> <span class='ocrx_word' id='word_1_159' title='bbox 962 1615 1121 1663; x_wconf 80' lang='lat' dir='ltr'>expressis</span> <span class='ocrx_word' id='word_1_160' title='bbox 1139 1615 1191 1650; x_wconf 88' lang='lat' dir='ltr'>ha-</span> 
     </span>
     <span class='ocr_line' id='line_1_34' title="bbox 438 1665 1191 1713; baseline -0.004 -11"><span class='ocrx_word' id='word_1_161' title='bbox 438 1667 502 1702; x_wconf 90' lang='lat' dir='ltr'>beri</span> <span class='ocrx_word' id='word_1_162' title='bbox 533 1668 687 1706; x_wconf 85' lang='lat' dir='ltr'>volumus,</span> <span class='ocrx_word' id='word_1_163' title='bbox 711 1675 740 1701; x_wconf 88' lang='lat' dir='ltr'>et</span> <span class='ocrx_word' id='word_1_164' title='bbox 768 1679 858 1712; x_wconf 87' lang='lat' dir='ltr'>quas,</span> <span class='ocrx_word' id='word_1_165' title='bbox 888 1674 919 1700; x_wconf 85' lang='lat' dir='ltr'>ut</span> <span class='ocrx_word' id='word_1_166' title='bbox 941 1665 1071 1701; x_wconf 79' lang='lat' dir='ltr'>effeetus</span> <span class='ocrx_word' id='word_1_167' title='bbox 1099 1677 1191 1713; x_wconf 88' lang='lat' dir='ltr'>prae-</span> 
     </span>
     <span class='ocr_line' id='line_1_35' title="bbox 438 1715 1190 1763; baseline -0.004 -11"><span class='ocrx_word' id='word_1_168' title='bbox 438 1717 573 1752; x_wconf 89' lang='lat' dir='ltr'>sentium</span> <span class='ocrx_word' id='word_1_169' title='bbox 603 1729 657 1763; x_wconf 83' lang='lat' dir='ltr'>per</span> <span class='ocrx_word' id='word_1_170' title='bbox 684 1728 736 1751; x_wconf 85' lang='lat' dir='ltr'>eas</span> <span class='ocrx_word' id='word_1_171' title='bbox 759 1715 904 1763; x_wconf 86' lang='lat' dir='ltr'>impediri</span> <span class='ocrx_word' id='word_1_172' title='bbox 932 1728 994 1750; x_wconf 92' lang='lat' dir='ltr'>non</span> <span class='ocrx_word' id='word_1_173' title='bbox 1018 1715 1190 1761; x_wconf 82' lang='lat' dir='ltr'>contingat,</span> 
     </span>
     <span class='ocr_line' id='line_1_36' title="bbox 439 1764 1190 1808; baseline -0.004 -6"><span class='ocrx_word' id='word_1_174' title='bbox 439 1779 642 1807; x_wconf 79' lang='lat' dir='ltr'>revocamus,</span> <span class='ocrx_word' id='word_1_175' title='bbox 670 1778 829 1800; x_wconf 77' lang='lat' dir='ltr'>cassamus</span> <span class='ocrx_word' id='word_1_176' title='bbox 856 1774 887 1801; x_wconf 85' lang='lat' dir='ltr'>et</span> <span class='ocrx_word' id='word_1_177' title='bbox 920 1764 1133 1808; x_wconf 79' lang='lat' dir='ltr'>annullamus,</span> <span class='ocrx_word' id='word_1_178' title='bbox 1155 1777 1190 1800; x_wconf 90' lang='lat' dir='ltr'>ac</span> 
     </span>
     <span class='ocr_line' id='line_1_37' title="bbox 438 1814 1190 1864; baseline -0.003 -13"><span class='ocrx_word' id='word_1_179' title='bbox 438 1828 494 1864; x_wconf 90' lang='lat' dir='ltr'>pro</span> <span class='ocrx_word' id='word_1_180' title='bbox 525 1815 649 1851; x_wconf 81' lang='lat' dir='ltr'>infectis</span> <span class='ocrx_word' id='word_1_181' title='bbox 675 1824 704 1850; x_wconf 91' lang='lat' dir='ltr'>et</span> <span class='ocrx_word' id='word_1_182' title='bbox 728 1815 823 1850; x_wconf 90' lang='lat' dir='ltr'>nullis</span> <span class='ocrx_word' id='word_1_183' title='bbox 851 1814 974 1859; x_wconf 83' lang='lat' dir='ltr'>baberi,</span> <span class='ocrx_word' id='word_1_184' title='bbox 1007 1815 1128 1850; x_wconf 89' lang='lat' dir='ltr'>censeri</span> <span class='ocrx_word' id='word_1_185' title='bbox 1161 1824 1190 1849; x_wconf 88' lang='lat' dir='ltr'>et</span> 
     </span>
     <span class='ocr_line' id='line_1_38' title="bbox 439 1865 1193 1912; baseline -0.004 -11"><span class='ocrx_word' id='word_1_186' title='bbox 439 1866 574 1912; x_wconf 82' lang='lat' dir='ltr'>reputari</span> <span class='ocrx_word' id='word_1_187' title='bbox 603 1865 718 1900; x_wconf 86' lang='lat' dir='ltr'>debere</span> <span class='ocrx_word' id='word_1_188' title='bbox 741 1865 958 1905; x_wconf 79' lang='lat' dir='ltr'>decernimus3</span> <span class='ocrx_word' id='word_1_189' title='bbox 983 1876 1104 1899; x_wconf 86' lang='lat' dir='ltr'>necnon</span> <span class='ocrx_word' id='word_1_190' title='bbox 1133 1871 1193 1899; x_wconf 88' lang='lat' dir='ltr'>sta-</span> 
     </span>
     <span class='ocr_line' id='line_1_39' title="bbox 440 1913 1192 1954; baseline -0.004 -4"><span class='ocrx_word' id='word_1_191' title='bbox 440 1916 515 1950; x_wconf 91' lang='lat' dir='ltr'>tutis</span> <span class='ocrx_word' id='word_1_192' title='bbox 536 1923 565 1950; x_wconf 89' lang='lat' dir='ltr'>et</span> <span class='ocrx_word' id='word_1_193' title='bbox 592 1913 876 1950; x_wconf 85' lang='lat' dir='ltr'>consuetudinibus</span> <span class='ocrx_word' id='word_1_194' title='bbox 906 1914 1166 1949; x_wconf 84' lang='lat' dir='ltr'>monasteriorum</span> <span class='ocrx_word' id='word_1_195' title='bbox 1184 1942 1192 1954; x_wconf 91' lang='lat'>,</span> 
     </span>
     <span class='ocr_line' id='line_1_40' title="bbox 440 1963 1193 2011; baseline -0.004 -11"><span class='ocrx_word' id='word_1_196' title='bbox 440 1966 581 2000; x_wconf 88' lang='lat' dir='ltr'>locorum</span> <span class='ocrx_word' id='word_1_197' title='bbox 615 1973 643 1999; x_wconf 92' lang='lat' dir='ltr'>ct</span> <span class='ocrx_word' id='word_1_198' title='bbox 670 1963 800 1999; x_wconf 84' lang='lat' dir='ltr'>Ordinis</span> <span class='ocrx_word' id='word_1_199' title='bbox 829 1963 1078 2011; x_wconf 86' lang='lat' dir='ltr'>praedictorum,</span> <span class='ocrx_word' id='word_1_200' title='bbox 1106 1964 1193 1998; x_wconf 88' lang='lat' dir='ltr'>iura-</span> 
     </span>
     <span class='ocr_line' id='line_1_41' title="bbox 440 2013 1193 2060; baseline -0.003 -10"><span class='ocrx_word' id='word_1_201' title='bbox 440 2023 558 2056; x_wconf 82' lang='lat' dir='ltr'>mento,</span> <span class='ocrx_word' id='word_1_202' title='bbox 576 2014 817 2050; x_wconf 81' lang='lat' dir='ltr'>confirmatione</span> <span class='ocrx_word' id='word_1_203' title='bbox 837 2013 1024 2060; x_wconf 88' lang='lat' dir='ltr'>apostolica,</span> <span class='ocrx_word' id='word_1_204' title='bbox 1049 2013 1094 2048; x_wconf 88' lang='lat' dir='ltr'>vel</span> <span class='ocrx_word' id='word_1_205' title='bbox 1116 2025 1193 2059; x_wconf 86' lang='lat' dir='ltr'>qua-</span> 
     </span>
     <span class='ocr_line' id='line_1_42' title="bbox 441 2062 1193 2110; baseline -0.005 -9"><span class='ocrx_word' id='word_1_206' title='bbox 441 2067 487 2101; x_wconf 92' lang='lat' dir='ltr'>vis</span> <span class='ocrx_word' id='word_1_207' title='bbox 514 2065 659 2100; x_wconf 81' lang='lat' dir='ltr'>firmitate</span> <span class='ocrx_word' id='word_1_208' title='bbox 694 2064 752 2099; x_wconf 84' lang='lat' dir='ltr'>alia</span> <span class='ocrx_word' id='word_1_209' title='bbox 789 2062 964 2103; x_wconf 89' lang='lat' dir='ltr'>roboratis,</span> <span class='ocrx_word' id='word_1_210' title='bbox 998 2063 1193 2110; x_wconf 84' lang='lat' dir='ltr'>caeterisque</span> 
     </span>
     <span class='ocr_line' id='line_1_43' title="bbox 440 2113 1194 2161; baseline -0.007 -9"><span class='ocrx_word' id='word_1_211' title='bbox 440 2116 605 2152; x_wconf 85' lang='lat' dir='ltr'>contrariis</span> <span class='ocrx_word' id='word_1_212' title='bbox 639 2114 908 2161; x_wconf 74' lang='lat' dir='ltr'>quibuscumque,</span> <span class='ocrx_word' id='word_1_213' title='bbox 941 2122 995 2149; x_wconf 89' lang='lat' dir='ltr'>aut</span> <span class='ocrx_word' id='word_1_214' title='bbox 1027 2114 1052 2148; x_wconf 92' lang='lat' dir='ltr'>si</span> <span class='ocrx_word' id='word_1_215' title='bbox 1090 2113 1194 2147; x_wconf 89' lang='lat' dir='ltr'>archi-</span> 
     </span>
     <span class='ocr_line' id='line_1_44' title="bbox 441 2162 1194 2211; baseline -0.007 -9"><span class='ocrx_word' id='word_1_216' title='bbox 441 2166 617 2205; x_wconf 81' lang='lat' dir='ltr'>mandritis,</span> <span class='ocrx_word' id='word_1_217' title='bbox 646 2164 811 2199; x_wconf 86' lang='lat' dir='ltr'>abbatibus</span> <span class='ocrx_word' id='word_1_218' title='bbox 837 2172 867 2198; x_wconf 87' lang='lat' dir='ltr'>et</span> <span class='ocrx_word' id='word_1_219' title='bbox 891 2163 1033 2211; x_wconf 84' lang='lat' dir='ltr'>personis</span> <span class='ocrx_word' id='word_1_220' title='bbox 1067 2162 1194 2210; x_wconf 89' lang='lat' dir='ltr'>praedi-</span> 
     </span>
     <span class='ocr_line' id='line_1_45' title="bbox 441 2212 1192 2263; baseline -0.007 -11"><span class='ocrx_word' id='word_1_221' title='bbox 441 2217 499 2252; x_wconf 84' lang='lat' dir='ltr'>ctis</span> <span class='ocrx_word' id='word_1_222' title='bbox 533 2215 579 2251; x_wconf 85' lang='lat' dir='ltr'>vel</span> <span class='ocrx_word' id='word_1_223' title='bbox 614 2214 778 2263; x_wconf 78' lang='lat' dir='ltr'>quibusvis</span> <span class='ocrx_word' id='word_1_224' title='bbox 800 2214 879 2252; x_wconf 78' lang='lat' dir='ltr'>aliis,</span> <span class='ocrx_word' id='word_1_225' title='bbox 907 2212 1119 2249; x_wconf 87' lang='lat' dir='ltr'>communiter</span> <span class='ocrx_word' id='word_1_226' title='bbox 1148 2213 1192 2248; x_wconf 82' lang='lat' dir='ltr'>vel</span> 
     </span>
     <span class='ocr_line' id='line_1_46' title="bbox 442 2262 1195 2311; baseline -0.007 -10"><span class='ocrx_word' id='word_1_227' title='bbox 442 2267 580 2303; x_wconf 77' lang='lat' dir='ltr'>divisim.</span> <span class='ocrx_word' id='word_1_228' title='bbox 603 2278 618 2300; x_wconf 90' lang='lat' dir='ltr'>a</span> <span class='ocrx_word' id='word_1_229' title='bbox 641 2265 724 2299; x_wconf 85' lang='lat' dir='ltr'>Sede</span> <span class='ocrx_word' id='word_1_230' title='bbox 748 2263 928 2311; x_wconf 73' lang='lat' dir='ltr'>Apostolica</span> <span class='ocrx_word' id='word_1_231' title='bbox 953 2263 1065 2298; x_wconf 76' lang='lat' dir='ltr'>existat</span> <span class='ocrx_word' id='word_1_232' title='bbox 1088 2262 1195 2297; x_wconf 88' lang='lat' dir='ltr'>indul-</span> 
     </span>
     <span class='ocr_line' id='line_1_47' title="bbox 444 2313 1196 2363; baseline -0.005 -13"><span class='ocrx_word' id='word_1_233' title='bbox 444 2325 522 2358; x_wconf 86' lang='lat' dir='ltr'>tum,</span> <span class='ocrx_word' id='word_1_234' title='bbox 541 2315 623 2363; x_wconf 81' lang='lat' dir='ltr'>quod</span> <span class='ocrx_word' id='word_1_235' title='bbox 649 2315 808 2352; x_wconf 81' lang='lat' dir='ltr'>interdici,</span> <span class='ocrx_word' id='word_1_236' title='bbox 831 2313 982 2360; x_wconf 80' lang='lat' dir='ltr'>suspendi</span> <span class='ocrx_word' id='word_1_237' title='bbox 1004 2313 1048 2347; x_wconf 82' lang='lat' dir='ltr'>vel</span> <span class='ocrx_word' id='word_1_238' title='bbox 1072 2325 1196 2347; x_wconf 80' lang='lat' dir='ltr'>excom-</span> 
     </span>
     <span class='ocr_line' id='line_1_48' title="bbox 444 2363 1196 2409; baseline -0.008 -7"><span class='ocrx_word' id='word_1_239' title='bbox 444 2366 611 2404; x_wconf 86' lang='lat' dir='ltr'>municari,</span> <span class='ocrx_word' id='word_1_240' title='bbox 633 2374 686 2400; x_wconf 91' lang='lat' dir='ltr'>aut</span> <span class='ocrx_word' id='word_1_241' title='bbox 709 2364 746 2399; x_wconf 91' lang='lat' dir='ltr'>ad</span> <span class='ocrx_word' id='word_1_242' title='bbox 772 2363 923 2398; x_wconf 90' lang='lat' dir='ltr'>iudicium</span> <span class='ocrx_word' id='word_1_243' title='bbox 943 2363 1022 2399; x_wconf 84' lang='lat' dir='ltr'>tralii</span> <span class='ocrx_word' id='word_1_244' title='bbox 1046 2375 1107 2397; x_wconf 89' lang='lat' dir='ltr'>nou</span> <span class='ocrx_word' id='word_1_245' title='bbox 1129 2375 1196 2409; x_wconf 89' lang='lat' dir='ltr'>pos-</span> 
     </span>
     <span class='ocr_line' id='line_1_49' title="bbox 444 2412 1196 2462; baseline -0.008 -10"><span class='ocrx_word' id='word_1_246' title='bbox 444 2417 518 2457; x_wconf 88' lang='lat' dir='ltr'>sint,</span> <span class='ocrx_word' id='word_1_247' title='bbox 542 2429 595 2462; x_wconf 83' lang='lat' dir='ltr'>per</span> <span class='ocrx_word' id='word_1_248' title='bbox 618 2416 723 2450; x_wconf 87' lang='lat' dir='ltr'>literas</span> <span class='ocrx_word' id='word_1_249' title='bbox 746 2414 932 2461; x_wconf 78' lang='lat' dir='ltr'>apostolicas</span> <span class='ocrx_word' id='word_1_250' title='bbox 956 2426 1017 2447; x_wconf 90' lang='lat' dir='ltr'>nou</span> <span class='ocrx_word' id='word_1_251' title='bbox 1047 2412 1196 2447; x_wconf 72' lang='lat' dir='ltr'>facientes</span> 
     </span>
     <span class='ocr_line' id='line_1_50' title="bbox 445 2462 1195 2516; baseline -0.009 -13"><span class='ocrx_word' id='word_1_252' title='bbox 445 2468 568 2516; x_wconf 86' lang='lat' dir='ltr'>plenam</span> <span class='ocrx_word' id='word_1_253' title='bbox 603 2475 631 2501; x_wconf 89' lang='lat' dir='ltr'>et</span> <span class='ocrx_word' id='word_1_254' title='bbox 668 2477 867 2513; x_wconf 69' lang='lat' dir='ltr'>expressam,</span> <span class='ocrx_word' id='word_1_255' title='bbox 903 2477 937 2498; x_wconf 88' lang='lat' dir='ltr'>ac</span> <span class='ocrx_word' id='word_1_256' title='bbox 965 2463 1003 2498; x_wconf 81' lang='lat' dir='ltr'>‹le</span> <span class='ocrx_word' id='word_1_257' title='bbox 1033 2462 1125 2498; x_wconf 86' lang='lat' dir='ltr'>verbo</span> <span class='ocrx_word' id='word_1_258' title='bbox 1158 2462 1195 2497; x_wconf 90' lang='lat' dir='ltr'>ad</span> 
     </span>
     <span class='ocr_line' id='line_1_51' title="bbox 445 2513 1196 2557; baseline -0.009 -4"><span class='ocrx_word' id='word_1_259' title='bbox 445 2517 587 2557; x_wconf 88' lang='lat' dir='ltr'>verbum,</span> <span class='ocrx_word' id='word_1_260' title='bbox 604 2516 642 2551; x_wconf 90' lang='lat' dir='ltr'>de</span> <span class='ocrx_word' id='word_1_261' title='bbox 655 2515 776 2550; x_wconf 90' lang='lat' dir='ltr'>indulto</span> <span class='ocrx_word' id='word_1_262' title='bbox 789 2514 970 2549; x_wconf 83' lang='lat' dir='ltr'>huiusmodi</span> <span class='ocrx_word' id='word_1_263' title='bbox 991 2513 1196 2551; x_wconf 75' lang='lat' dir='ltr'>mentionem,</span> 
     </span>
     <span class='ocr_line' id='line_1_52' title="bbox 445 2562 1198 2616; baseline -0.009 -13"><span class='ocrx_word' id='word_1_264' title='bbox 445 2576 474 2603; x_wconf 87' lang='lat' dir='ltr'>et</span> <span class='ocrx_word' id='word_1_265' title='bbox 502 2566 694 2616; x_wconf 71' lang='lat' dir='ltr'>quibuslibet</span> <span class='ocrx_word' id='word_1_266' title='bbox 721 2565 790 2600; x_wconf 78' lang='lat' dir='ltr'>aliis</span> <span class='ocrx_word' id='word_1_267' title='bbox 815 2564 997 2612; x_wconf 74' lang='lat' dir='ltr'>privilegiis,</span> <span class='ocrx_word' id='word_1_268' title='bbox 1027 2562 1198 2598; x_wconf 88' lang='lat' dir='ltr'>unionibus</span> 
     </span>
     <span class='ocr_line' id='line_1_53' title="bbox 446 2613 1198 2653; baseline -0.007 -1"><span class='ocrx_word' id='word_1_269' title='bbox 446 2618 601 2653; x_wconf 87' lang='lat' dir='ltr'>dictorum</span> <span class='ocrx_word' id='word_1_270' title='bbox 631 2616 888 2651; x_wconf 86' lang='lat' dir='ltr'>monasteriorum</span> <span class='ocrx_word' id='word_1_271' title='bbox 917 2623 947 2649; x_wconf 84' lang='lat' dir='ltr'>et</span> <span class='ocrx_word' id='word_1_272' title='bbox 971 2613 1198 2652; x_wconf 82' lang='lat' dir='ltr'>Ecclesiarum,</span> 
     </span>
     <span class='ocr_line' id='line_1_54' title="bbox 447 2662 1199 2718; baseline -0.007 -16"><span class='ocrx_word' id='word_1_273' title='bbox 447 2667 609 2718; x_wconf 85' lang='lat' dir='ltr'>quibusvis</span> <span class='ocrx_word' id='word_1_274' title='bbox 623 2667 715 2703; x_wconf 84' lang='lat' dir='ltr'>ctiam</span> <span class='ocrx_word' id='word_1_275' title='bbox 735 2665 967 2701; x_wconf 81' lang='lat' dir='ltr'>cathedralibus</span> <span class='ocrx_word' id='word_1_276' title='bbox 989 2663 1138 2701; x_wconf 88' lang='lat' dir='ltr'>Ecclesiis</span> <span class='ocrx_word' id='word_1_277' title='bbox 1154 2662 1199 2698; x_wconf 75' lang='lat' dir='ltr'>l&#39;a-</span> 
     </span>
    </p>
   </div>
   <div class='ocr_carea' id='block_1_5' title="bbox 1012 263 1385 289">
    <p class='ocr_par' dir='ltr' id='par_1_6' title="bbox 1012 263 1385 289">
     <span class='ocr_line' id='line_1_55' title="bbox 1012 263 1385 289; baseline -0.011 0"><span class='ocrx_word' id='word_1_278' title='bbox 1012 264 1200 289; x_wconf 65' lang='lat' dir='ltr'>aeturnum</span> <span class='ocrx_word' id='word_1_279' title='bbox 1221 263 1385 287; x_wconf 62' lang='lat' dir='ltr'>Romanum</span> 
     </span>
    </p>
   </div>
   <div class='ocr_carea' id='block_1_6' title="bbox 1223 314 1986 1550">
    <p class='ocr_par' dir='ltr' id='par_1_7' title="bbox 1223 314 1979 762">
     <span class='ocr_line' id='line_1_56' title="bbox 1223 314 1976 363; baseline -0.003 -11"><span class='ocrx_word' id='word_1_280' title='bbox 1223 318 1293 360; x_wconf 87' lang='lat' dir='ltr'>ctis,</span> <span class='ocrx_word' id='word_1_281' title='bbox 1313 315 1580 363; x_wconf 81' lang='lat' dir='ltr'>exemptionibus,</span> <span class='ocrx_word' id='word_1_282' title='bbox 1605 314 1809 362; x_wconf 84' lang='lat' dir='ltr'>indulgentiis</span> <span class='ocrx_word' id='word_1_283' title='bbox 1823 324 1855 350; x_wconf 88' lang='lat' dir='ltr'>et</span> <span class='ocrx_word' id='word_1_284' title='bbox 1877 314 1976 350; x_wconf 84' lang='lat' dir='ltr'>literis</span> 
     </span>
     <span class='ocr_line' id='line_1_57' title="bbox 1224 364 1975 413; baseline 0.001 -12"><span class='ocrx_word' id='word_1_285' title='bbox 1224 366 1403 413; x_wconf 79' lang='lat' dir='ltr'>apostolicis</span> <span class='ocrx_word' id='word_1_286' title='bbox 1437 365 1638 412; x_wconf 73' lang='lat' dir='ltr'>generalibus</span> <span class='ocrx_word' id='word_1_287' title='bbox 1675 365 1720 399; x_wconf 79' lang='lat' dir='ltr'>vel</span> <span class='ocrx_word' id='word_1_288' title='bbox 1758 364 1975 412; x_wconf 79' lang='lat' dir='ltr'>specialibus.</span> 
     </span>
     <span class='ocr_line' id='line_1_58' title="bbox 1224 416 1976 463; baseline 0.001 -14"><span class='ocrx_word' id='word_1_289' title='bbox 1224 428 1500 463; x_wconf 78' lang='lat' dir='ltr'>‹piorumcumque</span> <span class='ocrx_word' id='word_1_290' title='bbox 1519 423 1663 450; x_wconf 85' lang='lat' dir='ltr'>tenorum</span> <span class='ocrx_word' id='word_1_291' title='bbox 1678 416 1823 455; x_wconf 76' lang='lat' dir='ltr'>existant,</span> <span class='ocrx_word' id='word_1_292' title='bbox 1839 427 1894 463; x_wconf 88' lang='lat' dir='ltr'>per</span> <span class='ocrx_word' id='word_1_293' title='bbox 1907 427 1976 462; x_wconf 72' lang='lat' dir='ltr'>qua·</span> 
     </span>
     <span class='ocr_line' id='line_1_59' title="bbox 1226 465 1978 513; baseline -0.001 -14"><span class='ocrx_word' id='word_1_294' title='bbox 1226 465 1444 513; x_wconf 73' lang='lat' dir='ltr'>praesentibus</span> <span class='ocrx_word' id='word_1_295' title='bbox 1481 478 1541 500; x_wconf 87' lang='lat' dir='ltr'>uon</span> <span class='ocrx_word' id='word_1_296' title='bbox 1569 478 1733 513; x_wconf 75' lang='lat' dir='ltr'>expressa,</span> <span class='ocrx_word' id='word_1_297' title='bbox 1768 465 1814 499; x_wconf 85' lang='lat' dir='ltr'>vel</span> <span class='ocrx_word' id='word_1_298' title='bbox 1844 465 1978 500; x_wconf 84' lang='lat' dir='ltr'>totaliter</span> 
     </span>
     <span class='ocr_line' id='line_1_60' title="bbox 1226 515 1977 563; baseline -0.001 -14"><span class='ocrx_word' id='word_1_299' title='bbox 1226 529 1287 550; x_wconf 90' lang='lat' dir='ltr'>nou</span> <span class='ocrx_word' id='word_1_300' title='bbox 1313 517 1441 559; x_wconf 81' lang='lat' dir='ltr'>inserta,</span> <span class='ocrx_word' id='word_1_301' title='bbox 1465 516 1605 563; x_wconf 85' lang='lat' dir='ltr'>ipsorum</span> <span class='ocrx_word' id='word_1_302' title='bbox 1629 516 1823 550; x_wconf 77' lang='lat' dir='ltr'>visitatorum</span> <span class='ocrx_word' id='word_1_303' title='bbox 1843 515 1977 549; x_wconf 87' lang='lat' dir='ltr'>iurisdi-</span> 
     </span>
     <span class='ocr_line' id='line_1_61' title="bbox 1225 561 1978 613; baseline -0.005 -12"><span class='ocrx_word' id='word_1_304' title='bbox 1225 567 1341 601; x_wconf 69' lang='lat' dir='ltr'>ettonis</span> <span class='ocrx_word' id='word_1_305' title='bbox 1362 566 1528 612; x_wconf 83' lang='lat' dir='ltr'>explicatio</span> <span class='ocrx_word' id='word_1_306' title='bbox 1552 567 1581 600; x_wconf 91' lang='lat' dir='ltr'>in</span> <span class='ocrx_word' id='word_1_307' title='bbox 1598 561 1664 600; x_wconf 66' lang='lat' dir='ltr'>liac&#39;</span> <span class='ocrx_word' id='word_1_308' title='bbox 1678 574 1763 613; x_wconf 78' lang='lat' dir='ltr'>parte</span> <span class='ocrx_word' id='word_1_309' title='bbox 1780 565 1879 600; x_wconf 84' lang='lat' dir='ltr'>valeat</span> <span class='ocrx_word' id='word_1_310' title='bbox 1896 577 1978 612; x_wconf 88' lang='lat' dir='ltr'>quo-</span> 
     </span>
     <span class='ocr_line' id='line_1_62' title="bbox 1225 614 1979 662; baseline -0.003 -12"><span class='ocrx_word' id='word_1_311' title='bbox 1225 615 1397 650; x_wconf 86' lang='lat' dir='ltr'>modolibet</span> <span class='ocrx_word' id='word_1_312' title='bbox 1418 616 1573 662; x_wconf 87' lang='lat' dir='ltr'>impediri,</span> <span class='ocrx_word' id='word_1_313' title='bbox 1596 628 1688 662; x_wconf 85' lang='lat' dir='ltr'>quae,</span> <span class='ocrx_word' id='word_1_314' title='bbox 1709 615 1814 662; x_wconf 87' lang='lat' dir='ltr'>quoad</span> <span class='ocrx_word' id='word_1_315' title='bbox 1831 614 1901 654; x_wconf 88' lang='lat' dir='ltr'>hoc,</span> <span class='ocrx_word' id='word_1_316' title='bbox 1916 615 1979 649; x_wconf 89' lang='lat' dir='ltr'>eis-</span> 
     </span>
     <span class='ocr_line' id='line_1_63' title="bbox 1225 665 1979 710; baseline -0.003 -10"><span class='ocrx_word' id='word_1_317' title='bbox 1225 665 1490 706; x_wconf 86' lang='lat' dir='ltr'>deniabbatibus,</span> <span class='ocrx_word' id='word_1_318' title='bbox 1517 665 1658 710; x_wconf 88' lang='lat' dir='ltr'>personis</span> <span class='ocrx_word' id='word_1_319' title='bbox 1680 675 1709 700; x_wconf 87' lang='lat' dir='ltr'>et</span> <span class='ocrx_word' id='word_1_320' title='bbox 1737 665 1805 700; x_wconf 87' lang='lat' dir='ltr'>aliis</span> <span class='ocrx_word' id='word_1_321' title='bbox 1832 665 1979 699; x_wconf 86' lang='lat' dir='ltr'>nolumus</span> 
     </span>
     <span class='ocr_line' id='line_1_64' title="bbox 1225 715 1629 762; baseline -0.005 -11"><span class='ocrx_word' id='word_1_322' title='bbox 1225 717 1425 762; x_wconf 81' lang='lat' dir='ltr'>aliquatenus</span> <span class='ocrx_word' id='word_1_323' title='bbox 1452 715 1629 762; x_wconf 79' lang='lat' dir='ltr'>suffragari.</span> 
     </span>
    </p>

    <p class='ocr_par' dir='ltr' id='par_1_8' title="bbox 1226 764 1985 1261">
     <span class='ocr_line' id='line_1_65' title="bbox 1275 764 1979 813; baseline -0.003 -13"><span class='ocrx_word' id='word_1_324' title='bbox 1275 766 1294 813; x_wconf 66' lang='lat' dir='ltr'>S</span> <span class='ocrx_word' id='word_1_325' title='bbox 1313 768 1346 800; x_wconf 82' lang='lat'>9.</span> <span class='ocrx_word' id='word_1_326' title='bbox 1371 766 1537 800; x_wconf 83' lang='lat' dir='ltr'>Praeterea</span> <span class='ocrx_word' id='word_1_327' title='bbox 1560 777 1594 800; x_wconf 88' lang='lat' dir='ltr'>ea</span> <span class='ocrx_word' id='word_1_328' title='bbox 1617 764 1754 811; x_wconf 86' lang='lat' dir='ltr'>singula,</span> <span class='ocrx_word' id='word_1_329' title='bbox 1788 776 1867 812; x_wconf 84' lang='lat' dir='ltr'>quae</span> <span class='ocrx_word' id='word_1_330' title='bbox 1903 764 1979 798; x_wconf 85' lang='lat' dir='ltr'>visi-</span> 
     </span>
     <span class='ocr_line' id='line_1_66' title="bbox 1226 813 1978 860; baseline -0.003 -10"><span class='ocrx_word' id='word_1_331' title='bbox 1226 823 1342 851; x_wconf 76' lang='lat' dir='ltr'>tatores</span> <span class='ocrx_word' id='word_1_332' title='bbox 1369 815 1519 850; x_wconf 84' lang='lat' dir='ltr'>antedicti</span> <span class='ocrx_word' id='word_1_333' title='bbox 1551 815 1632 850; x_wconf 88' lang='lat' dir='ltr'>circa</span> <span class='ocrx_word' id='word_1_334' title='bbox 1659 814 1800 860; x_wconf 78' lang='lat' dir='ltr'>singulas</span> <span class='ocrx_word' id='word_1_335' title='bbox 1828 813 1978 860; x_wconf 87' lang='lat' dir='ltr'>privatio-</span> 
     </span>
     <span class='ocr_line' id='line_1_67' title="bbox 1228 863 1978 908; baseline -0.004 -8"><span class='ocrx_word' id='word_1_336' title='bbox 1228 878 1284 900; x_wconf 86' lang='lat' dir='ltr'>nes</span> <span class='ocrx_word' id='word_1_337' title='bbox 1316 874 1347 900; x_wconf 90' lang='lat' dir='ltr'>et</span> <span class='ocrx_word' id='word_1_338' title='bbox 1381 866 1556 900; x_wconf 82' lang='lat' dir='ltr'>amotiones</span> <span class='ocrx_word' id='word_1_339' title='bbox 1592 864 1772 900; x_wconf 87' lang='lat' dir='ltr'>huiusmodi</span> <span class='ocrx_word' id='word_1_340' title='bbox 1814 863 1978 908; x_wconf 81' lang='lat' dir='ltr'>fecerunt,</span> 
     </span>
     <span class='ocr_line' id='line_1_68' title="bbox 1229 914 1978 963; baseline -0.001 -14"><span class='ocrx_word' id='word_1_341' title='bbox 1229 915 1330 959; x_wconf 87' lang='lat' dir='ltr'>nobis,</span> <span class='ocrx_word' id='word_1_342' title='bbox 1354 927 1410 963; x_wconf 80' lang='lat' dir='ltr'>per</span> <span class='ocrx_word' id='word_1_343' title='bbox 1428 927 1536 950; x_wconf 88' lang='lat' dir='ltr'>eorum</span> <span class='ocrx_word' id='word_1_344' title='bbox 1558 922 1700 962; x_wconf 81' lang='lat' dir='ltr'>patentes</span> <span class='ocrx_word' id='word_1_345' title='bbox 1714 914 1819 949; x_wconf 87' lang='lat' dir='ltr'>literas</span> <span class='ocrx_word' id='word_1_346' title='bbox 1838 914 1978 961; x_wconf 87' lang='lat' dir='ltr'>ipsorum</span> 
     </span>
     <span class='ocr_line' id='line_1_69' title="bbox 1227 963 1981 1012; baseline -0.004 -12"><span class='ocrx_word' id='word_1_347' title='bbox 1227 965 1336 1012; x_wconf 74' lang='lat' dir='ltr'>sigillis</span> <span class='ocrx_word' id='word_1_348' title='bbox 1358 965 1519 1012; x_wconf 78' lang='lat' dir='ltr'>sigillatas,</span> <span class='ocrx_word' id='word_1_349' title='bbox 1542 964 1729 1012; x_wconf 88' lang='lat' dir='ltr'>quantocius</span> <span class='ocrx_word' id='word_1_350' title='bbox 1753 963 1885 998; x_wconf 83' lang='lat' dir='ltr'>fideliter</span> <span class='ocrx_word' id='word_1_351' title='bbox 1907 963 1981 998; x_wconf 91' lang='lat' dir='ltr'>iuti-</span> 
     </span>
     <span class='ocr_line' id='line_1_70' title="bbox 1229 1013 1982 1062; baseline -0.004 -12"><span class='ocrx_word' id='word_1_352' title='bbox 1229 1028 1313 1050; x_wconf 82' lang='lat' dir='ltr'>mare</span> <span class='ocrx_word' id='word_1_353' title='bbox 1341 1024 1527 1062; x_wconf 78' lang='lat' dir='ltr'>procurent,</span> <span class='ocrx_word' id='word_1_354' title='bbox 1553 1023 1595 1055; x_wconf 82' lang='lat' dir='ltr'>ut,</span> <span class='ocrx_word' id='word_1_355' title='bbox 1619 1027 1727 1049; x_wconf 90' lang='lat' dir='ltr'>eorum</span> <span class='ocrx_word' id='word_1_356' title='bbox 1761 1013 1982 1048; x_wconf 79' lang='lat' dir='ltr'>informatione</span> 
     </span>
     <span class='ocr_line' id='line_1_71' title="bbox 1229 1063 1982 1112; baseline -0.004 -12"><span class='ocrx_word' id='word_1_357' title='bbox 1229 1065 1355 1112; x_wconf 86' lang='lat' dir='ltr'>plenius</span> <span class='ocrx_word' id='word_1_358' title='bbox 1377 1065 1535 1106; x_wconf 78' lang='lat' dir='ltr'>instructi,</span> <span class='ocrx_word' id='word_1_359' title='bbox 1557 1066 1638 1100; x_wconf 82' lang='lat' dir='ltr'>circa</span> <span class='ocrx_word' id='word_1_360' title='bbox 1656 1063 1850 1111; x_wconf 82' lang='lat' dir='ltr'>provisiones</span> <span class='ocrx_word' id='word_1_361' title='bbox 1874 1075 1982 1098; x_wconf 86' lang='lat' dir='ltr'>mona-</span> 
     </span>
     <span class='ocr_line' id='line_1_72' title="bbox 1228 1113 1984 1162; baseline -0.003 -12"><span class='ocrx_word' id='word_1_362' title='bbox 1228 1116 1398 1150; x_wconf 86' lang='lat' dir='ltr'>steriorum</span> <span class='ocrx_word' id='word_1_363' title='bbox 1418 1124 1448 1150; x_wconf 91' lang='lat' dir='ltr'>et</span> <span class='ocrx_word' id='word_1_364' title='bbox 1468 1115 1608 1150; x_wconf 86' lang='lat' dir='ltr'>locorum</span> <span class='ocrx_word' id='word_1_365' title='bbox 1626 1123 1701 1149; x_wconf 87' lang='lat' dir='ltr'>tunc</span> <span class='ocrx_word' id='word_1_366' title='bbox 1721 1125 1775 1162; x_wconf 88' lang='lat' dir='ltr'>per</span> <span class='ocrx_word' id='word_1_367' title='bbox 1793 1113 1984 1160; x_wconf 83' lang='lat' dir='ltr'>privationes</span> 
     </span>
     <span class='ocr_line' id='line_1_73' title="bbox 1229 1163 1985 1208; baseline -0.003 -9"><span class='ocrx_word' id='word_1_368' title='bbox 1229 1173 1258 1200; x_wconf 91' lang='lat' dir='ltr'>et</span> <span class='ocrx_word' id='word_1_369' title='bbox 1281 1165 1456 1200; x_wconf 87' lang='lat' dir='ltr'>amotioues</span> <span class='ocrx_word' id='word_1_370' title='bbox 1484 1165 1665 1199; x_wconf 83' lang='lat' dir='ltr'>huiusmodi</span> <span class='ocrx_word' id='word_1_371' title='bbox 1690 1163 1880 1208; x_wconf 84' lang='lat' dir='ltr'>vacantium,</span> <span class='ocrx_word' id='word_1_372' title='bbox 1907 1175 1985 1198; x_wconf 92' lang='lat' dir='ltr'>con-</span> 
     </span>
     <span class='ocr_line' id='line_1_74' title="bbox 1229 1214 1656 1261; baseline -0.005 -10"><span class='ocrx_word' id='word_1_373' title='bbox 1229 1215 1344 1251; x_wconf 87' lang='lat' dir='ltr'>sultius</span> <span class='ocrx_word' id='word_1_374' title='bbox 1370 1227 1464 1261; x_wconf 82' lang='lat' dir='ltr'>agere</span> <span class='ocrx_word' id='word_1_375' title='bbox 1488 1214 1656 1249; x_wconf 87' lang='lat' dir='ltr'>valeamus.</span> 
     </span>
    </p>

    <p class='ocr_par' dir='ltr' id='par_1_9' title="bbox 1282 1265 1539 1311">
     <span class='ocr_line' id='line_1_75' title="bbox 1282 1265 1539 1311; baseline -0.008 -11"><span class='ocrx_word' id='word_1_376' title='bbox 1282 1265 1365 1300; x_wconf 81' lang='lat' dir='ltr'>Nulli</span> <span class='ocrx_word' id='word_1_377' title='bbox 1390 1277 1465 1311; x_wconf 76' lang='lat' dir='ltr'>ergo</span> <span class='ocrx_word' id='word_1_378' title='bbox 1487 1272 1539 1299; x_wconf 83' lang='lat' dir='ltr'>etc.</span> 
     </span>
    </p>

    <p class='ocr_par' dir='ltr' id='par_1_10' title="bbox 1280 1314 1626 1362">
     <span class='ocr_line' id='line_1_76' title="bbox 1280 1314 1626 1362; baseline -0.003 -13"><span class='ocrx_word' id='word_1_379' title='bbox 1280 1314 1314 1350; x_wconf 83' lang='lat' dir='ltr'>Si</span> <span class='ocrx_word' id='word_1_380' title='bbox 1339 1315 1411 1362; x_wconf 83' lang='lat' dir='ltr'>quis</span> <span class='ocrx_word' id='word_1_381' title='bbox 1438 1324 1545 1350; x_wconf 86' lang='lat' dir='ltr'>autem</span> <span class='ocrx_word' id='word_1_382' title='bbox 1572 1322 1626 1348; x_wconf 81' lang='lat' dir='ltr'>etc.</span> 
     </span>
    </p>

    <p class='ocr_par' dir='ltr' id='par_1_11' title="bbox 1231 1361 1986 1550">
     <span class='ocr_line' id='line_1_77' title="bbox 1281 1361 1986 1409; baseline -0.004 -9"><span class='ocrx_word' id='word_1_383' title='bbox 1281 1365 1395 1400; x_wconf 84' lang='lat' dir='ltr'>Datum</span> <span class='ocrx_word' id='word_1_384' title='bbox 1421 1365 1541 1400; x_wconf 81' lang='lat' dir='ltr'>Romae</span> <span class='ocrx_word' id='word_1_385' title='bbox 1567 1363 1652 1409; x_wconf 77' lang='lat' dir='ltr'>apud</span> <span class='ocrx_word' id='word_1_386' title='bbox 1675 1361 1709 1397; x_wconf 87' lang='lat' dir='ltr'>S.</span> <span class='ocrx_word' id='word_1_387' title='bbox 1733 1362 1876 1402; x_wconf 87' lang='lat' dir='ltr'>Petrum,</span> <span class='ocrx_word' id='word_1_388' title='bbox 1903 1375 1986 1397; x_wconf 86' lang='lat' dir='ltr'>anno</span> 
     </span>
     <span class='ocr_line' id='line_1_78' title="bbox 1232 1413 1986 1456; baseline -0.004 -7"><span class='ocrx_word' id='word_1_389' title='bbox 1232 1414 1457 1450; x_wconf 80' lang='lat' dir='ltr'>incarnationis</span> <span class='ocrx_word' id='word_1_390' title='bbox 1478 1414 1655 1448; x_wconf 79' lang='lat' dir='ltr'>dominicae</span> <span class='ocrx_word' id='word_1_391' title='bbox 1677 1424 1877 1456; x_wconf 73' lang='lat' dir='ltr'>mccccxm,</span> <span class='ocrx_word' id='word_1_392' title='bbox 1897 1413 1986 1448; x_wconf 86' lang='lat' dir='ltr'>deci-</span> 
     </span>
     <span class='ocr_line' id='line_1_79' title="bbox 1232 1463 1986 1505; baseline -0.004 -6"><span class='ocrx_word' id='word_1_393' title='bbox 1232 1477 1372 1500; x_wconf 91' lang='lat' dir='ltr'>monono</span> <span class='ocrx_word' id='word_1_394' title='bbox 1405 1464 1553 1499; x_wconf 85' lang='lat' dir='ltr'>kalendas</span> <span class='ocrx_word' id='word_1_395' title='bbox 1587 1463 1731 1505; x_wconf 88' lang='lat' dir='ltr'>ianuarii,</span> <span class='ocrx_word' id='word_1_396' title='bbox 1757 1474 1841 1497; x_wconf 90' lang='lat' dir='ltr'>anno</span> <span class='ocrx_word' id='word_1_397' title='bbox 1873 1470 1986 1497; x_wconf 80' lang='lat' dir='ltr'>sexto-</span> 
     </span>
     <span class='ocr_line' id='line_1_80' title="bbox 1231 1514 1367 1550; baseline -0.007 -1"><span class='ocrx_word' id='word_1_398' title='bbox 1231 1514 1367 1550; x_wconf 89' lang='lat' dir='ltr'>decimo.</span> 
     </span>
    </p>
   </div>
   <div class='ocr_carea' id='block_1_7' title="bbox 1272 1575 1946 1613">
    <p class='ocr_par' dir='ltr' id='par_1_12' title="bbox 1272 1575 1946 1613">
     <span class='ocr_line' id='line_1_81' title="bbox 1272 1575 1946 1613; baseline -0.006 -6"><span class='ocrx_word' id='word_1_399' title='bbox 1272 1576 1333 1607; x_wconf 86' lang='lat' dir='ltr'>Dat.</span> <span class='ocrx_word' id='word_1_400' title='bbox 1354 1577 1389 1607; x_wconf 66' lang='lat'>14</span> <span class='ocrx_word' id='word_1_401' title='bbox 1405 1575 1573 1607; x_wconf 87' lang='lat' dir='ltr'>decembris</span> <span class='ocrx_word' id='word_1_402' title='bbox 1595 1575 1679 1612; x_wconf 68' lang='lat'>1446,</span> <span class='ocrx_word' id='word_1_403' title='bbox 1698 1578 1775 1613; x_wconf 83' lang='lat' dir='ltr'>pont.</span> <span class='ocrx_word' id='word_1_404' title='bbox 1796 1583 1872 1604; x_wconf 89' lang='lat' dir='ltr'>anno</span> <span class='ocrx_word' id='word_1_405' title='bbox 1892 1583 1946 1604; x_wconf 87' lang='lat' dir='ltr'>xvi.</span> 
     </span>
    </p>
   </div>
   <div class='ocr_carea' id='block_1_8' title="bbox 1517 1662 1682 1668">
    <p class='ocr_par' dir='ltr' id='par_1_13' title="bbox 1517 1662 1682 1668">
     <span class='ocr_line' id='line_1_82' title="bbox 1517 1662 1682 1668; baseline 0 0"><span class='ocrx_word' id='word_1_406' title='bbox 1517 1662 1682 1668; x_wconf 95' lang='lat' dir='ltr'> </span> 
     </span>
    </p>
   </div>
   <div class='ocr_carea' id='block_1_9' title="bbox 1537 1765 1680 1802">
    <p class='ocr_par' dir='ltr' id='par_1_14' title="bbox 1537 1765 1680 1802">
     <span class='ocr_line' id='line_1_83' title="bbox 1537 1765 1680 1802; baseline -0.014 0"><span class='ocrx_word' id='word_1_407' title='bbox 1537 1765 1680 1802; x_wconf 85' lang='lat' dir='ltr'>XXXIV.</span> 
     </span>
    </p>
   </div>
   <div class='ocr_carea' id='block_1_10' title="bbox 1234 1842 1991 2050">
    <p class='ocr_par' dir='ltr' id='par_1_15' title="bbox 1234 1842 1991 1936">
     <span class='ocr_line' id='line_1_84' title="bbox 1234 1842 1991 1880; baseline -0.003 -1"><span class='ocrx_word' id='word_1_408' title='bbox 1234 1846 1398 1880; x_wconf 76' lang='lat' dir='ltr'>Innovaeio</span> <span class='ocrx_word' id='word_1_409' title='bbox 1425 1843 1637 1878; x_wconf 74' lang='lat' dir='ltr'>damnationis</span> <span class='ocrx_word' id='word_1_410' title='bbox 1672 1842 1766 1876; x_wconf 77' lang='lat' dir='ltr'>crium</span> <span class='ocrx_word' id='word_1_411' title='bbox 1788 1843 1991 1877; x_wconf 77' lang='lat' dir='ltr'>articulorum</span> 
     </span>
     <span class='ocr_line' id='line_1_85' title="bbox 1287 1897 1991 1936; baseline -0.006 -2"><span class='ocrx_word' id='word_1_412' title='bbox 1287 1900 1414 1934; x_wconf 77' lang='lat' dir='ltr'>loannis</span> <span class='ocrx_word' id='word_1_413' title='bbox 1440 1900 1476 1932; x_wconf 86' lang='lat' dir='ltr'>de</span> <span class='ocrx_word' id='word_1_414' title='bbox 1506 1898 1645 1936; x_wconf 75' lang='lat' dir='ltr'>Poliaco,</span> <span class='ocrx_word' id='word_1_415' title='bbox 1667 1897 1834 1931; x_wconf 78' lang='lat' dir='ltr'>catholicae</span> <span class='ocrx_word' id='word_1_416' title='bbox 1867 1898 1991 1932; x_wconf 76' lang='lat' dir='ltr'>veritati</span> 
     </span>
    </p>

    <p class='ocr_par' dir='ltr' id='par_1_16' title="bbox 1258 1952 1989 2050">
     <span class='ocr_line' id='line_1_86' title="bbox 1258 1952 1989 1998; baseline -0.001 -11"><span class='ocrx_word' id='word_1_417' title='bbox 1258 1952 1263 1958; x_wconf 77' lang='grc'><strong>“</strong></span> <span class='ocrx_word' id='word_1_418' title='bbox 1283 1955 1365 1988; x_wconf 81' lang='lat' dir='ltr'>circa</span> <span class='ocrx_word' id='word_1_419' title='bbox 1385 1953 1587 1998; x_wconf 75' lang='lat' dir='ltr'>poenitentiae</span> <span class='ocrx_word' id='word_1_420' title='bbox 1619 1957 1844 1985; x_wconf 80' lang='lat' dir='ltr'>sacramentum</span> <span class='ocrx_word' id='word_1_421' title='bbox 1864 1958 1989 1986; x_wconf 85' lang='lat' dir='ltr'>contra-</span> 
     </span>
     <span class='ocr_line' id='line_1_87' title="bbox 1284 2009 1488 2050; baseline -0.01 -8"><span class='ocrx_word' id='word_1_422' title='bbox 1284 2010 1404 2042; x_wconf 74' lang='lat' dir='ltr'>riorum</span> <span class='ocrx_word' id='word_1_423' title='bbox 1428 2009 1488 2050; x_wconf 82' lang='lat' dir='ltr'>(t).</span> 
     </span>
    </p>
   </div>
   <div class='ocr_carea' id='block_1_11' title="bbox 1503 2086 1718 2118">
    <p class='ocr_par' dir='ltr' id='par_1_17' title="bbox 1503 2086 1718 2118">
     <span class='ocr_line' id='line_1_88' title="bbox 1503 2086 1718 2118; baseline -0.014 0"><span class='ocrx_word' id='word_1_424' title='bbox 1503 2086 1718 2118; x_wconf 76' lang='lat' dir='ltr'>SUMMAntUM</span> 
     </span>
    </p>
   </div>
   <div class='ocr_carea' id='block_1_12' title="bbox 1236 2149 1993 2640">
    <p class='ocr_par' dir='ltr' id='par_1_18' title="bbox 1236 2149 1993 2640">
     <span class='ocr_line' id='line_1_89' title="bbox 1236 2149 1988 2189; baseline -0.003 -6"><span class='ocrx_word' id='word_1_425' title='bbox 1236 2152 1402 2183; x_wconf 80' lang='lat' dir='ltr'>Exordium.</span> <span class='ocrx_word' id='word_1_426' title='bbox 1426 2169 1463 2173; x_wconf 96' lang='lat'><strong>—</strong></span> <span class='ocrx_word' id='word_1_427' title='bbox 1495 2151 1517 2180; x_wconf 84' lang='lat' dir='ltr'>l.</span> <span class='ocrx_word' id='word_1_428' title='bbox 1539 2150 1607 2189; x_wconf 84' lang='lat' dir='ltr'>Cap.</span> <span class='ocrx_word' id='word_1_429' title='bbox 1631 2150 1719 2189; x_wconf 84' lang='lat' dir='ltr'>Super</span> <span class='ocrx_word' id='word_1_430' title='bbox 1748 2149 1912 2180; x_wconf 79' lang='lat' dir='ltr'>Cathedram</span> <span class='ocrx_word' id='word_1_431' title='bbox 1931 2150 1988 2181; x_wconf 85' lang='lat' dir='ltr'>Bo-</span> 
     </span>
     <span class='ocr_line' id='line_1_90' title="bbox 1277 2195 1991 2227; baseline -0.001 0"><span class='ocrx_word' id='word_1_432' title='bbox 1277 2197 1376 2227; x_wconf 84' lang='lat' dir='ltr'>nisaeii</span> <span class='ocrx_word' id='word_1_433' title='bbox 1394 2195 1454 2226; x_wconf 72' lang='lat' dir='ltr'>t&#39;tll</span> <span class='ocrx_word' id='word_1_434' title='bbox 1477 2195 1719 2225; x_wconf 77' lang='lat' dir='ltr'>constitutionem</span> <span class='ocrx_word' id='word_1_435' title='bbox 1743 2195 1847 2224; x_wconf 86' lang='lat' dir='ltr'>recolit</span> <span class='ocrx_word' id='word_1_436' title='bbox 1869 2195 1904 2225; x_wconf 91' lang='lat' dir='ltr'>de</span> <span class='ocrx_word' id='word_1_437' title='bbox 1920 2205 1991 2226; x_wconf 90' lang='lat' dir='ltr'>con—</span> 
     </span>
     <span class='ocr_line' id='line_1_91' title="bbox 1277 2238 1992 2280; baseline -0.001 -8"><span class='ocrx_word' id='word_1_438' title='bbox 1277 2241 1459 2272; x_wconf 78' lang='lat' dir='ltr'>fessionibus</span> <span class='ocrx_word' id='word_1_439' title='bbox 1479 2250 1529 2280; x_wconf 81' lang='lat' dir='ltr'>per</span> <span class='ocrx_word' id='word_1_440' title='bbox 1549 2241 1654 2270; x_wconf 78' lang='lat' dir='ltr'>fratres</span> <span class='ocrx_word' id='word_1_441' title='bbox 1672 2238 1799 2270; x_wconf 85' lang='lat' dir='ltr'>Ordines</span> <span class='ocrx_word' id='word_1_442' title='bbox 1823 2239 1992 2271; x_wconf 86' lang='lat' dir='ltr'>Mendican-</span> 
     </span>
     <span class='ocr_line' id='line_1_92' title="bbox 1278 2284 1991 2318; baseline -0.003 0"><span class='ocrx_word' id='word_1_443' title='bbox 1278 2289 1348 2318; x_wconf 93' lang='lat' dir='ltr'>tium</span> <span class='ocrx_word' id='word_1_444' title='bbox 1372 2287 1539 2317; x_wconf 74' lang='lat' dir='ltr'>audiendis.</span> <span class='ocrx_word' id='word_1_445' title='bbox 1567 2303 1606 2308; x_wconf 92' lang='lat'><strong>—</strong></span> <span class='ocrx_word' id='word_1_446' title='bbox 1630 2285 1657 2315; x_wconf 60' lang='lat'>⁹2.</span> <span class='ocrx_word' id='word_1_447' title='bbox 1683 2284 1800 2314; x_wconf 86' lang='lat' dir='ltr'>loannis</span> <span class='ocrx_word' id='word_1_448' title='bbox 1819 2285 1854 2315; x_wconf 87' lang='lat' dir='ltr'>de</span> <span class='ocrx_word' id='word_1_449' title='bbox 1874 2285 1991 2316; x_wconf 82' lang='lat' dir='ltr'>Peliaco</span> 
     </span>
     <span class='ocr_line' id='line_1_93' title="bbox 1278 2329 1993 2365; baseline -0.001 -2"><span class='ocrx_word' id='word_1_450' title='bbox 1278 2342 1403 2363; x_wconf 82' lang='lat' dir='ltr'>errores.</span> <span class='ocrx_word' id='word_1_451' title='bbox 1427 2349 1465 2354; x_wconf 92' lang='lat'>—</span> <span class='ocrx_word' id='word_1_452' title='bbox 1487 2332 1507 2361; x_wconf 83' lang='grc' dir='ltr'><strong>Λ</strong></span> <span class='ocrx_word' id='word_1_453' title='bbox 1528 2330 1635 2361; x_wconf 85' lang='lat' dir='ltr'>loauue</span> <span class='ocrx_word' id='word_1_454' title='bbox 1655 2329 1723 2360; x_wconf 80' lang='lat' dir='ltr'>xxll</span> <span class='ocrx_word' id='word_1_455' title='bbox 1743 2329 1886 2365; x_wconf 87' lang='lat' dir='ltr'>damnati,</span> <span class='ocrx_word' id='word_1_456' title='bbox 1903 2348 1942 2353; x_wconf 80' lang='lat'>—</span> <span class='ocrx_word' id='word_1_457' title='bbox 1959 2331 1993 2362; x_wconf 82' lang='lat' dir='ltr'>Ei</span> 
     </span>
     <span class='ocr_line' id='line_1_94' title="bbox 1278 2375 1991 2415; baseline -0.003 -7"><span class='ocrx_word' id='word_1_458' title='bbox 1278 2378 1313 2408; x_wconf 87' lang='lat' dir='ltr'>ab</span> <span class='ocrx_word' id='word_1_459' title='bbox 1336 2378 1437 2407; x_wconf 74' lang='lat' dir='ltr'>eodem</span> <span class='ocrx_word' id='word_1_460' title='bbox 1459 2381 1578 2406; x_wconf 87' lang='lat' dir='ltr'>auctore</span> <span class='ocrx_word' id='word_1_461' title='bbox 1601 2375 1758 2415; x_wconf 84' lang='lat' dir='ltr'>reprobati.</span> <span class='ocrx_word' id='word_1_462' title='bbox 1790 2392 1830 2397; x_wconf 90' lang='grc'>--</span> <span class='ocrx_word' id='word_1_463' title='bbox 1859 2376 1886 2405; x_wconf 89' lang='grc'>3.</span> <span class='ocrx_word' id='word_1_464' title='bbox 1909 2376 1991 2406; x_wconf 87' lang='lat' dir='ltr'>Alios</span> 
     </span>
     <span class='ocr_line' id='line_1_95' title="bbox 1279 2422 1993 2460; baseline -0.003 -7"><span class='ocrx_word' id='word_1_465' title='bbox 1279 2424 1416 2453; x_wconf 77' lang='lat' dir='ltr'>subortos</span> <span class='ocrx_word' id='word_1_466' title='bbox 1428 2422 1638 2452; x_wconf 82' lang='lat' dir='ltr'>narrateadem</span> <span class='ocrx_word' id='word_1_467' title='bbox 1653 2430 1743 2460; x_wconf 80' lang='lat' dir='ltr'>super</span> <span class='ocrx_word' id='word_1_468' title='bbox 1759 2430 1789 2451; x_wconf 86' lang='lat' dir='ltr'>re</span> <span class='ocrx_word' id='word_1_469' title='bbox 1804 2430 1932 2459; x_wconf 76' lang='lat' dir='ltr'>erroreS,</span> <span class='ocrx_word' id='word_1_470' title='bbox 1954 2439 1993 2445; x_wconf 89' lang='lat'>·-</span> 
     </span>
     <span class='ocr_line' id='line_1_96' title="bbox 1277 2465 1989 2507; baseline -0.001 -9"><span class='ocrx_word' id='word_1_471' title='bbox 1277 2470 1305 2499; x_wconf 54' lang='grc' dir='ltr'>ιι.</span> <span class='ocrx_word' id='word_1_472' title='bbox 1339 2468 1453 2507; x_wconf 79' lang='lat' dir='ltr'>Eosque</span> <span class='ocrx_word' id='word_1_473' title='bbox 1476 2468 1593 2497; x_wconf 88' lang='lat' dir='ltr'>damnat</span> <span class='ocrx_word' id='word_1_474' title='bbox 1615 2465 1773 2504; x_wconf 77' lang='lat' dir='ltr'>Eugenius.</span> <span class='ocrx_word' id='word_1_475' title='bbox 1802 2483 1840 2488; x_wconf 95' lang='lat'><strong>—</strong></span> <span class='ocrx_word' id='word_1_476' title='bbox 1863 2467 1890 2496; x_wconf 83' lang='lat'>5.</span> <span class='ocrx_word' id='word_1_477' title='bbox 1918 2466 1989 2497; x_wconf 91' lang='lat' dir='ltr'>Sin-</span> 
     </span>
     <span class='ocr_line' id='line_1_97' title="bbox 1279 2510 1991 2552; baseline -0.003 -9"><span class='ocrx_word' id='word_1_478' title='bbox 1279 2513 1357 2552; x_wconf 75' lang='lat' dir='ltr'>gulis</span> <span class='ocrx_word' id='word_1_479' title='bbox 1389 2512 1556 2551; x_wconf 82' lang='lat' dir='ltr'>episeopis,</span> <span class='ocrx_word' id='word_1_480' title='bbox 1580 2516 1610 2540; x_wconf 87' lang='lat' dir='ltr'>ut</span> <span class='ocrx_word' id='word_1_481' title='bbox 1632 2510 1705 2542; x_wconf 77' lang='lat' dir='ltr'>haec</span> <span class='ocrx_word' id='word_1_482' title='bbox 1729 2510 1846 2550; x_wconf 84' lang='lat' dir='ltr'>populis</span> <span class='ocrx_word' id='word_1_483' title='bbox 1873 2511 1991 2549; x_wconf 82' lang='lat' dir='ltr'>signiti-</span> 
     </span>
     <span class='ocr_line' id='line_1_98' title="bbox 1279 2555 1991 2589; baseline -0.006 0"><span class='ocrx_word' id='word_1_484' title='bbox 1279 2563 1345 2589; x_wconf 83' lang='lat' dir='ltr'>ceut</span> <span class='ocrx_word' id='word_1_485' title='bbox 1367 2562 1395 2588; x_wconf 89' lang='lat' dir='ltr'>et</span> <span class='ocrx_word' id='word_1_486' title='bbox 1423 2556 1572 2587; x_wconf 86' lang='lat' dir='ltr'>observari</span> <span class='ocrx_word' id='word_1_487' title='bbox 1602 2555 1711 2586; x_wconf 71' lang='lat' dir='ltr'>saciant</span> <span class='ocrx_word' id='word_1_488' title='bbox 1737 2555 1863 2586; x_wconf 83' lang='lat' dir='ltr'>mandat.</span> <span class='ocrx_word' id='word_1_489' title='bbox 1895 2573 1934 2578; x_wconf 97' lang='lat'><strong>—</strong></span> <span class='ocrx_word' id='word_1_490' title='bbox 1963 2555 1991 2586; x_wconf 78' lang='lat'>6.</span> 
     </span>
     <span class='ocr_line' id='line_1_99' title="bbox 1280 2599 1844 2640; baseline -0.005 -8"><span class='ocrx_word' id='word_1_491' title='bbox 1280 2603 1384 2632; x_wconf 71' lang='lat' dir='ltr'>Contra</span> <span class='ocrx_word' id='word_1_492' title='bbox 1405 2606 1595 2631; x_wconf 82' lang='lat' dir='ltr'>contumaces</span> <span class='ocrx_word' id='word_1_493' title='bbox 1614 2600 1732 2640; x_wconf 85' lang='lat' dir='ltr'>procedi</span> <span class='ocrx_word' id='word_1_494' title='bbox 1753 2599 1844 2630; x_wconf 88' lang='lat' dir='ltr'>iubet.</span> 
     </span>
    </p>
   </div>
   <div class='ocr_carea' id='block_1_13' title="bbox 1276 2671 1779 2710">
    <p class='ocr_par' dir='ltr' id='par_1_19' title="bbox 1276 2671 1779 2710">
     <span class='ocr_line' id='line_1_100' title="bbox 1276 2671 1779 2710; baseline -0.006 -9"><span class='ocrx_word' id='word_1_495' title='bbox 1276 2675 1316 2710; x_wconf 89' lang='lat' dir='ltr'>(t)</span> <span class='ocrx_word' id='word_1_496' title='bbox 1333 2674 1371 2701; x_wconf 81' lang='lat' dir='ltr'>Ex</span> <span class='ocrx_word' id='word_1_497' title='bbox 1392 2673 1496 2709; x_wconf 81' lang='lat' dir='ltr'>Regest.</span> <span class='ocrx_word' id='word_1_498' title='bbox 1518 2673 1544 2700; x_wconf 88' lang='lat' dir='ltr'>in</span> <span class='ocrx_word' id='word_1_499' title='bbox 1564 2671 1674 2700; x_wconf 81' lang='lat' dir='ltr'>Archiv.</span> <span class='ocrx_word' id='word_1_500' title='bbox 1698 2671 1779 2699; x_wconf 86' lang='lat' dir='ltr'>Vatic.</span> 
     </span>
    </p>
   </div>
   <div class='ocr_carea' id='block_1_14' title="bbox 1992 257 2172 286">
    <p class='ocr_par' dir='ltr' id='par_1_20' title="bbox 1992 257 2172 286">
     <span class='ocr_line' id='line_1_101' title="bbox 1992 257 2172 286; baseline -0.011 0"><span class='ocrx_word' id='word_1_501' title='bbox 1992 259 2039 286; x_wconf 70' lang='lat' dir='ltr'>An.</span> <span class='ocrx_word' id='word_1_502' title='bbox 2057 257 2086 284; x_wconf 83' lang='lat' dir='ltr'>C.</span> <span class='ocrx_word' id='word_1_503' title='bbox 2105 257 2172 284; x_wconf 66' lang='lat' dir='ltr'>{MS</span> 
     </span>
    </p>
   </div>
   <div class='ocr_carea' id='block_1_15' title="bbox 1994 772 2181 953">
    <p class='ocr_par' dir='ltr' id='par_1_21' title="bbox 2012 772 2162 794">
     <span class='ocr_line' id='line_1_102' title="bbox 2012 772 2162 794; baseline 0 0"><span class='ocrx_word' id='word_1_504' title='bbox 2012 772 2162 794; x_wconf 73' lang='lat' dir='ltr'>visitatoribu-</span> 
     </span>
    </p>

    <p class='ocr_par' dir='ltr' id='par_1_22' title="bbox 1994 803 2181 953">
     <span class='ocr_line' id='line_1_103' title="bbox 1994 803 2179 825; baseline 0 -1"><span class='ocrx_word' id='word_1_505' title='bbox 1994 810 2046 825; x_wconf 83' lang='lat' dir='ltr'>ouus</span> <span class='ocrx_word' id='word_1_506' title='bbox 2075 804 2110 824; x_wconf 78' lang='lat' dir='ltr'>dat</span> <span class='ocrx_word' id='word_1_507' title='bbox 2138 803 2179 824; x_wconf 79' lang='lat' dir='ltr'>sihi</span> 
     </span>
     <span class='ocr_line' id='line_1_104' title="bbox 1994 834 2181 861; baseline -0.011 -5"><span class='ocrx_word' id='word_1_508' title='bbox 1994 834 2125 861; x_wconf 60' lang='lat' dir='ltr'>significandi</span> <span class='ocrx_word' id='word_1_509' title='bbox 2133 834 2181 861; x_wconf 73' lang='lat' dir='ltr'>pri·</span> 
     </span>
     <span class='ocr_line' id='line_1_105' title="bbox 1994 867 2180 887; baseline -0.011 -1"><span class='ocrx_word' id='word_1_510' title='bbox 1994 867 2091 887; x_wconf 67' lang='lat' dir='ltr'>vationes</span> <span class='ocrx_word' id='word_1_511' title='bbox 2111 867 2133 886; x_wconf 82' lang='grc' dir='ltr'>οι</span> <span class='ocrx_word' id='word_1_512' title='bbox 2154 870 2180 884; x_wconf 77' lang='grc' dir='ltr'>ι-</span> 
     </span>
     <span class='ocr_line' id='line_1_106' title="bbox 1995 894 2181 918; baseline -0.011 0"><span class='ocrx_word' id='word_1_513' title='bbox 1995 898 2100 918; x_wconf 64' lang='lat' dir='ltr'>matione:</span> <span class='ocrx_word' id='word_1_514' title='bbox 2114 894 2181 917; x_wconf 64' lang='lat' dir='ltr'>ubba-</span> 
     </span>
     <span class='ocr_line' id='line_1_107' title="bbox 1995 929 2134 953; baseline -0.022 -3"><span class='ocrx_word' id='word_1_515' title='bbox 1995 929 2073 953; x_wconf 74' lang='lat' dir='ltr'>butum,</span> <span class='ocrx_word' id='word_1_516' title='bbox 2091 930 2134 948; x_wconf 82' lang='lat' dir='ltr'>etc.</span> 
     </span>
    </p>
   </div>
   <div class='ocr_carea' id='block_1_16' title="bbox 2235 314 2281 1757">
    <p class='ocr_par' dir='ltr' id='par_1_23' title="bbox 2235 314 2281 1757">
     <span class='ocr_line' id='line_1_108' title="bbox 2235 314 2281 1757; baseline 0 0"><span class='ocrx_word' id='word_1_517' title='bbox 2235 314 2281 1757; x_wconf 95' lang='lat' dir='ltr'> </span> 
     </span>
    </p>
   </div>
  </div>
 </body>
</html>
