2281 3251
198 248 248 273 An.
262 246 291 274 c,
313 247 377 274 mgr,
443 233 515 267 299.
978 242 1164 265 strumen

699 297 840 332 xxvttt.

395 381 443 414 De
463 381 645 414 auctoritate
667 380 794 412 mm'oris
818 378 1050 412 poenitentiarii
1068 378 1148 412 San—
1167 395 1169 407 ι

443 438 507 463 ctae
532 430 689 463 Romanae
714 429 876 462 Ecclesiae.

663 505 877 537 suititantmt

398 572 564 602 Exordium.
578 590 617 595 —
634 574 656 602 l.
675 572 922 602 poenitentiarius
938 571 1031 601 maior
1047 571 1147 600 literas

437 618 523 646 oflicii
543 617 724 657 expediebat,
743 617 855 655 absque
879 617 1039 646 insertione
1057 615 1147 645 tacut-

436 666 536 698 tatum,
553 672 618 691 cum
639 661 855 691 assertionibus
875 667 901 691 et
929 661 1026 699 sigillo
1043 670 1076 690 ae
1093 660 1148 690 sub

437 707 555 735 nomine
574 707 715 745 episcopi,
739 706 806 736 licet
825 711 904 735 esset
928 706 1148 736 cardinalis.-

436 751 462 780 2.
485 751 609 786 Quidam
634 756 730 780 tamen
745 751 790 780 bis
804 751 897 780 literis
916 751 1001 780 tidem
1015 760 1070 779 non
1085 759 1148 780 esse

436 796 632 826 adhibendam
647 796 829 825 asserebant.
843 812 880 817 —
894 796 920 825 3.
935 795 1001 824 Ideo
1016 796 1061 825 bic
1079 794 1148 825 Sixt.

436 850 487 879 per
498 841 571 870 alias
583 841 647 870 eius
668 841 777 875 literas,
794 841 852 870 illis
866 841 950 879 piene
969 841 1147 870 credendum

435 887 544 914 statuit.
556 902 594 907 —
605 885 632 914 4.
652 884 707 914 Sed
730 886 835 914 iterum
849 885 1020 914 asserebant
1033 886 1085 921 itti,
1099 896 1150 924 po-

437 935 568 959 testatem
587 929 807 959 poenitentiarii
825 930 859 959 ad
881 930 974 958 t'oruui
995 931 1151 959 const-ien-

436 974 492 1003 tiae
517 979 627 1003 tantum
651 984 683 1003 se
713 975 878 1007 extendere,
906 979 933 1003 et
965 975 1061 1013 ipsum
1093 984 1148 1003 non

437 1027 523 1055 posse
548 1018 614 1047 aliis
647 1020 831 1048 committere
860 1019 1013 1048 facultates
1038 1019 1094 1048 sibi
1115 1020 1150 1049 ab

437 1063 538 1100 Apost.
555 1062 630 1092 Sede
649 1072 815 1092 concessas.
831 1080 869 1085 —
885 1064 910 1092 5.
929 1063 979 1093 llic
997 1064 1061 1093 ideo
1079 1063 1151 1093 Pon-

438 1106 480 1135 tit.
503 1106 569 1136 aliis
592 1107 775 1137 committere
795 1117 882 1147 posse
906 1108 1043 1137 decrerit.
1063 1125 1100 1130 -—
1124 1110 1150 1137 ti.

437 1149 471 1180 Ei
493 1151 558 1180 eius
578 1151 678 1181 literas
699 1153 727 1181 111
748 1157 872 1191 utroque
893 1152 953 1181 soro
978 1153 1102 1191 probare
1125 1159 1149 1182 et

438 1195 603 1233 suffragari,
619 1213 655 1217 —
673 1197 699 1226 7.
719 1195 891 1235 I'oenasque
912 1196 1150 1226 inobedientibus

439 1240 572 1278 imponit.
602 1257 641 1262 —
676 1240 702 1269 8.
735 1240 910 1270 Executores
944 1241 1029 1270 istius
1057 1247 1150 1270 const.

438 1284 568 1321 deputat.
585 1302 624 1307 —
641 1285 674 1318 9,
691 1284 842 1314 Contraria
867 1285 950 1314 tollit.

467 1364 563 1393 Sixtus
581 1366 723 1401 episcopus
746 1372 842 1393 servus
868 1373 1008 1394 sorvorum
1026 1365 1082 1398 Dei.

533 1414 567 1442 ad
595 1415 758 1450 perpetuam
787 1414 827 1442 rei
851 1414 1018 1442 memoriam.

448 1485 607 1527 Quoniam
632 1486 776 1520 nonnulli
802 1486 978 1532 iniquitatis
1002 1486 1067 1530 filii,
1090 1486 1153 1520 ela—

400 1535 497 1569 tionis
512 1542 542 1569 et
555 1535 746 1582 pertinaciae
762 1547 838 1570 suae
853 1535 962 1582 spiritu
979 1543 1153 1583 assumpto,

401 1592 587 1631 potestatem
617 1585 746 1619 maioris
774 1584 1011 1620 Poenitentiarii
1043 1585 1154 1623 nostri,

401 1645 456 1680 per
482 1633 664 1680 longissima
700 1643 842 1681 tempora
872 1634 926 1668 toti
955 1634 1023 1669 orbi
1049 1643 1152 1669 notam

400 1691 431 1717 et
449 1695 465 1718 a
484 1683 609 1718 cunctis
631 1683 778 1718 fidelibus
801 1682 1024 1718 inviolabiliter
1045 1684 1154 1719 obser-

402 1740 516 1775 vatam,
539 1733 568 1767 in
598 1732 730 1767 dubium
756 1745 914 1775 revocare,
929 1743 958 1767 et
975 1733 1074 1768 literis
1096 1733 1155 1768 sub

402 1782 472 1816 eius
500 1782 629 1816 nomine
653 1794 706 1828 per
729 1782 866 1817 ollicium
890 1782 1155 1817 Poenitentiariae

402 1839 526 1866 nostrae
550 1844 606 1878 pro
633 1839 774 1878 tempore
806 1831 964 1879 expeditis
989 1840 1155 1867 contuma-

402 1881 480 1914 citer
501 1892 536 1914 se
557 1892 731 1928 opponere,
747 1880 870 1927 illisque
889 1881 1052 1915 detrahere
1073 1894 1155 1928 prae-

403 1939 543 1974 sumunt,
565 1930 654 1965 decet
679 1942 736 1964 nos
750 1929 914 1965 adversum
933 1930 1009 1965 tales
1021 1943 1054 1965 ea
1071 1931 1157 1966 adbi-

404 1979 477 2014 bere
495 1979 633 2014 remedia
651 1991 705 2026 per
719 1991 812 2026 quae,
826 1981 966 2026 ipsorum
982 1981 1155 2015 temet-itan¹

404 2041 557 2076 repressa,
569 2029 710 2063 eiusdem
728 2029 964 2063 Poenitentiarii
988 2031 1157 2065 auctoritas

403 2086 431 2111 et
455 2086 592 2124 potestas
615 2087 854 2126 praeserventur
870 2079 989 2123 illaese,
1009 2079 1156 2126 illiusque

404 2127 509 2162 literae
531 2140 602 2163 cum
621 2140 825 2174 personarum
850 2128 919 2162 illas
943 2141 998 2175 pro
1015 2137 1156 2175 tempore

404 2181 637 2228 impetrantium
661 2181 766 2228 quiete
789 2189 818 2215 et
840 2183 1054 2218 conscientiae
1070 2193 1158 2218 tran-

403 2235 580 2281 quillitate,
606 2236 736 2270 semotis
763 2235 929 2283 quibusvis
956 2237 1129 2271 obstaculis
1147 2265 1154 2279 ,

405 2289 542 2324 votivum
570 2290 742 2324 sortiantur
760 2290 919 2325 ess'ectum.

454 2342 474 2389 g
498 2345 528 2376 t.
551 2343 679 2378 Dudum
695 2344 855 2391 siquidem
872 2356 929 2392 per
945 2356 1003 2379 nos
1025 2353 1156 2391 accepto

207 2396 389 2446 ''qs'sl‘ssg'u'gf'd-'jg'g
406 2396 588 2443 quod,licet
611 2398 759 2432 universo
783 2411 864 2445 pene
887 2398 954 2434 orbi
979 2399 1159 2433 innotesce-

207 2457 389 2483 2„-1..›=,.0.1..‹i‚..1,
409 2458 453 2485 ret
471 2452 551 2485 inter
565 2451 622 2484 alia
639 2451 737 2486 officia
750 2451 912 2487 Romanae
928 2452 1044 2487 Curiae
1061 2452 1159 2487 fuisse

208 2489 264 2514 absq.
274 2489 390 2508 insertione

207 2520 391 2568 1,.1..11;11...,Ι.,....η
408 2504 526 2539 dudum
542 2504 678 2540 officium
695 2517 801 2541 sacrae
812 2506 1075 2541 poenitentiariae
1093 2518 1158 2553 pro-

208 2557 217 2568 1
233 2554 358 2569 §etit-intui>
371 2554 391 2569 1¹¹

356 2581 391 2599 ..ὼ
409 2558 478 2593 vide
502 2559 692 2599 institutum3
720 2568 751 2594 et
785 2561 814 2594 in
843 2560 1003 2608 aliquibus
1029 2573 1065 2595 ex
1090 2574 1157 2595 nta-

409 2612 483 2646 ioris
522 2611 772 2657 Poenitentiarii,
813 2614 887 2648 illud
929 2627 985 2661 pro
1012 2623 1153 2662 tempore

233 1551 348 1572 Iit-uilium⁴

208 2581 276 2606 sugillo
301 2587 323 2599 at·

1188 242 1349 265 nonaxon
1957 242 2004 268 An.
2023 241 2053 268 c.
2073 239 2138 267 IbS't

1188 295 1371 334 obtinentis,
1394 295 1503 335 literis,
1519 307 1600 343 quae
1613 294 1651 330 ab
1665 306 1713 335 eo,
1729 294 1847 330 ratione
1862 294 1935 329 dicti
1952 304 2036 338 nemine
2053 303 2137 329 ‘viss-›-

1188 344 1292 382 officii.
1321 356 1376 392 pro
1404 353 1545 391 tempore
1572 343 1771 388 emanabant,
1793 344 1837 378 sic
1860 334 2134 385 con-Ess'„1,¹‚',‘„‘}};,⁰⁵³⁰¹

1189 393 1352 433 tineretur,
1370 393 1513 428 videlicet
1536 394 1742 438 (Auctoritate
1760 393 1800 428 D.
1823 393 1861 428 N.
1888 393 1937 437 l’.,

1189 443 1280 478 cuius
1301 443 1565 479 Poeniteiitiariae
1587 456 1694 478 curam
1722 444 1886 489 gerimus),
1907 453 1936 478 et

1189 492 1218 526 in
1233 493 1301 527 aliis
1319 493 1524 535 (Auctoritate
1546 493 1585 527 D.
1609 493 1644 527 P.
1667 501 1698 528 et
1719 493 1758 527 de
1776 493 1845 528 eius
1866 504 1939 539 spe-

1188 542 1257 576 ciali
1287 542 1434 576 mandato
1457 554 1553 588 super
1580 543 1639 576 boc
1662 543 1747 576 vivae
1775 543 1860 577 vocis
1875 553 1939 576 ora-

1189 591 1260 625 culo
1287 591 1345 625 sibi
1380 592 1483 635 factat:
1520 592 1549 625 in
1578 591 1707 638 reliquis
1736 603 1807 626 vero
1835 591 1938 634 (dicta

1189 641 1374 675 auctoritate
1402 641 1440 675 D.
1471 641 1505 675 P.
1534 649 1564 675 et
1587 642 1656 674 eius
1678 640 1806 687 speciali
1836 649 1864 675 et
1886 652 1940 674 ex-

1191 702 1298 736 presso
1326 690 1497 729 inlaudatam
1525 702 1560 724 ac
1583 689 1762 724 buiusmodi
1787 690 1885 724 literis
1910 697 1940 723 et

1189 739 1353 773 assertioni
1381 739 1524 774 eiusdem
1546 739 1796 784 Poenitentiarii,
1819 747 1879 773 tam
1910 739 1940 772 111

1193 789 1309 823 iudicio
1332 801 1427 836 quam
1456 798 1553 833 extra,
1581 788 1700 835 absque
1723 799 1760 822 eo
1783 787 1867 836 quod
1897 788 1943 822 fa-

1191 839 1292 873 cultas
1315 838 1452 886 desuper
1478 839 1580 874 eidem
1611 837 1860 873 poenitentiario
1889 849 1944 884 per

1190 887 1306 922 Sedetn
1331 888 1546 935 Apostolieam
1571 899 1719 922 concessa
1750 887 1780 920 iu
1805 887 1865 922 illis
1894 888 1945 921 in-

1192 947 1361 980 sereretur,
1393 937 1471 972 tides
1497 937 1625 971 indubia
1648 937 1790 971 adbiberi
1810 949 1944 972 consue-

1192 987 1303 1025 visset;
1326 996 1355 1021 et
1379 987 1417 1021 ab
1439 986 1551 1022 eodem
1576 995 1717 1033 tempore
1745 987 1822 1021 citra
1847 986 1947 1021 maior

1193 1036 1458 1070 poenitentiarius
1482 1049 1536 1083 pro
1565 1044 1707 1083 tempore
1734 1036 1884 1074 existens,
1907 1047 1945 1070 ex

1193 1086 1292 1132 ipsius
1315 1085 1405 1120 officii
1429 1087 1522 1133 stylo,
1545 1086 1619 1120 duni
1637 1085 1807 1132 episcopus
1840 1085 1945 1119 cardi-

1194 1135 1274 1169 nalis
1301 1135 1460 1173 existeret,
1483 1148 1516 1169 se
1539 1136 1724 1182 episcopum
1743 1134 1861 1178 solum,
1885 1147 1945 1168 non

1193 1193 1297 1218 autem
1314 1184 1503 1219 cardinalem
1530 1185 1693 1219 nominare
1716 1184 1829 1219 solitus
1851 1192 1946 1227 esset,

1195 1243 1287 1280 prout
1319 1243 1346 1267 et
1386 1234 1496 1280 reliqui
1531 1234 1672 1280 episcopi
1701 1233 1878 1268 cardinales
1917 1234 1946 1267 111

1193 1295 1302 1317 eorum
1339 1283 1437 1318 literis
1466 1283 1644 1321 faciebant;
1672 1291 1701 1316 et
1727 1283 1833 1318 literae
1857 1294 1948 1330 prae-

1195 1332 1272 1366 fatae
1295 1344 1367 1366 cum
1391 1333 1536 1379 antiquo,
1553 1345 1607 1380 per
1622 1332 1757 1366 maiores
1780 1332 1948 1368 Poeniten-

1195 1382 1323 1423 tiarios,
1351 1383 1405 1428 qui
1434 1394 1490 1428 pro
1513 1391 1656 1427 tempore
1680 1381 1826 1425 fuerant,
1855 1382 1948 1416 adbi-

1196 1430 1260 1465 beri
1285 1431 1389 1471 solito,
1412 1431 1514 1477 sigillo
1542 1431 1679 1476 oblongo
1703 1431 1732 1464 111
1761 1443 1830 1464 cera
1855 1431 1948 1465 rubra

1195 1488 1223 1514 et
1258 1492 1350 1526 capsa
1375 1493 1463 1514 cerae
1491 1480 1577 1515 albae
1601 1481 1755 1526 impresso
1779 1480 1949 1526 pendente,

1195 1530 1372 1563 seeundum
1397 1529 1469 1564 dicti
1498 1530 1590 1564 ollicii
1625 1529 1738 1575 stylum
1767 1530 1949 1576 antiquum,

1195 1578 1336 1624 sigillari;
1359 1587 1389 1613 et
1412 1579 1456 1613 sic
1481 1579 1657 1626 expeditae,
1679 1578 1803 1613 debitae
1825 1591 1948 1614 execu-

1197 1628 1415 1675 tioni,absque
1433 1627 1493 1663 ulla
1514 1628 1764 1663 contradictione
1786 1637 1816 1662 et
1838 1640 1951 1675 excep-

1197 1677 1292 1721 tione,
1316 1678 1470 1721 mandari,
1491 1690 1528 1712 ac
1555 1678 1594 1711 ab
1616 1677 1766 1712 omnibus
1790 1678 1820 1712 in
1844 1677 1948 1712 debita

1196 1727 1376 1761 obedientia
1400 1727 1507 1761 baberi
1536 1734 1643 1762 esseut
1665 1726 1787 1761 solitae.

1247 1780 1261 1818 ξ
1283 1780 1315 1810 2.
1340 1776 1423 1818 Quia
1446 1785 1550 1811 tamen
1580 1776 1724 1810 nonnulli
1753 1776 1831 1811 iuris
1850 1775 1948 1810 inter·
1976 1784 2062 1819 Quin-¹⁴⁰3
2078 1787 2147 1805 umen

1197 1834 1301 1872 pretes
1323 1826 1516 1860 diversarum
1542 1826 1687 1873 partium,
1704 1825 1843 1860 volentes
1878 1825 1949 1871 plus
1963 1815 2148 1867 ffls..¹',¹,}'g¹0⁵2{¹1{'1¹.¹

1196 1887 1306 1922 sapere
1322 1887 1412 1922 quan]
1429 1883 1598 1922 oporteret,
1620 1874 1773 1910 affirmare
1796 1886 1857 1909 non
1876 1886 1949 1909 eru·
1963 1876 2051 1926 'lffiffm
2062 1881 2149 1897 assere-

1198 1924 1378 1963 bescebant,
1409 1933 1438 1958 et
1463 1925 1492 1958 in
1520 1924 1652 1959 dubium
1683 1924 1834 1959 reducere
1855 1936 1894 1959 an
1918 1923 1951 1958 li-
1978 1920 1982 1926 ’
2016 1923 2019 1926 ’

1199 1975 1273 2009 teris
1307 1974 1382 2008 dicti
1418 1974 1522 2013 oflicii,
1545 1987 1617 2008 cum
1648 1973 1751 2008 verbis
1777 1981 1809 2008 et
1847 1973 1950 2020 sigillo

1200 2022 1381 2070 praedictis,
1397 2023 1482 2058 iuxta
1504 2023 1586 2058 illius
1599 2023 1718 2070 stylum
1738 2023 1949 2071 approbatum

1197 2089 1233 2111 ac
1246 2076 1444 2112 abomnibus
1460 2076 1675 2112 indifferenter
1689 2085 1861 2116 servatum,
1873 2076 1951 2111 tides

1199 2140 1281 2166 esset
1297 2131 1488 2170 adhibenda,
1505 2139 1533 2166 et
1557 2131 1617 2165 illis
1639 2131 1767 2166 obedire
1787 2130 1951 2175 baberent,

1198 2185 1388 2219 allirmantes
1414 2185 1580 2220 assertioni
1618 2184 1797 2232 praedictae
1825 2185 1952 2219 maioris

1200 2238 1435 2274 poenitentiarii
1459 2251 1555 2286 super
1576 2239 1762 2274 auctoritate
1784 2239 1834 2273 sui
1857 2238 1949 2274 officii

1199 2301 1229 2327 et
1271 2293 1372 2340 Papae
1406 2293 1534 2340 speciali
1569 2303 1597 2328 et
1629 2305 1780 2341 expresso
1802 2292 1951 2328 mandato

1201 2346 1368 2393 praedietis
1401 2359 1463 2382 11011
1494 2359 1563 2382 esse
1585 2347 1806 2382 credendum:
1836 2354 1867 2381 et
1894 2359 1950 2394 pro

1199 2413 1236 2435 eo
1258 2401 1332 2447 quia
1353 2400 1539 2436 venerabilis
1561 2401 1655 2436 frater
1670 2409 1776 2436 noster
1794 2400 1948 2440 Iulianus.

1200 2454 1365 2495 Ostiensis,
1378 2454 1453 2489 olim
1467 2454 1653 2490 Sabinensis
1661 2454 1842 2502 episcopua,
1853 2455 1951 2489 maior

1202 2508 1466 2543 Poenitentiarius
1490 2516 1607 2553 noster,
1624 2516 1694 2555 post
1717 2508 1948 2554 promotionem

1200 2562 1236 2597 ad
1253 2561 1460 2597 Sabinensem
1472 2561 1746 2597 ettranslationem
1763 2561 1799 2596 ad
1816 2561 1948 2597 Ostien-

1200 2627 1265 2649 sem
1289 2616 1437 2651 eeclesias
1460 2628 1514 2663 per
1542 2627 1598 2650 nos
1625 2615 1720 2649 saetas
1747 2615 1786 2649 de
1814 2627 1948 2663 persona
