2281 3251
481 290 550 325 706

432 371 525 407 quarn
549 369 680 393 examen
704 355 742 390 ad
769 364 875 388 sacros
897 351 1024 386 ordines
1047 360 1181 397 promo-

433 409 606 444 vendorum
636 406 736 441 eidem
772 403 923 438 Gamerae
957 399 1183 437 committitnr;

434 472 503 494 nam
520 486 528 496 .
555 469 625 492 cum
642 468 680 490 ex
696 453 786 489 bonis
809 451 959 486 membris
982 450 1100 483 bonum
1113 460 1183 483 cot·-

434 522 492 556 pus
510 506 669 543 Ecclesiae
691 503 888 544 conficiatur,
911 501 968 535 nisi
992 498 1183 537 sacerdotes,

433 570 565 607 quornm
589 555 725 590 osticium
749 562 795 587 est
819 551 858 586 de
886 550 954 597 lege
981 549 1087 584 divina
1101 556 1184 583 recte

435 606 648 654 respondere,
677 602 816 638 moribus
843 610 873 635 et
905 600 1049 634 doctrina
1079 598 1183 633 idonei

433 659 561 705 aptique
588 655 716 697 fuerint,
741 651 962 699 presbyteralis
984 649 1063 684 ordo
1087 648 1117 682 in
1134 648 1185 682 lu-

433 707 569 742 dibrium
598 704 731 740 efficitur
749 702 848 741 laicis,
863 701 916 748 qui
935 712 949 735 a
967 698 1186 734 sacerdotibus

433 757 606 792 doctrinam
634 763 664 788 et
687 753 788 788 bonos
809 763 913 786 mores
936 750 1041 784 videre
1059 748 1185 782 deside-

434 814 513 845 rant,
540 804 749 851 ignorantiam
777 811 808 836 et
835 801 914 835 vitae
952 798 1184 846 improbitatem

434 855 599 892 manifeste
622 852 844 899 conspiciunt3
867 850 1028 885 attendant
1052 848 1186 893 diligen-

434 918 480 941 ter
501 913 531 939 et
553 913 698 939 accurate
720 901 794 935 ‹lieti
817 900 923 935 clerici
957 899 1187 934 examinatores

434 968 472 991 ne
494 955 562 990 Deo
584 954 703 1001 optimo
727 952 803 986 tales
825 950 990 985 admittant
1015 949 1187 991 ministros,

433 1017 568 1054 quornm
606 1004 760 1044 victimae,
784 1009 912 1049 propter
940 999 1107 1033 ruditatem
1139 999 1188 1031 in-

433 1052 776 1090 sufficientisscieutiae
791 1063 827 1085 ac
847 1051 926 1084 vitae
942 1049 1186 1089 inhonestatem,

434 1105 586 1140 Maiestati
615 1103 739 1138 divinae
774 1099 1005 1135 abominabiles
1044 1099 1132 1142 siant,
1158 1106 1188 1133 et

434 1158 682 1194 examinatorum
704 1154 798 1190 simul
821 1154 1039 1188 damnationes
1061 1165 1188 1187 causen-

435 1222 501 1254 tur;
528 1211 712 1259 exquiratur
745 1210 850 1257 itaque
885 1208 1047 1242 sussiciens
1080 1207 1188 1241 titulus

436 1266 640 1304 beneficiatis,
663 1273 850 1312 competens
877 1263 1019 1298 dot-,trina
1043 1269 1074 1296 et
1104 1274 1190 1308 prae-

436 1323 534 1359 sentia
565 1330 594 1356 et
622 1319 749 1367 loquela
786 1316 1003 1366 promovendi,
1031 1316 1187 1351 bonorum

436 1388 560 1411 morum
601 1373 808 1421 compositio;
848 1372 922 1406 illud
961 1380 1121 1418 praeterea
1159 1378 1189 1405 et

437 1437 592 1465 constanti
607 1439 756 1462 memoria
779 1438 850 1461 cum
873 1435 984 1459 timore
1007 1434 1036 1458 ct
1054 1433 1190 1460 tremore

437 1483 643 1532 prospiciant,
661 1494 699 1516 ne
715 1494 769 1528 pro
786 1481 835 1515 tali
852 1481 996 1515 examine
1021 1480 1189 1526 pecuniam

437 1547 489 1573 aut
511 1550 628 1572 munus
649 1535 776 1584 aliquod
800 1535 967 1580 accipiant,
989 1546 1062 1568 cum
1088 1534 1117 1567 in
1142 1546 1192 1568 sa-

437 1594 499 1628 cris
520 1592 695 1627 canonibus
723 1590 800 1624 nibil
825 1598 987 1635 tantopere
1023 1589 1192 1636 probibea-

438 1656 500 1692 tur,
527 1655 679 1695 quantum
704 1657 866 1679 sacrorum
891 1644 1037 1678 ordinum
1067 1643 1192 1677 collatio

438 1701 620 1737 simoniaca.
643 1699 762 1735 Notarii
778 1710 906 1747 quoque
923 1699 1023 1746 ipsius
1040 1697 1193 1733 Gamerae

439 1768 494 1803 pro
521 1756 677 1801 scriptura
709 1753 887 1788 collationis
921 1752 1070 1788 ordinum
1099 1765 1193 1800 prae-

439 1810 594 1845 dictorum
624 1807 701 1842 nibil
729 1807 911 1855 accipiant,
946 1807 1003 1841 nisi
1039 1816 1193 1854 qnantum

439 1863 480 1899 de
502 1864 569 1899 iure
592 1863 676 1898 licet.
700 1861 764 1897 vae
778 1870 884 1897 antem
909 1861 969 1896 illis
987 1861 1194 1903 antistitibus,

440 1918 494 1967 qui
519 1930 556 1953 ex
584 1918 726 1965 ipsorum
751 1916 899 1952 ordinum
922 1916 1090 1951 collatione
1113 1917 1195 1954 locu·

441 1974 488 2009 los
508 1972 655 2020 implent,
680 1980 712 2007 ut
739 1971 798 2006 sibi
821 1971 987 2006 aedificent
1015 1971 1044 2005 in
1073 1972 1196 2018 gelien-

441 2026 534 2063 nam!
561 2026 645 2063 Cura
669 2038 773 2062 autem
803 2025 1002 2060 examinandi
1033 2038 1094 2061 non
1112 2027 1194 2063 alte-

443 2083 507 2119 rius
522 2083 574 2127 sit,
588 2095 682 2132 quam
707 2083 824 2122 clerici,
840 2082 893 2129 qui
917 2082 946 2117 in
977 2083 1082 2117 locum
1102 2095 1194 2118 sunm

443 2151 505 2174 non
536 2140 635 2188 possit
663 2139 722 2174 nisi
745 2138 898 2186 collegam
927 2138 1138 2180 substituere3
1167 2147 1196 2174 ct

443 2196 468 2232 si
497 2195 624 2245 quando
650 2194 801 2230 acciderit
839 2193 923 2241 qnod
963 2193 993 2227 in
1033 2194 1195 2240 supplica-

443 2251 528 2286 tione
546 2249 750 2298 promovendi
775 2250 927 2284 insertum
951 2248 991 2283 sit
1018 2247 1103 2295 quod
1129 2249 1194 2296 ipse

445 2304 682 2354 promovendus
704 2304 900 2339 examinetur
915 2303 945 2338 in
963 2301 1095 2337 Gamera
1107 2302 1197 2350 Apo-

444 2360 552 2396 stolica
581 2372 636 2407 per
662 2359 811 2394 clericum
841 2358 908 2393 sive
932 2357 1088 2392 notarium
1111 2358 1196 2393 eius-

445 2416 530 2462 dem,
553 2415 660 2451 nullus
675 2415 868 2450 notariorum
884 2413 1000 2449 audeat
1022 2412 1110 2448 illum
1128 2425 1198 2448 exa-

445 2472 576 2516 minare,
599 2483 670 2506 cum
699 2469 769 2505 talis
793 2469 932 2505 clausula
956 2481 1012 2517 per
1039 2468 1194 2504 notarium

446 2528 678 2564 inadvertenter
695 2526 832 2561 admissa
852 2525 961 2570 suerit,
976 2532 1006 2560 et
1021 2537 1194 2572 numquam

446 2582 535 2619 solita
562 2582 601 2618 sit
624 2581 709 2630 poni,
733 2581 790 2616 nisi
813 2593 886 2616 cum
901 2578 1141 2621 examinandus,
1164 2579 1198 2614 li-

448 2645 583 2673 terarum
607 2637 748 2684 ignarus,
770 2648 935 2672 censuram
960 2635 1113 2671 Gamerae
1139 2633 1199 2669 cle—

449 2692 504 2729 riei
532 2692 596 2728 vult
617 2691 766 2741 effugere.

234 303 284 330 An.
302 301 332 331 C.
347 302 416 331 ¹5¹7

1010 291 1197 317 nul-Lamum
1220 290 1381 314 ROMANUM

1995 283 2044 309 An.
2065 281 2094 308 C.
2109 281 2176 308 ¹5¹7

1514 344 1594 380 Cim.
1621 343 1692 378 XX.

1277 417 1379 463 ltem,
1410 417 1481 465 quia
1511 416 1596 451 omni
1626 414 1759 462 collegio
1788 421 1863 448 tnnc
1899 411 1980 447 bene
2002 419 2178 457 cinnomann-

1226 468 1402 503 succedunt
1430 467 1549 505 omnia,
1572 478 1643 500 cum
1667 473 1759 512 capnt
1781 473 1811 498 et
1839 462 1980 498 membra
1995 456 2094 511 ffffiffiff
2128 457 2178 479 ⁶¹⁸⁸

1226 518 1388 554 eharitatis
1404 516 1506 551 officio
1526 516 1669 550 devincta
1693 522 1786 557 sunt,
1815 522 1979 561 propterea

1227 569 1331 604 clerici
1355 567 1441 602 omni
1481 565 1584 601 studio
1613 564 1800 608 advocatos,
1828 575 1981 610 procura-

1227 626 1323 663 tores,
1347 617 1484 652 notarios
1506 624 1535 651 et
1554 615 1631 650 alias
1654 625 1806 661 personas
1828 612 1982 648 Gamerae

1228 668 1442 703 deservientes
1479 665 1616 711 benigne
1638 673 1668 699 et
1696 663 1878 698 charitative
1907 673 1981 710 pro-

1229 727 1402 764 sequantur
1429 725 1459 751 et
1482 722 1627 758 tractent,
1649 711 1983 760 eorumquelionestis

1230 767 1416 803 utilitatibus
1451 774 1482 801 et
1510 764 1701 808 bonoribus,
1728 772 1880 811 quantum
1909 773 1983 810 pos-

1228 827 1316 860 sunt,
1343 817 1466 852 faveaut
1488 824 1518 851 et
1545 815 1704 850 assistant.

1506 887 1588 923 Cin».
1615 885 1703 921 XXI.

1278 962 1460 998 Advocatus
1488 972 1560 995 vero
1584 970 1757 1006 paupertim
1794 957 1832 992 ad
1870 968 1984 992 causas
2012 967 2184 994 Αᾱνοοιιῑμιι-

1230 1012 1457 1047 miserabilium
1479 1021 1682 1057 personarum
1705 1008 1733 1042 iu
1753 1007 1885 1043 Camera
1902 1008 1985 1053 Apo·
1998 1003 2071 1024 perum
2086 1002 2183 1023 '‘²³⁶¹''

1229 1063 1336 1098 stolica
1366 1060 1542 1096 tractandas
1577 1060 1744 1105 diligenter
1764 1058 1927 1101 advertat,
1947 1057 1984 1091 il-

1229 1113 1351 1160 lasque,
1366 1122 1521 1158 quantum
1540 1110 1625 1153 licet,
1644 1109 1713 1143 sine
1733 1116 1877 1155 respectu
1901 1115 1985 1141 tuea-

1230 1172 1280 1197 tur
1295 1171 1325 1197 et
1346 1169 1446 1206 curet,
1463 1172 1502 1195 ne
1525 1168 1633 1194 contra
1649 1159 1799 1193 iustitiam
1814 1165 1982 1193 vexentur.

1502 1231 1583 1267 Cap.
1612 1229 1713 1267 XXlI.

1279 1306 1461 1342 Advocatus
1494 1313 1524 1340 et
1549 1311 1735 1352 procurator
1763 1301 1898 1346 fiscalis,
1921 1309 1984 1336 tam
2026 1312 2129 1334 advocat
2163 1315 2185 1334 οι

1231 1357 1260 1392 in
1285 1356 1417 1391 Gamera
1441 1355 1621 1402 Apostolica
1650 1365 1743 1400 qnam
1772 1361 1871 1391 extra,
1904 1351 1986 1386 inte·
1999 1343 2144 1398 {geg-:raton-
2163 1343 2185 1366 ³'

1233 1419 1316 1442 resse
1345 1406 1445 1453 ipsius
1473 1404 1626 1440 Gamerae
1649 1402 1792 1437 studiose
1814 1409 1938 1442 curent;
1954 1408 1985 1436 et

1232 1469 1304 1491 cnm
1323 1456 1402 1491 inea
1427 1454 1474 1490 vel
1497 1454 1570 1489 alibi
1593 1453 1632 1487 de
1650 1453 1810 1499 praedicto
1833 1453 1985 1486 interesse

1232 1518 1411 1541 sermonem
1440 1505 1547 1539 baberi
1575 1504 1744 1542 audierint,
1768 1501 1859 1545 illud,
1881 1513 1987 1547 quan-

1234 1566 1299 1591 tnm
1329 1555 1446 1590 institia
1469 1553 1725 1602 expostulaverit,
1740 1552 1807 1586 sine
1822 1552 1928 1598 aliquo
1942 1562 1988 1585 re-

1233 1615 1344 1653 spectu
1369 1613 1527 1649 tueantur,
1543 1604 1636 1638 etiam
1660 1603 1684 1637 si
1705 1613 1801 1649 super
1817 1601 1888 1642 lioc,
1900 1608 1987 1635 extra

1234 1657 1413 1694 Gameram,
1437 1655 1540 1701 aliqua
1562 1665 1654 1688 causa
1677 1652 1742 1686 sive
1771 1651 1925 1685 iudicium
1941 1650 1987 1685 ci-

1236 1706 1294 1741 vile
1329 1705 1376 1739 vel
1407 1704 1571 1739 criminale
1603 1705 1791 1737 intentatum
1817 1700 1928 1740 suerin
1955 1707 1987 1735 et

1235 1757 1362 1804 quando
1391 1755 1440 1789 liet
1475 1754 1578 1801 aliqua
1624 1751 1794 1787 declaratio
1839 1750 1987 1785 incursus

1238 1817 1409 1853 poenarum
1445 1804 1547 1838 eidem
1579 1802 1732 1838 Gamerae
1759 1799 1986 1847 applicatarum

1238 1856 1283 1890 vel
1311 1855 1467 1889 absolutio
1490 1853 1529 1888 ab
1547 1852 1678 1892 eisdem,
1701 1850 1740 1885 de
1761 1849 1910 1885 omnibus
1933 1861 1988 1896 per

1238 1906 1323 1952 ipsos
1355 1905 1540 1939 advocatum
1574 1910 1605 1937 et
1634 1909 1868 1949 procuratorem
1897 1899 1989 1934 detur

1237 1955 1390 1991 Gamerae
1412 1953 1613 2001 Apostolicae
1640 1959 1819 1998 opportuna
1855 1949 1964 1984 notitia
1980 1976 1989 1990 ,

1239 2013 1272 2040 ut
1301 2005 1399 2052 possit
1422 2004 1452 2038 in
1481 2002 1631 2038 omnibus
1654 2001 1828 2048 providere.
1855 1999 1895 2034 Et
1917 1999 1988 2046 quia

1237 2054 1422 2090 eorumdem
1453 2052 1594 2088 advocati
1617 2060 1647 2085 et
1673 2049 1883 2098 procuratoris
1905 2048 1991 2083 iudi-

1238 2106 1322 2140 cium
1347 2106 1376 2139 in
1397 2103 1547 2138 omnibus
1568 2110 1600 2136 et
1628 2113 1684 2149 per
1705 2101 1824 2144 omnia,
1850 2108 1880 2134 et
1904 2111 1992 2147 prae·

1238 2160 1346 2195 sertim
1378 2160 1407 2193 in
1444 2158 1547 2193 causis
1581 2155 1763 2199 fiscalibus,
1793 2154 1868 2190 utile
1889 2162 1952 2195 est,
1974 2165 1991 2189 a

1239 2214 1372 2250 Gamera
1396 2225 1458 2248 non
1488 2212 1677 2255 discedant,
1702 2211 1760 2245 nisi
1796 2209 1899 2245 causis
1934 2208 1992 2243 fis-

1239 2270 1362 2305 calibus
1399 2268 1598 2311 terminatis,
1633 2277 1731 2314 quae,
1771 2273 1840 2313 post
1858 2276 1991 2300 examen

1240 2324 1411 2365 bullarum,
1429 2332 1501 2358 ante
1524 2333 1636 2358 omnes
1656 2319 1733 2355 alias
1756 2331 1868 2355 causas
1891 2319 1992 2354 termi-

1240 2387 1366 2414 nentur.

2088 1380 2184 1402 munere,

1501 2448 1582 2484 Cae.
1611 2446 1726 2483 XXIII.

1288 2523 1407 2559 Notarii
1426 2530 1531 2558 autem
1555 2520 1707 2556 Gamerae
1728 2520 1943 2569 Apostolicae,
1959 2520 1990 2555 in
2005 2525 2140 2548 Not-riorum
2151 2525 2190 2548 0⁸-

1239 2590 1373 2625 qnorum
1410 2577 1472 2612 lide
1504 2585 1535 2611 et
1569 2575 1726 2623 diligentia
1762 2588 1874 2621 magna
1915 2587 1990 2611 cura
2005 2558 2191 2617 &mareium--

1241 2645 1345 2668 rerum
1368 2631 1570 2668 cameraliuin
1595 2631 1730 2679 reposita
1753 2638 1811 2676 est,
1837 2629 1914 2666 infra
1939 2642 1992 2667 no-

1242 2695 1302 2724 tata
1324 2699 1448 2724 servare
1471 2694 1644 2723 teneantur.
