2281 3251
494 242 564 277 554

492 308 513 356 S
539 312 572 343 2.
600 307 725 351 Quibus
746 306 852 348 rebus,
874 314 908 342 ut
925 306 1069 353 pastorali
1086 316 1194 344 nostro

267 364 338 389 ⁵⁵⁵⁵⁵⁵¹⁵·
355 366 394 386 ⁶⁵⁵*
399 372 430 386 um
446 358 600 394 incumbit
622 357 742 398 officio,
767 356 930 405 providere
952 356 1111 400 v,oleutes
1134 358 1194 394 boc

247 397 275 417 ¹¹⁰
252 403 357 448 ,ζ’ωἷὲῗῧζ
365 404 431 448 222⁸.-
446 408 600 456 praesenti
611 416 718 443 nostro
732 415 884 455 perpetuo
895 406 1008 462 edicto,
1023 416 1110 443 motu
1120 421 1194 456 pro-

246 459 429 512 ΊῩΙΠΨΉ
445 458 524 506 prio,
538 470 575 494 ex
587 465 783 494 certanostra
795 457 939 497 scientia,
956 469 1067 493 omnes
1082 459 1194 493 etsin-

249 498 277 541 J'J.
280 528 305 541 -.
294 523 337 542 ...μ
370 523 427 542 ω’..-
443 508 533 555 gulas
550 508 632 549 lites,
640 507 854 564 Ηυὺίουῐηᾳυο,
874 507 1194 564 coramquibuscum-

444 570 504 605 quc
531 558 758 594 commissoriis
779 557 826 592 xel
853 557 1030 597 or,diuariis
1052 558 1144 593 etiam
1162 572 1192 593 in

247 554 368 580 [tenid-isqui
391 559 413 574 rt·

442 620 531 643 sacro
552 617 660 644 nostro
687 607 843 643 auditorio
867 607 1054 655 pendentes,
1077 608 1192 643 civium

1017 250 1204 275 nouatum!
1231 250 1393 274 ROMANL'M

245 250 296 282 Αη.
313 251 343 281 C.
362 253 430 281 1512
2001 251 2051 279 Αη.
2065 252 2094 280 C.
2116 252 2183 281 1512

1234 315 1348 349 sumat3
1368 314 1399 343 et
1420 306 1564 342 similiter
1577 306 1769 354 signaturam
1784 306 1903 342 faciens
1922 319 1983 343 nou

1234 359 1337 405 signet
1352 359 1418 393 sive
1443 357 1670 403 advocatorias,
1686 357 1751 393 sive
1765 357 1919 405 simplicis
1935 359 1986 393 iu-

1233 408 1429 452 stitiae,sive
1447 408 1667 455 appellatorias
1686 416 1716 443 ct
1733 407 1864 453 similes,
1883 420 1986 456 neque

1235 459 1263 492 iu
1289 458 1390 501 initio,
1413 470 1515 505 neque
1546 458 1575 492 in
1600 457 1704 493 medio
1727 458 1801 503 litis,
1820 466 1849 493 et
1877 458 1986 506 sigua-

1234 516 1293 553 tae,
1317 508 1434 543 nullius
1456 509 1518 543 sint
1535 508 1656 543 roboris
1671 509 1717 543 vel
1732 508 1894 550 momenti,
1912 509 1985 544 nul-

1234 558 1361 606 lamque
1374 557 1511 593 tribuant
1522 558 1786 601 iurisdictionem
1802 571 1904 607 neque
1917 559 1984 606 ipse

1235 609 1339 650 iudex,
1362 608 1543 644 cuisuerint
1565 607 1765 654 commissae,
1786 609 1900 644 audeat
1923 609 1986 644 illa-

256 1516 294 1539 Eas
310 1524 351 1539 non
366 1525 424 1538 com-

243 1551 324 1571 missar.
339 1552 374 1570 sud
389 1557 423 1571 or-

242 1582 333 1603 dinarius
376 1588 424 1603 (¹³⁸0

243 1613 342 1633 declarat,

247 586 320 603 ξΙίΙΙιΙΙ,

441 657 658 694 Romanorum
677 667 706 694 et
727 658 948 714 aliorun1,q1n
975 658 1041 693 soro
1063 658 1194 706 Capito-

442 708 507 743 lino
533 708 756 750 subiiciuntur,
782 708 822 744 ad
845 720 914 749 nos,
941 708 971 743 in
994 721 1194 757 quacumque

440 758 586 794 instantia
616 758 661 795 rel
690 766 771 794 statu
795 758 982 806 pendentes,
1010 759 1120 794 bainm
1143 771 1194 795 se-

440 809 485 843 rie
507 809 710 855 advocamus,
732 817 762 844 et
780 809 818 844 ad
842 808 970 844 Curiam
995 809 1143 857 Capitolii
1164 818 1193 845 et

442 858 562 894 iudices
584 872 660 895 suos
675 859 864 900 ordinarios,
879 868 939 894 tam
964 860 1083 907 primae
1097 872 1191 907 quam

440 908 574 944 aliarum
588 910 819 954 instantiarum,
835 909 999 955 illiusloci,
1014 910 1192 945 seeundum

440 967 586 995 naturam
613 972 779 996 causarum
803 968 832 995 et
854 959 986 996 modum
1007 960 1193 996 iurisdictio-

441 1010 490 1045 nis
508 1010 663 1059 cuiusque
683 1010 838 1058 ipsorum,
855 1022 910 1045 seu
930 1011 960 1046 in
977 1022 1070 1059 quem
1088 1020 1193 1058 partes

441 1061 669 1103 convenerint,
691 1060 921 1096 committimus
949 1070 980 1096 et
1006 1062 1192 1096 mandamus

442 1110 659 1153 resumendas,
682 1111 715 1146 in
737 1112 805 1147 suis
831 1111 966 1147 statibus
994 1111 1169 1147 audiendas
1185 1140 1192 1153 ,

440 1169 471 1195 et
493 1161 554 1196 line
576 1161 682 1197 debito
703 1161 917 1197 terminandas
936 1161 1113 1197 secundum
1129 1162 1193 1198 sor-

441 1223 523 1246 mam
546 1219 735 1247 statutorum
758 1212 865 1257 Urbis,
889 1212 934 1248 vel
958 1212 1033 1248 alias
1050 1213 1192 1259 proutde

441 1261 507 1296 iure
539 1262 701 1297 terminari
729 1262 907 1307 deberent,
941 1275 1014 1298 cum
1043 1263 1192 1297 omnibus

439 1323 547 1347 earum
570 1312 797 1358 incidentibus,
822 1313 1078 1360 emergentibus,
1099 1326 1194 1348 anne-

439 1362 487 1397 xis
508 1370 539 1397 et
565 1363 728 1409 connexis,
749 1363 789 1398 ab
807 1364 854 1398 eis
877 1363 1017 1411 partibus
1039 1363 1190 1399 iustitiam

439 1412 660 1448 ministrando.

488 1462 556 1509 55.
579 1462 784 1499 Declarantcs
805 1463 988 1499 auctoritate
1008 1464 1191 1510 apostolica

440 1524 475 1546 ae
502 1512 711 1549 decernentes
726 1526 781 1560 per
804 1523 991 1562 praesentes
1006 1514 1107 1549 dictas
1122 1527 1191 1550 cau-

439 1575 489 1597 sas
517 1571 683 1611 propterea
711 1564 808 1600 saetas
836 1577 898 1599 non
933 1565 1191 1611 commissarias,

439 1612 492 1647 sed
518 1614 647 1661 intelligi
678 1623 708 1650 et
737 1627 807 1650 esse
834 1615 1032 1655 ordinarias,
1060 1615 1192 1662 perinde

438 1675 474 1698 ac
496 1663 520 1698 si
548 1663 587 1699 ab
602 1664 691 1700 initio
713 1677 819 1701 coram
838 1666 906 1701 suis
928 1665 1095 1701 ordinariis
1112 1666 1192 1702 suis-

439 1721 508 1749 sent
535 1715 676 1761 inceptae
699 1715 747 1751 vel
768 1716 912 1764 agitatae.

487 1764 508 1811 g
535 1768 566 1799 4.
601 1765 755 1802 Volumus
777 1774 882 1802 tamen
911 1766 996 1815 quod
1019 1779 1132 1803 causae
1160 1768 1191 1803 in

1234 671 1302 693 rum
1321 659 1434 694 virtute
1457 660 1565 699 citare,
1582 658 1739 703 inhibere,
1757 659 1985 706 quoquomodo

1235 709 1417 757 procedere,
1429 709 1550 744 irritum
1564 715 1594 744 et
1608 707 1700 744 inane
1719 709 1872 756 quidquid
1888 710 1987 745 scicn-

1235 768 1280 795 ter
1302 760 1349 795 vel
1373 760 1555 807 ignoranter
1568 771 1660 795 secus
1675 759 1788 794 sactum
1808 759 1901 794 fuerit
1917 759 1986 807 ipso

1235 810 1303 845 iure
1319 810 1384 845 sore
1401 810 1614 855 decernimus,
1636 809 1719 845 salva
1735 821 1860 857 semper
1881 817 1986 845 nostra

1234 873 1327 895 manu
1355 860 1480 908 propria
1503 860 1662 907 signatura
1678 888 1686 902 ,
1714 859 1782 894 sine
1808 871 1869 906 qua
1891 872 1986 895 omne

1235 911 1419 958 rescriptum
1444 919 1611 946 censeatur
1633 918 1663 945 et
1685 910 1725 945 sit
1746 909 1933 956 invalidum,
1955 917 1987 945 et

1233 973 1249 995 a
1273 971 1378 997 nostra
1406 962 1566 996 voluntate
1592 960 1742 996 alienum.

1282 1011 1302 1059 g
1324 1012 1356 1046 6.
1381 1010 1673 1046 Constitutionibus
1687 1018 1716 1046 et
1735 1009 1986 1046 ordinationibus

1233 1062 1415 1109 apostolicis
1441 1074 1478 1097 ac
1499 1061 1666 1109 quibusvis
1694 1060 1986 1106 commissionibus,

1234 1112 1414 1160 rescriptis,
1443 1111 1616 1160 privilegiis
1647 1119 1677 1146 et
1704 1110 1836 1146 indultis
1853 1138 1863 1156 ,
1891 1111 1986 1146 etiam

1233 1162 1303 1203 sori,
1326 1162 1491 1210 quibusvis
1511 1162 1654 1209 personis
1676 1173 1734 1197 scu
1755 1160 1895 1208 collegiis
1910 1174 1988 1197 eon-

1233 1212 1332 1248 cessis
1347 1221 1378 1248 et
1400 1212 1626 1258 concedendis,
1648 1212 1742 1247 ctiam
1761 1223 1834 1246 cnm
1857 1211 1988 1259 quibus-

1233 1263 1278 1298 vis
1299 1263 1451 1299 clausulis
1473 1262 1682 1310 derogatoriis
1698 1261 1878 1297 fortissimis
1893 1271 1923 1297 et
1939 1263 1987 1297 in-

1232 1313 1342 1359 solitis,
1360 1314 1604 1361 praemissorum
1624 1313 1765 1348 omnium
1781 1320 1918 1357 tenores,
1935 1325 1987 1347 no-

1234 1364 1316 1398 mina
1345 1372 1374 1399 et
1397 1376 1558 1411 cognom,
1579 1364 1748 1411 qualitates
1770 1370 1801 1397 et
1819 1362 1890 1418 alia,
1906 1375 1986 1410 quae

1233 1413 1336 1448 suisan
1360 1413 1399 1448 de
1415 1414 1508 1450 veibo
1531 1414 1569 1449 ad
1590 1413 1722 1449 terbum
1746 1413 1986 1468 expressionem

1234 1464 1440 1511 requirc1ent,
1464 1477 1519 1512 pro
1546 1463 1738 1499 sufficienter
1758 1475 1915 1511 expressis
1938 1463 1987 1498 ba·

1234 1513 1360 1559 beutes,
1387 1515 1564 1562 ceteiisque
1587 1514 1753 1550 contrariis
1776 1526 1839 1549 non
1863 1513 1988 1549 obstan—

1233 1563 1316 1599 tibus
1344 1564 1611 1612 quibuscumque.

1281 1615 1396 1650 Datum
1418 1615 1447 1649 P.
1450 1627 1540 1650 omae
1568 1615 1651 1663 apud
1670 1614 1821 1651 Sanctum
1843 1614 1986 1657 Petrum,

1232 1665 1292 1700 sub
1316 1666 1434 1701 annulo
1462 1665 1649 1708 Piscatoiis,
1677 1665 1728 1701 die
1750 1665 1985 1713 quintadecima

1232 1716 1352 1764 aprilis,
1377 1716 1547 1751 millesimo
1579 1716 1834 1764 quingentesimo
1862 1716 1986 1752 ‹luode-

1233 1768 1330 1811 einio,
1354 1767 1556 1814 pontificatus
1582 1767 1681 1802 nostri
1708 1778 1791 1802 anno
1815 1778 1910 1802 nono.

2001 1024 2130 1046 Contrarior.
2146 1025 2184 1047 de-

2000 1057 2090 1082 rogwno,

257 1819 424 1842 ἈΗΒ-115015
438 1813 518 1849 Rota
560 1815 734 1862 pendentes
762 1817 897 1864 partium
921 1818 1084 1853 communi
1113 1830 1191 1853 con-

241 1853 374 1905 ffidiiiifsse'
388 1853 425 1905 Ῑζ-
438 1876 546 1910 sensu,
561 1864 603 1900 ibi
618 1876 811 1908 remaneant,
834 1867 881 1902 vel
901 1868 927 1902 si
942 1880 1036 1903 causa
1051 1868 1080 1903 in
1099 1869 1191 1904 tertia

440 1914 576 1962 pendeat
597 1916 768 1962 instantia,
797 1917 883 1964 quod
911 1918 1058 1964 auditor,
1086 1931 1191 1955 eoram

1273 1830 1333 1861 Dat.
1353 1831 1399 1861 dic
1424 1831 1459 1860 15
1479 1830 1582 1871 aprilis
1602 1829 1687 1868 1512,
1708 1834 1786 1870 pout.
1810 1839 1886 1860 anno
1905 1839 1942 1860 lx.

256 2182 355 2206 inhibitio
363 2190 424 2206 secus

245 2218 325 2243 agenor

242 1918 319 1936 servat.

439 1977 502 2012 quo
531 1965 673 2014 pendet,
701 1967 798 2015 possit
832 1967 915 2003 illam
943 1980 1135 2016 cognoscere
1162 1977 1192 2005 et

440 2015 694 2102 tqrminarestioc
704 2018 859 2066 praesenti
881 1998 1001 2054 nostroD
1010 2019 1114 2055 edicto
1129 2032 1191 2056 non

440 2077 458 2100 o
483 2073 584 2102 stante

488 2120 508 2168 S
541 2125 573 2157 5.
602 2121 643 2157 Et
671 2121 821 2170 iusuper,
850 2123 966 2158 dilecto
995 2123 1057 2158 lilio
1085 2133 1192 2160 nostro

440 2173 618 2222 Leonardo,
633 2177 783 2213 cardinali
800 2178 997 2225 Agennensi,
1015 2190 1050 2213 ac
1065 2179 1132 2215 aliis
1145 2181 1193 2214 iu-

439 2229 541 2266 stitiae
569 2232 763 2279 signaturam
793 2232 982 2268 habentibus
1016 2246 1074 2281 pro
1105 2242 1192 2270 tcm—

440 2296 527 2332 pore,
550 2299 672 2323 necnon
689 2288 807 2335 regenti
823 2286 1049 2334 Caucellariae,
1064 2289 1116 2335 qui
1136 2302 1191 2337 pro

440 2349 584 2389 tempore
605 2343 676 2388 crit,
699 2342 912 2391 omnibusque
934 2351 965 2378 et
983 2343 1118 2390 siugulis
1132 2357 1191 2379 no-

440 2396 513 2432 stris
528 2396 749 2434 referendariis
772 2397 954 2434 iuhibemus
976 2410 1126 2446 expresse
1154 2412 1192 2434 ue

441 2451 479 2487 ad
496 2465 617 2501 preces,
636 2453 816 2489 instantiam
831 2463 861 2489 et
879 2453 1119 2501 requisitionem
1134 2466 1192 2489 cu-

441 2508 564 2557 iusque,
600 2509 654 2557 qui
678 2508 858 2557 Capitolino
882 2509 948 2545 soro
982 2507 1194 2554 subiiciatur,

442 2564 692 2612 supplicationes
713 2564 833 2611 aliquas
861 2564 1024 2611 recipere,
1052 2562 1191 2598 reseren-

442 2617 563 2654 dariare
589 2631 645 2654 seu
683 2631 859 2666 proponere
896 2618 988 2653 nobis
1012 2618 1056 2653 vel
1085 2618 1193 2665 signa-

444 2680 545 2710 turam
569 2674 703 2710 iustitiae
725 2672 852 2710 babenti
884 2673 998 2710 audeat
1020 2672 1067 2709 vel
1096 2684 1192 2720 prae-

1536 2010 1681 2046 xxxtx.

1236 2094 1406 2128 Damnatz'o
1433 2094 1635 2128 conciliabuli
1658 2093 1778 2131 Pisani,
1806 2103 1871 2126 cum
1892 2091 1986 2126 omni-

1282 2145 1336 2178 bus
1360 2145 1390 2177 in
1412 2157 1445 2177 eo
1472 2146 1579 2178 seculis
1608 2145 1664 2187 (1).

1503 2231 1717 2264 ΞΗΜΜᾹΗΙΗΜ

1233 2307 1410 2347 Appmbatio
1434 2311 1637 2337 contentorum
1658 2305 1686 2335 iu
1707 2304 1772 2335 aliis
1796 2304 1897 2342 bullis,
1916 2313 1988 2344 qua-

1272 2362 1336 2382 rum
1357 2362 1412 2382 una
1437 2357 1481 2382 est
1503 2351 1631 2381 indicata
1654 2351 1701 2380 liic
1734 2350 1763 2379 in
1799 2354 1887 2387 uota,
1909 2349 1986 2379 aliae

1273 2402 1381 2435 autem,
1403 2398 1444 2428 uti
1471 2398 1569 2427 minus
1588 2396 1783 2432 necessariae,
1806 2399 1875 2425 sunt
1896 2404 1985 2435 prae-

1273 2444 1440 2473 termissae.
1457 2460 1495 2465 —-
1514 2444 1541 2478 31.
1560 2442 1711 2472 llamuatio
1731 2439 1921 2471 conciliabuli
1940 2439 1987 2469 Pi-

1273 2488 1348 2518 sani.
1366 2505 1404 2510 —
1424 2488 1451 2517 2.
1474 2487 1619 2517 Validatio
1638 2485 1842 2516 Lateraneusis
1865 2484 1985 2514 concilii

1273 2533 1384 2562 indicti.
1407 2550 1446 2554 —
1468 2533 1494 2562 3.
1516 2531 1685 2570 Prorogatio
1709 2530 1772 2559 eius
1797 2529 1897 2559 tertiae
1917 2538 1984 2558 ses-

1273 2579 1366 2609 sionis
1387 2589 1437 2619 pro
1457 2578 1503 2609 die
1523 2578 1540 2608 3
1559 2576 1691 2607 novemb.
1719 2575 1800 2605 1512.

1268 2642 1307 2677 (l)
1325 2643 1400 2669 Edita
1419 2643 1449 2669 Α.
1470 2643 1501 2669 D.
1519 2641 1597 2667 1512.
1610 2656 1642 2660 -
1661 2638 1786 2665 Eiusdem
1799 2637 1934 2665 damnatio
1946 2641 1984 2665 est

1233 2688 1312 2714 ctiam
1329 2695 1409 2723 supra
1427 2688 1452 2714 iu
1469 2686 1581 2714 Consul.
1600 2687 1798 2722 Sr1‹·›·os(tttcl(tt'‚
1815 2695 1873 2723 pag.
1887 2687 1947 2714 500.
