2281 3251
505 248 572 281 780
1067 259 1215 281 nummi
1245 258 1370 281 nonas!

553 313 728 360 supplicant
759 325 813 360 pro
840 313 1079 348 Bonarenturae
1100 313 1347 356 canonizatione,
1378 314 1454 347 ibid.
1483 321 1512 347 et
1536 327 1594 360 seq.
1622 313 1841 357 Canonizatio,
1876 315 1946 348 ⁶287
1970 315 1997 348 b.

551 363 629 398 Eius
657 363 783 406 festum,
810 364 880 397 ‘288
911 376 940 396 α.
975 361 1123 396 Officium
1160 362 1275 409 duplex
1302 362 1412 397 Ordini
1440 362 1473 397 S.
1504 362 1666 398 Francisci
1697 363 1892 402 conceditur,
1922 364 1996 397 ibid.

551 412 767 459 lndulgentiae
790 412 856 446 eius
884 412 1062 458 sepulcrum
1088 413 1132 446 rel
1155 413 1318 447 ecclesiam
1348 411 1559 448 visitantibus,
1583 415 1658 447 ibid.

454 461 612 497 Bononiae
640 461 797 508 priuilegia
825 461 1052 496 confirmantur
1073 462 1154 496 eirca
1183 462 1325 497 eiusdem
1349 462 1502 507 regimen,
1527 465 1589 497 551
1619 475 1637 496 α
1660 472 1688 496 et
1714 465 1785 498 405
1807 476 1836 496 α.
1854 462 1997 497 Cir-itatis

549 520 578 545 et
600 511 759 546 districtus
781 523 893 546 causae
915 512 1123 546 terminantur
1152 512 1234 546 iuxta
1260 511 1343 546 illius
1366 519 1492 554 statuta,
1522 513 1590 546 49¹4
1619 525 1649 546 a.
1670 511 1782 547 Forma
1806 512 1993 547 iudiciorum

551 559 650 596 Rotae
673 560 894 603 Bononiensis,
918 563 988 596 495
1011 574 1041 595 α.

454 609 615 645 Britannia
639 622 750 646 norem
774 611 916 646 ecclesiis
938 610 1172 645 cathedralibus
1193 611 1287 654 clara,
1312 613 1382 646 155
1411 613 1440 646 b.

453 659 542 694 Bulla
572 660 600 694 in
624 658 728 694 Coena
757 659 883 695 Domini
907 673 963 695 cur
985 660 1118 706 singulis
1145 661 1235 695 annis
1259 660 1447 707 publicetur,
1471 663 1537 696 491
1561 674 1591 695 α.
1617 660 1942 696 Excommunicantur
1970 661 2000 695 in

552 721 586 744 ea
614 722 724 745 omnes
748 710 894 745 baeretici
917 711 1124 758 ipsorumque
1147 710 1297 755 fautores,
1324 712 1399 745 ibid.
1423 719 1450 745 et
1474 723 1533 756 seq.

1207 821 1240 859 (2

452 907 611 943 Calatrava
636 907 697 952 (de)
721 908 838 943 militia.
869 909 903 942 V.
928 908 1029 955 Leges
1051 920 1107 956 pro
1136 908 1354 944 indemnitate.

453 957 601 992 Callistus
623 957 665 992 111
692 957 755 993 PP.
783 970 857 993 ccxl
886 958 1025 1005 eligitur,
1056 960 1125 993 116
1153 972 1183 993 α.

453 1006 725 1043 Camaldulenses.
748 1007 879 1043 Ordinis
900 1007 935 1043 S.
959 1008 1133 1049 Benedicti,
1158 1009 1258 1043 maius
1281 1008 1424 1044 obtinent
1448 1007 1606 1043 indultum
1632 1008 1806 1056 recipiendi
1833 1008 2007 1045 monachos

551 1057 684 1092 aliorum
705 1058 877 1101 Ordinum,
904 1061 945 1092 17
970 1060 997 1092 b.

453 1107 822 1143 CainaldulensisEremi
845 1116 875 1142 et
890 1107 924 1142 S.
946 1107 1111 1143 Michaelis
1131 1107 1170 1142 de
1189 1107 1334 1153 Murano,
1358 1107 1489 1143 Ordinis
1502 1108 1535 1142 S.
1551 1107 1729 1153 Benedicti,
1747 1108 2009 1156 congregationes

554 1157 717 1201 uniuntur,
742 1159 929 1204 illarumque
951 1166 1063 1192 statuta
1087 1158 1324 1202 confirmantur,
1349 1160 1419 1192 545
1447 1160 1474 1192 b.
1506 1158 1609 1193 Dubia
1638 1167 1743 1193 exorta
1769 1159 1798 1192 in
1824 1158 2008 1206 privilegiis,

553 1207 701 1243 solvenda
731 1208 760 1242 in
790 1207 1016 1242 monachorum
1046 1207 1203 1247 savorem,
1233 1210 1303 1242 544
1336 1210 1363 1242 b.
1393 1207 1495 1242 Unius
1518 1208 1698 1243 monasterii
1729 1208 1888 1256 privilegia
1920 1220 2010 1243 com-

554 1258 658 1291 munia
681 1266 753 1291 sunt
767 1257 834 1292 aliis
849 1257 988 1292 eiusdem
1005 1258 1271 1304 congregationis,
1287 1258 1378 1292 etiam
1397 1258 1590 1294 monialium.
1606 1260 1678 1292 ibid.
1691 1257 1785 1293 Unita
1804 1258 2008 1305 congregatio

556 1316 757 1354 nuncupatur
772 1308 880 1341 Eremt'
899 1315 925 1341 et
947 1309 1058 1342 Sancti
1075 1308 1247 1348 Michaelis,
1267 1309 1341 1342 ibid.
1365 1307 1518 1343 Generale
1541 1307 1712 1355 capitulum
1731 1307 1867 1342 condere
1891 1317 1920 1343 et
1939 1319 2009 1342 cor-

559 1356 657 1403 rigere
676 1365 776 1403 potest
790 1365 902 1391 statuta
919 1369 973 1404 pro
983 1357 1136 1403 regimine
1151 1356 1292 1397 Ordinis,
1303 1359 1376 1392 ibid.
1396 1356 1516 1392 Praetaii
1533 1357 1681 1392 obediunt
1695 1357 1844 1403 generali,
1861 1357 2007 1392 monae-lii

557 1418 628 1441 vero
639 1407 794 1453 praelatis,
811 1408 919 1441 54:311.
931 1406 1108 1453 Appellatio
1123 1407 1230 1450 abeis,
1245 1408 1337 1442 etiam
1352 1407 1517 1442 adSedem
1535 1407 1763 1453 Apostolicam,
1778 1407 1897 1454 alisque
1918 1405 2011 1454 Papae

558 1455 695 1496 licentia,
726 1456 888 1491 monachis
911 1456 1106 1503 proliibetur,
1141 1458 1216 1491 ibid.
1255 1456 1425 1492 Processus
1455 1466 1515 1490 tam
1545 1457 1653 1491 civiles
1683 1469 1777 1504 quam
1811 1457 2010 1501 criminales,

560 1506 735 1540 seeundum
754 1518 830 1541 usus
847 1514 1000 1541 etstatnta
1025 1505 1210 1550 formentur,
1237 1508 1312 1541 ibid.
1335 1506 1502 1542 Transitus
1523 1506 1562 1541 de
1585 1506 1653 1541 loco
1680 1507 1717 1541 ad
1742 1507 1846 1541 locum
1869 1506 2008 1554 quando,

559 1555 597 1590 de
623 1555 744 1590 licentia
768 1555 860 1590 Sedis
879 1556 1090 1603 Apostolicae‚
1110 1564 1154 1591 est
1174 1556 1416 1604 permittendus,
1431 1558 1506 1591 ibid.
1522 1558 1550 1590 b.
1565 1555 1701 1603 Fugitivi
1721 1569 1782 1591 non
1800 1557 2008 1603 recipiuntur.

557 1605 702 1652 praelatis
725 1606 840 1646 invitis,
857 1607 932 1640 ibid.
955 1605 1124 1651 Translati,
1139 1607 1222 1641 iuxta
1239 1606 1469 1641 ordinationem
1488 1606 1626 1653 capituli,
1641 1607 1678 1641 ad
1694 1606 1751 1641 alia
1775 1606 1840 1640 loca
1866 1605 2010 1648 Ordinis,

556 1667 665 1690 eorum
696 1655 834 1690 locorum
878 1655 1008 1702 professi
1040 1664 1225 1696 censentur,
1254 1658 1326 1691 ibid.
1356 1656 1436 1691 Loca
1465 1665 1494 1690 ct
1523 1667 1673 1702 personae
1701 1656 1852 1691 omnibus
1881 1655 2011 1691 Ordinis

557 1705 725 1752 privilegiis
747 1705 897 1751 gaudent,
925 1705 1098 1741 dnmmodo
1121 1705 1223 1740 dictae
1251 1707 1504 1753 congregationis
1527 1707 1665 1741 instituta
1691 1719 1751 1740 non
1775 1706 1913 1744 obstent.
1933 1707 2009 1740 ibid.

556 1754 637 1789 Loca
661 1767 722 1789 non
748 1756 880 1790 invicem
904 1755 1044 1790 subiecta
1067 1763 1152 1800 sunt,
1174 1756 1227 1790 sed
1253 1756 1385 1791 invicem
1413 1756 1637 1802 suffragantur,
1661 1758 1732 1791 546
1761 1769 1790 1790 a.
1819 1755 2008 1790 Monasteria

556 1805 760 1840 conseruntur
783 1805 928 1852 praelatis
949 1804 1080 1840 Ordinis
1101 1818 1117 1840 3
1140 1806 1275 1853 capitulo
1297 1805 1434 1852 generali
1466 1806 1511 1840 rel
1540 1805 1578 1840 ab
1606 1807 1674 1852 ipso
1708 1805 1845 1853 generali
1879 1814 1909 1840 et
1936 1817 2003 1839 ina-

557 1855 613 1889 iori
638 1863 724 1901 parte
751 1855 957 1899 visitatorum,
983 1857 1059 1889 ibid.
1082 1855 1214 1890 Praelati
1245 1856 1290 1890 sic
1309 1856 1412 1899 electi,
1440 1856 1558 1902 alisque
1595 1856 1651 1890 alia
1688 1855 1780 1890 Sedis
1807 1855 2008 1902 Apostolicae

555 1904 801 1952 dispensatione,
817 1905 1016 1939 monasteriis
1036 1914 1197 1952 praesunt,
1212 1913 1241 1940 et
1258 1915 1318 1941 tam
1336 1907 1364 1940 in
1378 1905 1594 1953 spiritualibus
1610 1918 1704 1953 quam
1729 1906 1758 1940 in
1781 1904 2009 1953 temporalibus

556 1966 592 1989 ea
619 1955 813 2001 gubernant,
840 1957 914 1989 ibid.
942 1954 1027 1989 Loco
1049 1955 1226 1990 absentium
1254 1956 1463 2004 praelatorum
1487 1955 1537 1990 alii
1566 1956 1804 1991 substituuntur
1825 1968 1841 1990 a
1868 1954 2006 2000 capitulo

557 2003 603 2039 vel
631 2017 647 2039 3
669 2005 805 2051 generali
835 2017 908 2040 cum
948 2004 1130 2052 deputatis,
1163 2006 1245 2040 iuxta
1273 2018 1382 2041 eornm
1406 2005 1653 2041 consuetudines
1676 2014 1705 2039 et
1727 2013 1852 2045 statuta,
1877 2006 1951 2038 ibid.
1977 2005 2010 2038 b.

557 2053 640 2089 Loca
655 2064 684 2089 et
700 2055 889 2089 monasteria
903 2055 1154 2101 congregationis
1171 2056 1200 2089 in
1213 2055 1446 2099 commendam,
1458 2056 1644 2090 titulumaut
1663 2055 1844 2102 pensionem
1864 2054 1929 2088 dari
1947 2066 2008 2088 non

558 2112 699 2149 possunt,
714 2106 789 2139 ibid.
807 2104 1037 2140 Beneficiorum
1053 2105 1194 2139 omnium
1218 2106 1342 2140 collatio
1357 2105 1453 2140 libere
1467 2105 1503 2140 ad
1529 2105 1683 2152 praelatos
1705 2104 1836 2140 Ordinis
1860 2105 2009 2152 pertinet,

559 2156 628 2188 547
651 2167 680 2188 α.
704 2153 1033 2191 Excommnnicantur
1055 2155 1106 2201 qui
1130 2154 1289 2190 obstacula
1314 2155 1466 2190 obiiciunt
1495 2154 1670 2189 volentibus
1698 2154 1850 2189 Ordinem
1869 2153 2006 2200 ingredi,

560 2205 634 2238 ibid.
673 2206 700 2238 b.
735 2203 881 2239 Monaelii
909 2217 924 2239 a
952 2204 1199 2251 congregatione
1227 2205 1313 2240 nullo
1341 2214 1503 2252 praetextu
1533 2205 1707 2244 divertunt,
1743 2206 1818 2239 ibid.
1849 2203 2006 2250 Vagantes

559 2262 644 2289 extra
667 2253 800 2289 claustra
831 2266 845 2289 3
873 2254 1011 2303 generali
1039 2263 1068 2288 et
1106 2254 1252 2301 praelatis
1279 2254 1426 2297 Ordinis,
1451 2263 1658 2298 coercentur,
1687 2256 1757 2288 548
1784 2267 1814 2288 a.
1838 2253 2007 2300 Exemptio

562 2305 814 2349 congregationis
841 2304 879 2339 ab
907 2305 1135 2340 ordinariorum
1171 2313 1200 2339 et
1224 2305 1358 2340 aliorum
1387 2305 1625 2352 superioritate,
1661 2306 1734 2338 ibid.
1764 2306 1792 2338 b.
1821 2302 1952 2338 Praelati
1981 2312 2011 2337 et

561 2353 705 2388 monachi
731 2355 798 2400 cogi
819 2362 981 2401 nequeunt
1010 2354 1162 2389 interesse
1180 2355 1338 2395 conciliis,
1367 2354 1562 2391 funeralibus
1583 2362 1651 2398 eta,
1668 2355 1737 2388 549
1760 2367 1790 2388 a.
1813 2352 2007 2389 Testimonia

560 2412 681 2450 patrum
701 2404 729 2437 in
754 2416 862 2439 eorum
879 2404 985 2439 causis
1000 2403 1136 2450 legitima
1161 2413 1245 2445 sunt,
1260 2407 1335 2439 ibid.
1359 2407 1387 2440 b.
1410 2404 1578 2453 Exemptio
1602 2404 1830 2439 monachorum
1855 2402 1893 2437 ab
1911 2404 2008 2451 impo-

559 2452 730 2488 sitionibus
750 2454 971 2493 saecularium.
986 2456 1060 2489 ibid.
1077 2455 1104 2496 b;
1127 2467 1142 2488 a
1160 2454 1292 2490 decimis
1311 2463 1339 2490 et
1356 2467 1556 2502 quacumque
1573 2454 1798 2501 praestatione,
1814 2454 1886 2488 550
1899 2467 1919 2488 α
1933 2462 1964 2489 et
1979 2455 2008 2488 b.

559 2502 703 2539 Monaehi
719 2504 893 2540 succedunt
911 2505 941 2541 in
957 2504 1200 2540 haereditatibus
1217 2517 1272 2551 pro
1286 2517 1395 2540 eorum
1413 2505 1630 2548 monasteriis,
1648 2505 1721 2538 ibid.
1739 2502 1949 2550 praescriptio
1970 2515 2011 2537 Lx

560 2564 712 2588 annorum
729 2561 847 2588 tantum
863 2554 955 2589 datur
966 2562 1073 2589 contra
1085 2553 1336 2598 Ortliriein,ibi‘d.
1355 2554 1516 2590 Interdicti
1532 2562 1674 2601 tempore
1688 2552 1848 2588 celebrare
1864 2563 2012 2599 possunt,

563 2603 663 2638 ianuis
676 2603 802 2647 clausis,
828 2605 902 2637 ibid.
929 2602 1043 2639 Sacros
1066 2603 1193 2641 ordines
1222 2605 1376 2650 recipiunt
1399 2618 1414 2639 a
1437 2616 1638 2652 quocumque
1666 2603 1822 2643 antistite,
1845 2602 1881 2636 ad
1911 2601 2008 2637 solam

561 2664 668 2687 eorum
696 2653 980 2700 praesentationem
1009 2665 1065 2700 per
1088 2653 1241 2701 praelatos
1263 2652 1413 2699 Ordinis,
1437 2656 1501 2690 551
1538 2665 1567 2688 α.
1603 2653 1769 2689 Generalis
1793 2661 1822 2687 et
1851 2652 2009 2700 praelato-
