2281 3251
141 255 189 282 An.
208 254 236 280 C.
256 253 322 281 ¹500

161 1150 266 1171 institutio
283 1148 330 1168 offi-

147 1182 174 1202 cii
196 1181 330 1201 summ-uotis

148 1213 255 1233 litei-nium
278 1218 331 1238 upo—

149 1243 278 1267 stelionum,
293 1249 331 1262 va-

149 1274 222 1295 cubitis
231 1275 254 1293 ad
266 1275 331 1293 instar

148 1305 236 1325 aliorum
250 1304 331 1324 officio-

150 1335 263 1356 nemetim.
275 1335 332 1362 Apo*

151 1367 248 1388 nolimus.

947 248 965 270 Α
972 247 1141 271 [lixanum
1166 247 1195 270 Vl
1221 246 1268 268 Pr.

337 314 366 341 et
383 305 504 340 illarum
529 302 695 340 summaria
724 301 876 344 facienda,
904 313 1003 350 eaque
1032 314 1082 337 re-

338 355 474 399 serenda,
497 354 565 389 talis
588 365 719 400 persona
734 352 913 399 deputetur,
940 363 1020 399 quae
1043 352 1080 386 ad

339 405 506 452 praemissa
540 402 715 451 peragenda
754 402 855 437 fidelis
895 410 925 436 et
972 401 1081 436 idonea

338 454 498 494 habeatur,
533 461 563 488 et
605 460 770 499 postquam
799 452 828 486 in
859 451 895 486 iis
931 452 1081 486 instructa

339 503 535 538 laudabiliter
567 510 684 537 versata
712 501 815 543 suerit,
844 509 975 548 nequeat
997 513 1083 535 amo-

339 554 413 594 veri,
446 565 517 588 cum
555 565 591 587 ex
622 552 779 586 amotione
816 552 985 598 praedicta,
1022 559 1082 585 tam

340 611 465 650 propter
482 602 683 649 imperitiam,
705 613 797 649 quam
822 613 944 648 parvam
969 600 1085 646 cogni—

339 653 432 687 tionis
463 652 623 687 literarum
657 651 884 698 praedictarum
920 651 1085 697 experien-

340 702 424 742 tiam,
452 701 555 736 eidem
579 700 769 748 expeditioni
794 712 855 734 uon
880 712 971 746 parva
993 711 1085 734 scan-

339 751 408 786 dala
444 759 474 786 et
496 750 634 798 pericula
660 759 788 798 possent
821 749 951 784 faciliter
975 760 1087 795 prove-

341 801 418 842 nire,
446 813 518 836 eum
551 800 691 835 eiusdem
728 799 819 834 Sedis
853 798 1023 845 ignominia
1059 806 1085 830 vt

340 851 423 896 gravi
446 850 580 898 partium
604 848 823 897 expeditiones
845 847 1024 882 huiusmodi
1058 847 1086 880 iu

340 900 482 935 Romana
523 899 638 943 Curia,
672 898 710 933 ad
753 911 847 945 quam
885 897 924 931 de
957 896 1088 931 dirersis

342 949 450 984 mundi
481 949 622 995 partibus
650 948 800 983 continuo
828 947 958 981 confluit
981 946 1089 980 multi-

343 998 431 1044 tudo,
458 998 716 1046 persequentium
739 996 905 1044 dispendio
934 1003 965 1031 et
993 995 1089 1030 detri-

344 1057 460 1083 mento.

393 1098 466 1146 §1-
489 1097 570 1133 Cum
605 1098 709 1144 itaque
744 1096 879 1131 officium
909 1093 1090 1141 recipiendi.

344 1147 493 1191 videndi,
526 1147 702 1182 summandi
742 1155 773 1180 et
806 1144 959 1179 referendi
990 1144 1092 1178 literas

345 1197 542 1244 apostolicas,
564 1208 643 1243 quae
666 1208 720 1243 per
752 1195 915 1230 Cameram
936 1193 1093 1240 Apostoli-

345 1259 412 1281 eam
443 1259 499 1293 pro
526 1254 667 1292 tempore
690 1245 912 1292 expediuntur,
935 1242 1019 1289 quod
1043 1243 1093 1275 di-

346 1296 445 1330 lectus
471 1295 554 1330 filius
582 1295 729 1342 magister
764 1293 946 1328 Ludovieus
973 1293 1011 1326 de
1034 1291 1094 1326 Pa-

347 1345 454 1389 nafid.,
472 1345 610 1380 decanus
632 1344 782 1379 ecclesiae
801 1343 946 1381 Oveten.,
962 1341 1094 1387 scriptor

346 1404 377 1430 et
403 1395 562 1430 familiaris
588 1402 705 1438 noster,
724 1406 760 1428 ex
783 1393 832 1427 sel.
856 1404 917 1427 rec.
940 1391 1095 1426 Innocen-

347 1445 380 1478 tii
403 1444 507 1491 Papae
529 1444 640 1488 octavi,
662 1442 911 1491 praedecessoris
933 1441 1048 1479 nostri,
1067 1450 1092 1474 et

349 1494 464 1528 deinde
491 1494 574 1529 dicto
609 1493 849 1540 praedecessore
887 1494 932 1535 (ut
957 1490 1094 1525 Domino

350 1544 474 1590 placuit)
503 1544 542 1578 de
575 1543 679 1577 medio
711 1542 846 1586 sublato,
874 1550 904 1575 et
933 1540 1024 1575 uobis
1046 1539 1096 1574 di-

351 1594 418 1627 vina
447 1593 567 1627 favente
589 1592 753 1627 clementia
777 1592 813 1626 ad
837 1592 956 1637 apicem
981 1592 1093 1624 summi

349 1643 543 1689 apostolatus
565 1643 746 1689 assumptis,
769 1654 807 1675 ex
831 1649 933 1675 nostra
962 1652 1096 1674 conces-

350 1693 438 1728 sione
461 1692 594 1727 fideliter
616 1701 646 1727 et
674 1691 870 1726 laudabiliter
893 1702 947 1737 per
970 1689 1096 1723 duode—

350 1743 411 1777 cim
440 1754 539 1777 annos
568 1741 613 1776 vel
647 1741 730 1776 circa
751 1740 904 1778 exercuit,
937 1751 991 1785 pro
1023 1738 1098 1773 faei-

350 1792 419 1827 liori
447 1792 606 1826 literarum
635 1790 818 1825 earumdem
850 1790 880 1824 in
913 1789 994 1824 dicta
1030 1789 1096 1823 Ca—

351 1854 434 1877 mera
451 1842 626 1876 directione
648 1840 903 1887 etexpeditione,
927 1838 1095 1873 admodum

353 1891 562 1926 necessarium
595 1891 706 1925 existat
739 1889 948 1936 expediatque
971 1898 1002 1922 ut
1024 1888 1098 1922 osli—

351 1942 434 1975 cium
459 1941 664 1987 praedictum,
681 1939 718 1974 ad
735 1940 831 1974 instar
851 1939 983 1973 aliorum
1000 1937 1099 1972 dictae

352 1990 504 2025 Gamerae
529 1990 717 2032 officiorum,
746 1997 931 2035 perpetuum
955 1988 1018 2031 fiat,
1037 2000 1099 2034 quo

354 2052 425 2074 cum
446 2040 553 2074 maiori
583 2039 664 2083 sule,
697 2051 771 2073 cura
799 2047 829 2072 et
858 2038 1020 2083 diligentia
1049 2050 1100 2071 ra-

354 2094 414 2128 leat
436 2093 584 2133 exerceri,
611 2105 677 2132 nos,
707 2092 845 2126 volentes
871 2091 974 2126 debite
997 2092 1102 2138 prori-

356 2148 441 2191 dere,
469 2147 663 2195 praedictum
687 2145 906 2186 Ludovicum,
935 2145 986 2192 qui
1011 2146 1101 2179 etiam

356 2202 526 2237 continuus
554 2200 774 2235 commensalis
803 2207 920 2240 noster,
946 2207 976 2233 ct
998 2199 1101 2233 litera—

358 2269 426 2290 rum
449 2255 691 2302 apostolicarum
717 2254 755 2288 de
792 2254 902 2288 minori
936 2265 1028 2299 parco
1050 2253 1104 2287 ab·

359 2310 523 2350 breviator,
547 2321 666 2344 necnon
680 2307 891 2343 Cancellariae
906 2306 1105 2353 Apostolicae

359 2364 507 2399 ostiarius
519 2363 634 2404 existit,
651 2363 690 2397 ob
706 2370 792 2408 grata
814 2360 990 2395 devotionis
1009 2369 1039 2395 et
1061 2360 1106 2395 fa-

362 2418 546 2452 miliaritatis
568 2417 731 2464 obsequia,
754 2428 834 2463 quae
858 2414 947 2449 nobis
964 2423 993 2449 et
1018 2414 1107 2462 Apo-

362 2472 488 2508 stolicae
499 2470 574 2506 Sedi
598 2472 750 2505 hactenus
770 2468 936 2516 impendit,
954 2476 985 2503 et
1006 2468 1106 2502 adhue

363 2526 493 2562 solicitis
511 2525 623 2561 studiis
657 2524 838 2573 impendere
874 2535 936 2557 non
975 2522 1108 2563 desistit;

366 2593 486 2616 necnon
522 2579 687 2615 laudabilia
720 2578 883 2627 probitatis
905 2586 935 2612 et
963 2577 1108 2613 virtutum

364 2635 485 2682 merita,
507 2634 623 2684 quibus
659 2645 822 2683 personam
850 2644 950 2675 suam,
978 2640 1040 2668 tam
1064 2632 1109 2667 sa-

1750 233 1817 265 579

1124 302 1233 337 miliari
1254 299 1458 348 experientia,
1487 310 1580 345 quam
1610 297 1701 332 etiam
1739 296 1800 332 side
1821 297 1870 332 di-

1124 353 1194 399 gnis
1217 350 1424 389 testimoniis,
1462 349 1556 383 iuvari
1582 347 1797 394 percepimus:
1823 347 1871 382 fa—

1127 415 1196 437 rore
1225 400 1370 448 prosequi
1405 399 1551 446 gratioso,
1577 400 1739 444 ipsamque
1760 408 1777 430 a
1799 398 1871 444 qui-

1127 452 1232 487 bus-vis
1255 448 1591 485 exconmiunicatiouis
1612 455 1664 480 etc.
1693 455 1871 491 censentes,

1127 512 1213 536 motu
1238 501 1376 547 proprio,
1404 511 1464 533 non
1488 497 1525 531 ad
1550 497 1686 531 alicuius
1709 495 1800 531 nobis
1818 508 1873 530 su-

1128 565 1181 597 per
1201 552 1259 585 hoc
1275 550 1395 584 oblatae
1419 547 1577 595 petitionis
1602 547 1794 591 instantiam,
1816 545 1871 580 sed

1127 601 1164 635 de
1188 609 1290 635 nostra
1320 611 1403 633 mera
1426 596 1650 632 deliberatione
1678 604 1708 630 et
1729 607 1766 629 ex
1790 603 1872 630 certa

1128 650 1254 684 seientia
1277 661 1312 683 ac
1336 649 1373 682 de
1395 646 1584 694 apostolicae
1616 645 1778 692 potestatis
1800 644 1874 692 ple-

1129 699 1283 738 nitudine,
1306 697 1442 732 officium
1477 696 1679 730 summatoris
1714 694 1873 729 literarum

1131 761 1185 795 per
1206 748 1371 782 Cameram
1394 745 1582 793 praedictam
1607 743 1873 792 expediendarum

1131 797 1325 836 huiusmodi,
1349 796 1384 830 ad
1409 797 1508 829 instar
1523 794 1655 829 aliorum
1679 793 1782 828 dictae
1809 793 1876 827 Cu-

1132 849 1193 881 riae
1222 846 1395 880 officiorum
1430 852 1669 891 perpetuorum,
1691 842 1876 877 auctoritate

1131 896 1320 943 apostolica,
1347 903 1455 929 tenore
1493 894 1703 939 praesentium
1725 892 1876 938 erigimus

1132 955 1161 980 ct
1189 946 1397 985 instituimus,
1432 951 1607 977 statuentes
1639 951 1669 977 et
1695 941 1877 977 ordinantes

1132 995 1216 1042 quod
1239 995 1277 1029 de
1299 995 1382 1028 dicto
1409 992 1522 1036 officio,
1542 1000 1602 1026 tarn
1631 992 1689 1026 hac
1712 992 1810 1038 prima
1836 990 1878 1024 vi-

1133 1057 1178 1085 ce,
1202 1057 1297 1091 quam
1321 1042 1469 1090 quotiens
1491 1041 1641 1088 deinceps
1665 1053 1720 1088 pro
1738 1049 1878 1086 tempore

1135 1094 1211 1129 illud
1240 1105 1347 1128 vacare
1370 1092 1549 1138 contigerit,
1573 1102 1724 1138 personae
1741 1090 1777 1124 ad
1801 1088 1878 1123 illud

1134 1143 1343 1178 exercendum
1373 1141 1515 1182 idoneae,
1540 1153 1593 1186 per
1616 1152 1683 1174 eam
1712 1137 1815 1186 quoad
1838 1138 1881 1171 vi-

1134 1194 1213 1227 xerit
1234 1192 1369 1227 tenendo
1391 1199 1420 1225 et
1442 1189 1629 1230 exercendo,
1667 1201 1722 1236 per
1757 1200 1812 1222 nos
1851 1194 1881 1221 et

1135 1254 1333 1277 successores
1368 1249 1491 1275 nostros
1523 1239 1684 1274 Romanos
1710 1236 1882 1272 Pontifices

1136 1293 1286 1327 canonice
1316 1291 1469 1325 intrantes
1509 1288 1676 1337 provideri,
1710 1300 1765 1322 seu
1806 1285 1881 1321 illud

1136 1342 1265 1376 concedi
1289 1349 1319 1376 et
1345 1339 1497 1386 assignari
1525 1338 1649 1379 debean
1671 1337 1824 1383 liceatque
1840 1335 1883 1369 di-

1136 1400 1186 1426 cto
1207 1391 1369 1426 Ludorico
1388 1400 1417 1423 et
1440 1389 1575 1424 officium
1604 1388 1707 1434 ipsum
1733 1399 1789 1434 pro
1811 1395 1884 1420 tem-

1139 1453 1211 1487 pore
1233 1440 1398 1480 obtinenti,
1426 1439 1465 1473 de
1494 1438 1566 1482 illo,
1590 1445 1682 1484 prout
1715 1435 1884 1483 scriptores

1138 1492 1297 1526 literarum
1326 1488 1569 1536 apostolicarum
1599 1486 1638 1521 de
1673 1485 1773 1520 officio
1801 1484 1886 1519 scri-

1139 1541 1256 1588 ptoriae
1272 1540 1430 1574 literarum
1445 1537 1625 1573 earumdem
1639 1535 1806 1582 disponere
1820 1546 1885 1581 pos·

1138 1600 1221 1630 sunt,
1249 1589 1428 1636 disponere,
1450 1600 1486 1622 ac
1508 1587 1611 1621 literas
1632 1598 1685 1632 per
1701 1585 1814 1619 dictam
1831 1582 1888 1618 Ca-

1139 1652 1254 1674 meram
1287 1637 1497 1685 expediendas
1520 1648 1607 1671 more
1623 1635 1714 1670 solito
1737 1634 1887 1680 recipere,

1117 1725 1118 1728 Ἴ
1140 1689 1244 1723 ridere
1264 1697 1294 1724 et
1315 1700 1484 1727 summ-arm
1500 1699 1535 1721 ac
1556 1685 1645 1720 nobis
1672 1694 1702 1719 et
1724 1694 1888 1718 successo-

1141 1739 1226 1773 ribus
1244 1739 1356 1773 uostris
1373 1737 1536 1784 praedictis
1558 1749 1612 1770 seu
1637 1732 1889 1782 praesidentibus

1140 1788 1239 1823 dictae
1262 1787 1450 1835 expeditioni
1476 1798 1529 1833 pro
1552 1794 1693 1832 tempore
1715 1783 1888 1830 deputatis,

1142 1847 1174 1871 ut
1201 1839 1295 1872 moris
1318 1845 1375 1877 est,
1404 1836 1531 1880 referre,
1554 1835 1684 1881 illasque
1711 1833 1748 1868 ad
1775 1831 1889 1867 Came-

1143 1900 1190 1922 rac
1202 1897 1229 1921 et
1242 1887 1434 1922 Secretariae
1448 1885 1686 1932 apostolicarum
1704 1882 1832 1930 registra
1847 1883 1889 1925 (1)

1142 1937 1287 1984 dirigere,
1322 1937 1374 1984 qui
1398 1936 1436 1970 de
1464 1935 1574 1970 salario
1602 1934 1694 1968 solito
1717 1930 1888 1967 contentari

1144 1995 1296 2021 tenentur.

1190 2037 1209 2083 ξ
1231 2039 1263 2070 2.
1288 2036 1333 2070 Ac
1368 2035 1515 2070 omnibus
1543 2032 1736 2081 privilegiis,
1759 2030 1889 2077 gratiiS,

1145 2086 1285 2126 indultis,
1314 2085 1578 2131 exemptionibus,
1604 2082 1787 2125 bonoribus,
1804 2091 1889 2127 prae-

1147 2136 1291 2181 rogativis
1314 2144 1342 2169 et
1366 2133 1627 2171 immunitatilms,
1656 2131 1770 2178 quibus
1791 2130 1890 2176 scrip-

1147 2194 1228 2220 tores
1254 2186 1412 2219 literarum
1441 2183 1620 2218 earumdem
1649 2189 1804 2223 utuntur,
1827 2191 1892 2226 po-

1147 2236 1267 2269 tiuntur
1288 2245 1318 2269 et
1337 2234 1488 2280 gaudent,
1503 2233 1558 2275 uti,
1577 2231 1668 2279 potiri
1691 2239 1720 2265 et
1742 2229 1890 2275 gaudere.

1148 2284 1185 2318 Et
1207 2284 1424 2328 nibilominus,
1449 2283 1487 2317 de
1511 2280 1693 2316 huiusmodi
1720 2280 1824 2315 officio
1846 2278 1892 2312 sic

1148 2347 1182 2369 ac
1204 2347 1219 2369 a
1237 2335 1393 2382 primaeva
1408 2334 1476 2368 eius
1494 2332 1648 2366 erectione
1661 2338 1802 2374 vacante,
1821 2340 1892 2363 curn

1150 2384 1332 2425 bonoribus,
1347 2383 1508 2425 oneribus,
1524 2381 1656 2424 salariis,
1670 2378 1893 2415 emolumentis

1150 2434 1308 2468 consuetis
1329 2446 1364 2468 ac
1386 2433 1453 2466 aliis
1469 2430 1649 2479 praemissis
1664 2457 1673 2474 ,
1696 2429 1778 2464 dicto
1794 2427 1893 2462 Ludo-

1152 2484 1229 2528 vico,
1245 2492 1343 2525 motu,
1359 2482 1488 2516 seientia
1504 2489 1533 2516 et
1547 2480 1730 2515 auctoritate
1750 2477 1896 2526 praemis·

1151 2533 1216 2578 sis,
1244 2532 1459 2580 providemus,
1483 2530 1622 2577 illudque
1645 2528 1716 2572 sibi,
1743 2526 1894 2574 quamdiu

1153 2583 1242 2617 vitam
1267 2582 1391 2617 duxerit
1415 2581 1445 2615 in
1469 2580 1627 2623 humanis,
1649 2578 1853 2613 concedimus
1868 2584 1896 2611 et

1188 2646 1226 2679 (tt
1245 2645 1304 2679 liugn
1323 2648 1379 2679 pul.
1399 2646 1584 2676 rrgiiw'rolores
1602 2641 1638 2677 (R.
1656 2639 1705 2676 T.).

1881 244 1932 271 An.
1950 243 1979 270 C.
1998 243 2064 270 ¹500

1917 2040 2032 2061 coueesuo
2042 2040 2088 2066 pri<

1904 2073 1999 2098 vitegior.
2021 2075 2042 2092 et
2063 2076 2090 2091 ο-

1904 2102 2058 2123 motumentoru
2067 2107 2086 2121 n,
