2281 3251
90 297 140 323 An.
156 296 184 322 C.
206 295 272 322 ¹115ss

90 437 208 457 lrat'lffl'unt.

112 2042 220 2063 Eiet-dium

916 289 1086 313 CAtJJsTUS
1110 290 1145 312 ΗΙ
1170 289 1219 312 Pe.

1710 279 1775 311 1⁶27

335 348 410 394 §5-
436 345 505 382 Nou
529 346 725 381 obstantibus
755 345 1036 381 constitutionibus
1078 357 1145 379 rum
1190 346 1397 392 imposterum
1437 344 1598 379 audaciam
1641 343 1827 379 interdicere

103 405 273 431 nmmum-nn-
288 407 317 432 et
355 395 605 431 ordinationibus
642 395 823 442 apostolicis
861 396 1036 442 ceterisque

287 446 452 481 contrariis
475 445 744 492 quibuscumque.

336 495 420 530 Nulli
447 507 522 542 ergo
544 503 597 529 etc.

335 544 370 580 Si
392 545 464 592 quis
485 553 591 579 autem
613 553 666 579 etc.

336 594 450 630 Datum
474 593 594 629 Romae
615 594 697 641 apud
721 593 873 629 Sanctum
894 594 1037 633 Petrum,

286 656 369 679 anno
398 643 625 679 Incarnationis
657 644 835 678 dominicae
871 644 1037 678 millesimo

287 694 599 741 quadringentesimo
633 694 897 741 quinquagesimo
937 702 1035 738 sexto,

287 743 500 778 decimosexto
530 743 679 778 kalendas
708 744 807 781 iunii.
837 743 1037 790 pontificatus

287 793 382 827 nostri
410 805 493 828 anno
521 805 557 828 lt.

342 847 403 885 D‘at.
420 856 466 885 die
482 856 518 885 47
538 855 606 886 maii
628 856 713 893 1450,
737 856 837 895 pontit.
860 864 935 884 anno
956 864 983 884 tt.

635 1047 687 1082 IV.

286 1128 414 1162 Sanctio
441 1129 483 1162 ad
507 1130 682 1162 evitandum
711 1129 864 1173 quodlibet
893 1129 1036 1162 chriscia-

335 1189 445 1212 norum
474 1190 541 1212 cum
568 1180 686 1212 iudaeis
713 1186 739 1211 et
768 1180 923 1212 saracenis
953 1191 1036 1212 com-

333 1229 489 1272 mercium,
510 1229 641 1262 rescissis
669 1229 906 1273 quibuscumque
929 1230 1035 1273 priri-

334 1278 420 1321 [φῆς
441 1278 568 1311 antehac
589 1278 698 1311 eisdem
725 1280 870 1312 concessis
898 1282 954 1321 (t).

557 1356 769 1387 suatatatttuat

285 1425 449 1456 Exordium.
468 1444 506 1449 —
525 1428 550 1457 l.
569 1427 647 1458 Facti
669 1429 772 1458 series.
788 1446 827 1451 —
845 1429 871 1459 2.
892 1428 989 1459 ludaei
1010 1434 1037 1458 et

323 1473 455 1502 saraceni
475 1473 635 1503 christiana
653 1473 832 1512 benignitate
855 1473 941 1503 abusi
957 1478 1036 1503 sunt.

321 1532 361 1537 —
378 1516 405 1545 3.
428 1516 520 1546 Vetita
540 1527 606 1547 eum
632 1519 745 1548 iudaeis
765 1518 1037 1554 colt:ibitati0,coii-

323 1560 418 1590 rictus
447 1579 485 1584 --
501 1563 530 1598 4,
552 1563 579 1599 5,
598 1564 624 1592 t‘».
648 1562 681 1592 Et
703 1563 758 1593 alia
778 1564 932 1593 nonnulla.
952 1581 990 1586 —
1010 1565 1035 1593 7.

322 1604 490 1645 Blasphemi
510 1607 607 1637 iudaei
624 1613 651 1638 ct
669 1608 801 1637 saraceni
822 1609 924 1638 merita
943 1617 1034 1647 poena

322 1650 396 1680 iussi
419 1651 513 1689 affic13
532 1669 569 1674 —-
592 1653 617 1682 8.
641 1651 768 1683 (lbedire
788 1653 916 1683 decretis
941 1654 1036 1692 ponti-

324 1695 399 1725 ficiis
432 1701 594 1727 teneantur.
621 1715 660 1719 —
687 1699 715 1728 9.
740 1698 855 1728 Iudices
879 1698 913 1727 ad
936 1699 1034 1737 ponti-

321 1740 386 1770 tieia
403 1741 517 1771 decreta
535 1742 675 1771 servanda
693 1742 886 1772 obstricti.—-
902 1743 944 1772 lO.
959 1742 1035 1772 Con-

322 1785 481 1816 elusioneS.

326 1861 456 1890 Callistus
478 1861 621 1898 episcopus
647 1869 743 1891 servus
763 1870 905 1892 servorum
931 1863 988 1896 Dei.

412 1911 446 1939 ad
474 1912 635 1947 perpetuam
659 1912 701 1941 rei
730 1913 898 1941 memoriam.

330 1982 363 2016 Si
387 1982 425 2017 ad
450 1983 667 2030 reprimendos
690 1994 955 2031 transgressorum
976 1998 1032 2021 ex-

281 2047 390 2070 cessus
424 2047 527 2072 nostra
557 2039 687 2073 nimium
724 2040 933 2075 mansuetudo
965 2041 1033 2075 len-

281 2097 388 2131 tescat,
415 2103 524 2125 eorum
550 2093 706 2127 temeritas
736 2093 765 2127 fit
796 2095 964 2141 proclivior
995 2095 1031 2130 ad

282 2144 488 2189 peccandum,
515 2155 545 2180 et
573 2147 769 2195 impunitatis
791 2148 971 2195 exemplum
1001 2150 1031 2184 in

281 2195 357 2230 alios
379 2197 548 2234 derivatur.
575 2200 707 2248 Propter
733 2201 817 2249 qnod
841 2202 878 2237 ad
906 2212 1034 2250 aposto—

281 2251 376 2287 licum
415 2263 557 2289 nostrum
592 2265 710 2302 spectat
744 2256 904 2300 officium,
938 2259 1030 2293 etiam

282 2307 396 2342 inrittm
425 2308 623 2344 innovatione
656 2311 794 2357 priorum
823 2312 868 2346 sic
891 2311 1029 2348 debitam

280 2363 497 2398 executionem
521 2364 670 2399 adbibere
694 2365 846 2409 iustitiae,
870 2366 955 2413 qnod
983 2379 1031 2412 ea,

280 2427 359 2461 quae
382 2417 411 2451 in
435 2418 557 2453 divinae
579 2419 751 2454 Maiestatis
773 2420 938 2460 oll'ensam,
960 2435 1032 2469 per-

281 2471 496 2519 nitiosnmque
518 2475 699 2521 exemplum
724 2474 863 2509 lidelium
884 2484 914 2510 et
936 2489 1032 2512 scan-

280 2524 385 2560 dalum
409 2526 521 2561 cedere
546 2527 790 2574 dignoscuntur,
814 2541 853 2564 ne
875 2529 1029 2566 deteriora

282 2579 468 2626 producant,
497 2581 697 2628 submovere⁷
727 2592 755 2616 et
783 2584 1030 2619 committendo-

315 2650 414 2717 (ης-’ἑὰ
442 2652 578 2687 Raynaldo
601 2654 746 2681 continuat.
775 2655 868 2681 Arinal.
897 2659 959 2682 tom.
992 2664 1029 2689 x,

282 2698 340 2726 pag.
397 2713 401 2717 .

1079 406 1294 441 procuremus.

1126 448 1141 487 ἕ
1176 447 1205 478 l.
1235 443 1364 479 Dudum
1393 442 1549 491 siquidem
1583 443 1747 488 Eugenins
1774 442 1828 483 IV,

1080 494 1194 539 primo,
1232 503 1262 529 et
1296 493 1411 528 deinde
1439 492 1585 527 Nieolaus
1622 492 1659 536 V,
1691 492 1826 527 Romani

1080 543 1248 579 Pontifices
1271 542 1528 590 praedecessores
1545 543 1655 586 nostri,
1677 554 1713 576 ex
1736 543 1829 577 certis

1080 593 1317 628 rationabilibus
1344 593 1447 628 causis
1478 601 1552 628 tunc
1575 592 1732 638 expressis
1758 604 1829 626 om-

1080 643 1130 677 nia
1152 651 1182 678 et
1209 643 1345 689 singula,
1369 655 1424 690 per
1445 655 1499 678 eos
1523 642 1567 677 vel
1591 642 1670 677 alios
1697 642 1829 688 praede-

1078 704 1221 727 cessores
1237 702 1372 730 nostros,
1390 692 1510 728 iudaeis
1525 692 1554 727 in
1571 691 1830 739 quibuscumque

1079 741 1229 777 dominiis
1255 751 1285 777 et
1318 743 1406 777 terris
1441 741 1713 777 commorantibus
1745 754 1830 776 con-

1079 803 1166 826 cessa
1199 792 1374 838 privilegia,
1401 793 1623 827 concessiones
1649 799 1679 826 et
1708 791 1829 826 indulta

1078 841 1115 875 ad
1153 842 1304 876 terminos
1339 841 1416 876 iuris
1455 842 1632 877 communis
1668 840 1830 876 dumtaxat

1080 890 1286 936 reduxerunt,
1309 903 1366 925 nec
1391 890 1522 926 ulterius
1544 891 1666 939 operari
1693 901 1747 926 aut
1778 903 1829 937 ‘³¹7

1079 939 1187 985 tendi,
1224 941 1269 975 vel
1306 941 1596 988 interpretationem
1636 940 1727 976 aliam
1765 942 1827 988 pati

1079 1002 1184 1036 posse,
1213 1003 1267 1037 per
1289 990 1428 1025 diversas
1456 991 1560 1026 literas
1581 1003 1654 1026 suas
1681 990 1828 1026 declara-

1079 1047 1200 1074 verunt.

1126 1094 1142 1133 ς’
1164 1092 1197 1124 2.
1227 1089 1434 1124 Postmodum
1460 1102 1531 1124 vero
1558 1090 1595 1124 ad
1620 1098 1758 1125 nostram
1775 1103 1829 1125 au·

1078 1138 1240 1179 dientiam,
1282 1151 1343 1174 non
1372 1140 1439 1174 siue
1462 1139 1565 1174 cordis
1603 1140 1827 1180 amaritudine,

1079 1188 1187 1223 iterato
1203 1188 1338 1224 deducto
1353 1189 1449 1236 quod,
1465 1201 1656 1237 quamquam
1673 1202 1729 1237 per
1745 1190 1828 1237 ipsos

1080 1238 1340 1285 praedecessores
1368 1247 1494 1274 nostros
1529 1239 1651 1284 suisset,
1676 1248 1709 1274 ut
1735 1252 1829 1287 prae-

1079 1289 1222 1331 mittitur,
1250 1288 1457 1324 declaratum:
1487 1289 1544 1335 ipsi
1574 1297 1676 1324 tamen
1702 1289 1828 1329 iudaei,

1078 1350 1093 1371 a
1123 1339 1245 1373 tramite
1283 1339 1416 1373 iustitiae
1444 1339 1595 1373 continuo
1622 1338 1829 1383 oberrantes,

1078 1388 1349 1428 concessionibus,
1374 1387 1546 1435 privilegiis
1568 1397 1597 1423 et
1620 1388 1748 1423 indultis
1768 1389 1829 1422 liu-

1080 1437 1214 1472 ittsmodi
1243 1438 1320 1472 adeo
1350 1439 1534 1478 abutuntur,
1564 1438 1648 1485 qnod
1679 1451 1828 1485 eaquae,

1078 1486 1222 1523 honestis
1245 1487 1452 1523 suadentibus
1487 1489 1602 1529 causis,
1630 1488 1667 1523 ad
1685 1488 1829 1523 salubres

1078 1545 1109 1570 et
1148 1537 1249 1573 bonos
1275 1537 1406 1572 effectus
1443 1537 1489 1572 eis
1515 1539 1652 1584 gratiose
1677 1550 1827 1573 concessa

1079 1586 1201 1622 fuerant
1217 1588 1422 1634 depravantes
1439 1595 1469 1622 et
1484 1588 1520 1621 ad
1536 1600 1645 1622 eorum
1667 1600 1827 1635 perversas

1079 1637 1240 1683 passiones
1254 1637 1541 1682 accommodantes,
1555 1637 1652 1672 multa
1666 1637 1826 1673 etdiversa

1079 1687 1180 1734 turpia
1220 1697 1250 1722 et
1287 1687 1449 1722 inlionesta
1496 1687 1622 1722 illorum
1665 1696 1825 1734 praetextu

1076 1737 1288 1776 committunt,
1321 1749 1358 1771 ex
1381 1737 1498 1784 quibus
1522 1734 1598 1772 ttdes
1621 1746 1650 1772 et
1674 1750 1826 1772 mausue—

1077 1785 1151 1820 tudo
1179 1786 1349 1822 christiana
1385 1786 1529 1832 laeditur,
1552 1796 1581 1822 et
1609 1787 1638 1821 in
1668 1787 1828 1822 mentibus

1076 1835 1217 1870 fidelium
1255 1836 1437 1872 scandalum
1470 1845 1654 1884 generatur,
1689 1845 1718 1872 et
1755 1837 1825 1872 licet

1075 1897 1236 1921 sacrorum
1260 1899 1417 1922 canonum
1442 1895 1594 1922 institutis
1616 1895 1761 1922 careatur
1777 1900 1825 1921 ex-

1076 1948 1182 1982 presse
1218 1937 1292 1983 qnid
1333 1936 1453 1978 iudaeis
1480 1937 1556 1983 ipsis
1578 1937 1680 1978 liceat,
1710 1936 1823 1983 quidve

1075 1984 1166 2019 l'uerit
1209 1986 1427 2026 interdictum3
1468 1986 1675 2021 nibilominus
1721 1986 1823 2020 iudaei

1075 2035 1224 2081 praedicti
1241 2044 1270 2071 et
1292 2037 1444 2077 saraceni,
1469 2045 1528 2071 tam
1552 2037 1582 2070 in
1606 2035 1710 2070 Italiae
1729 2048 1823 2083 quam

1074 2085 1142 2119 aliis
1164 2085 1296 2121 dirersis
1322 2086 1431 2121 mnndi
1462 2085 1612 2133 partibus,
1637 2086 1716 2120 inter
1738 2086 1825 2120 cliri-

1073 2139 1199 2174 sticolas
1220 2148 1466 2184 commorantes,
1490 2139 1625 2187 propriis
1647 2139 1824 2182 effectibus,

1074 2201 1103 2227 et
1125 2194 1272 2242 antiquae
1294 2207 1403 2229 eorum
1421 2193 1572 2242 perlidiae
1590 2194 1824 2237 incumbentes,

1074 2247 1148 2282 dum
1183 2249 1459 2290 constitutionum,
1483 2249 1684 2284 decretorum
1712 2257 1742 2283 et
1766 2248 1823 2283 de-

1074 2302 1235 2337 cretalium
1257 2303 1460 2350 epistolarum
1486 2302 1669 2338 huiusmodi
1694 2316 1823 2338 sensum

1074 2357 1247 2404 legitimum
1282 2359 1318 2392 ad
1350 2371 1405 2392 sna
1436 2366 1503 2392 vota
1532 2370 1594 2392 non
1628 2357 1763 2401 liabent,
1792 2368 1823 2393 ut

1074 2412 1133 2446 illis
1167 2412 1297 2447 illudere
1326 2412 1464 2457 valeant,
1490 2412 1675 2447 adulterinis
1709 2412 1824 2460 depra-

1075 2474 1145 2500 rant
1167 2467 1324 2511 sensibus,
1348 2476 1377 2501 et
1393 2467 1652 2514 expressionibus
1668 2467 1823 2514 perversis

1073 2520 1251 2562 obfuscant,
1281 2530 1479 2569 veteremque
1501 2522 1643 2569 ipsorum
1672 2521 1820 2556 malitiam

1073 2584 1101 2609 et
1126 2577 1332 2610 temeritatem
1357 2576 1387 2610 in
1411 2576 1631 2610 christifideles
1650 2587 1821 2623 propagare

1072 2638 1101 2663 et
1124 2630 1318 2674 continuare,
1341 2642 1376 2665 ae
1400 2631 1431 2665 in
1454 2630 1521 2665 dies
1544 2641 1653 2665 eorum
1681 2629 1820 2676 nequitia

1075 2683 1355 2731 praesumptiosius
1383 2685 1425 2719 uti
1451 2696 1511 2719 non
1537 2691 1681 2718 verentur
1705 2684 1733 2718 in
1755 2696 1821 2719 ma-

1843 292 1890 317 Αιι.
1911 291 1937 316 (ἶ.
1956 291 2020 317 ¹050

1858 453 1911 473 t—Zwa
1937 456 2011 475 seties.

1857 1099 1927 1121 ludaei
1950 1104 1968 1121 et
1992 1106 2028 1121 sa-

1843 1132 1915 1151 raceni
1926 1132 2027 1151 christia<

1843 1168 1869 1182 na
1897 1163 2026 1188 benignitate

1843 1194 1901 1215 abusi
1918 1199 1973 1214 sunt.
