2281 3251
126 278 178 306 Αη.
196 277 226 304 C.
241 277 307 305 111117

162 1160 280 1182 Exordium,

149 1903 253 1925 Nonnulla
274 1905 320 1923 sta-

137 1938 182 1956 tuta
201 1936 259 1955 circa
278 1933 321 1954 Ro-

137 1972 192 1987 man.
213 1964 321 1985 Pontificis

138 1997 266 2018 electionem
274 1996 321 2017 etli-

137 2029 167 2048 <tit
200 2026 322 2048 basileens-

138 2058 258 2079 concilium.

943 268 1057 292 EUGEN!
1063 267 1098 291 US
1120 266 1153 289 lV
1176 265 1224 288 ΡΙ).

632 328 761 365 XXXV.

325 418 458 451 Sanctae
482 415 642 448 Romanae
671 410 822 444 Ecclesiae
842 407 1025 443 cardinales,
1038 406 1070 437 in

373 467 511 499 electione
527 462 660 496 Romani
675 459 844 504 Pontifices,
862 455 1070 500 Lugdunensis

373 527 410 549 ac
457 514 630 547 Viennensis
651 511 768 544 sancita
806 507 929 541 concilii
954 516 1071 538 servare

377 567 480 600 debere
501 563 642 597 decernit.

594 628 806 663 SUMMARIUM

326 701 492 731 Exordium.
509 715 547 721 —
570 698 596 726 1.
618 693 763 725 Nonnulla
787 695 891 721 statuta
921 690 996 718 circa
1018 687 1072 716 llo-

367 755 443 776 man.
476 743 627 774 Pontificis
659 739 831 770 electionem
867 734 954 764 edidit
989 731 1070 761 Basi-

366 790 465 819 100050
481 787 651 818 concilium.
664 784 739 813 -2,
757 782 795 811 lis
814 780 950 812 sublatis,
969 780 1072 807 statuta

366 833 560 864 conciliorum
578 830 749 868 Lugdunen.
767 825 948 855 ctVicnnon.
966 820 1074 851 servari

366 877 485 908 mandat
502 875 661 914 Eugenius.
679 890 717 894 —
735 872 762 901 3.
784 868 1002 900 Contrariorum
1025 865 1076 893 de-

365 922 487 960 rogatio.
510 937 548 942 —
569 920 597 949 4.
620 916 786 948 Clausulae.

371 988 504 1024 engenius
524 987 667 1022 episcopus
686 989 782 1012 servus
805 985 942 1010 servorum
971 975 1029 1008 Dei,

471 1037 504 1065 ad
540 1036 665 1064 futuram
698 1033 739 1062 rei
767 1029 935 1060 memoriam.

377 1102 444 1137 Etsi
464 1101 544 1136 circa
563 1099 649 1133 orbis
671 1095 881 1131 Ecclesiarum
912 1101 941 1126 et
965 1102 1076 1126 mona—

328 1152 493 1188 steriorum
508 1149 646 1184 omnium
662 1149 717 1190 (l),
740 1145 814 1179 dum
844 1151 967 1185 vacant,
995 1142 1077 1175 iuxta

329 1203 457 1244 nostris,
471 1199 577 1233 divina
596 1197 785 1243 disponente
799 1193 977 1234 clementia,
991 1203 1079 1225 coin-

329 1252 460 1286 missum
479 1247 619 1282 liumeris
640 1245 834 1291 apostolatus
856 1242 1007 1285 officium,
1025 1252 1080 1287 per

329 1299 519 1347 apostolicae
542 1295 755 1342 providentiae
782 1291 992 1327 ministerium
1024 1303 1080 1323 00-

329 1361 456 1384 currere
478 1345 751 1383 consueverimus,
779 1342 818 1376 de
839 1341 981 1375 Romana
1014 1339 1080 1374 Ec-

329 1399 436 1440 clesia5
463 1409 543 1444 quae
570 1395 783 1429 Ecclesiarum
814 1391 956 1426 0111111001
981 1398 1081 1424 mater

330 1459 377 1484 est
404 1457 433 1482 et
456 1446 615 1491 magistra,
637 1457 673 1479 ac
697 1443 819 1478 illarum
855 1441 958 1474 divina
988 1440 1081 1474 insti-

331 1498 451 1532 tutione
475 1496 642 1543 primatum
663 1493 797 1532 obtinet,
824 1491 886 1533 eui,
925 1490 997 1524 licet
1022 1491 1081 1524 101-

332 1547 447 1591 meriti,
490 1544 722 1592 praesidemus,
750 1555 807 1576 nos
850 1540 958 1587 procul
986 1540 1081 1574 dnbio

333 1595 551 1644 propensioris
577 1606 671 1630 curae
688 1592 795 1627 studio
816 1591 995 1636 excogitare
1009 1602 1083 1624 con—

333 1647 428 1691 venit,
451 1658 489 1680 ne
510 1645 622 1691 ipsam,
636 1655 729 1690 quam
752 1641 901 1676 Christus
914 1640 972 1674 sibi
989 1652 1084 1686 spon-

331 1708 397 1731 sam
432 1694 602 1742 copulavit,
642 1702 671 1727 et
714 1699 797 1726 extra
840 1703 934 1737 quani
964 1690 1081 1724 nemini

332 1746 416 1780 salus
431 1754 488 1785 est,
512 1745 603 1778 variis
618 1741 879 1788 ambiguitatibus
893 1739 1081 1774 submissam

333 1795 561 1842 relinquamus.

381 1849 396 1888 g
425 1847 456 1878 1.
480 1843 564 1878 Hinc
590 1851 638 1877 est
675 1840 758 1887 quod
793 1853 860 1883 nos,
882 1838 1083 1873 attendentes

332 1894 416 1941 quod
447 1894 476 1928 in
519 1893 642 1927 civitate
675 1890 844 1930 Basileeii.‚
873 1888 932 1923 sub
956 1888 1082 1922 nomine

333 1943 490 1990 generalis
512 1942 652 1985 concilii,
679 1941 760 1974 circa
793 1939 979 1973 electionem
1016 1937 1084 1972 Ro-

336 1994 418 2027 mani
433 1992 608 2035 pontificis,
633 1991 794 2024 vacatione
808 1988 900 2023 Sedis
922 1987 1084 2034 Apostoli-

335 2055 390 2077 cae
411 2050 608 2084 occurrente,
646 2043 735 2087 plura
758 2048 787 2072 et
819 2039 942 2072 diversa
973 2045 1003 2071 et
1031 2050 1085 2082 per

335 2091 450 2127 Sedem
476 2091 663 2138 praedictam
688 2089 789 2123 forsan
809 2087 978 2135 approbata
998 2099 1086 2121 ema-

337 2151 450 2176 narunt
487 2149 612 2184 statuta,
644 2139 857 2174 ordinationes
883 2145 913 2171 et
948 2136 1084 2177 decreta,

336 2200 366 2226 et
388 2191 478 2225 etiam
503 2190 647 2224 innovata
671 2188 808 2226 suerunt,
831 2187 972 2221 diversas
991 2187 1083 2222 etiam

336 2239 683 2278 excommunicationis,
711 2237 927 2284 suspensionis
970 2245 999 2271 et
1035 2236 1087 2271 in-

337 2290 474 2331 terdicti,
496 2289 635 2336 aliasque
671 2288 841 2322 sententias
873 2298 1022 2321 censuras
1056 2296 1085 2321 et

340 2352 456 2388 poenas
484 2340 513 2373 in
542 2351 574 2374 se
612 2337 803 2373 continentia
843 2345 970 2383 propter
1012 2337 1086 2371 iuris

339 2389 517 2424 communis
543 2388 797 2436 dispositionem,
833 2399 966 2434 qnorum
996 2398 1087 2421 occa-

340 2440 441 2484 sione,
468 2447 584 2473 attenta
608 2450 712 2473 rerum
737 2444 955 2484 ettemporum
974 2436 1087 2471 eondi-

339 2490 437 2528 tione,
459 2489 484 2523 si
507 2501 564 2523 nos
590 2489 628 2523 ab
655 2488 713 2522 hac
741 2488 808 2521 luce
843 2486 984 2521 subtrahi
1012 2499 1088 2521 000-

342 2541 488 2586 tingeret,
511 2539 540 2573 in
562 2539 726 2573 electionis
741 2537 921 2571 huiusmodi
948 2536 1089 2571 celebra-

343 2589 427 2624 tione
447 2587 600 2632 facienda,
623 2588 712 2635 plura
735 2596 765 2622 et
792 2588 910 2622 diversa
940 2586 1089 2633 pericula,

379 2664 417 2700 (l)
434 2664 512 2692 Deest
527 2663 637 2698 aliquid,
655 2664 743 2691 forsan
763 2666 925 2690 necessitates
945 2661 983 2698 (n.
1004 2663 1052 2698 r.).

1763 249 1806 281 87

1112 321 1280 355 divisiones
1306 326 1337 352 ct
1363 316 1506 352 scandala
1523 313 1732 350 verisimiliter
1745 313 1857 348 exoriri

1114 378 1242 418 possent
1268 369 1298 403 in
1327 366 1558 402 ecclesiasticae
1579 363 1731 399 libertatis
1758 362 1859 397 01100-

1112 433 1190 459 sam,
1217 426 1468 463 cunctorumque
1495 413 1744 450 christifidelium
1767 423 1860 459 prae-

1115 470 1264 504 iudicium
1289 475 1318 501 et
1341 468 1506 501 iacturam.

1162 524 1177 561 ξ
1203 522 1235 553 ⁶2.
1259 517 1335 561 Nos,
1359 516 1451 551 tantis
1466 513 1626 563 periculiS,
1643 519 1733 560 prout
1747 524 1783 545 ex
1799 510 1860 545 alto

1116 679 1277 701 versorum
1321 664 1485 700 conatibus
1537 663 1614 697 viam
1659 659 1863 709 praecludere

1115 717 1292 763 cupientes,
1329 715 1469 749 omnium
1493 713 1584 747 eiiam
1613 719 1642 745 et
1667 709 1863 757 singulorum

1116 774 1317 803 statutorum,
1345 764 1577 798 ordinationum
1601 771 1631 796 et
1665 760 1864 794 decretorum

1118 814 1299 849 huiusmodi
1324 815 1451 857 formas,
1489 813 1546 846 etsi
1570 811 1609 845 de
1626 810 1685 844 illis
1707 821 1742 843 ac
1757 820 1865 843 eorum

1118 865 1190 898 totis
1213 863 1376 898 tenoribus
1403 863 1441 896 dc
1465 862 1558 896 verbo
1585 860 1622 896 ad
1652 859 1780 893 verbum
1795 870 1868 905 spe-

1118 913 1204 948 cialis
1239 921 1270 947 et
1298 924 1444 960 expressa
1475 909 1705 958 praesentibus,
1724 907 1866 943 habenda

1120 963 1199 998 soret
1241 963 1359 998 mentio
1375 990 1384 1005 ‚
1427 974 1482 1009 pro
1520 959 1677 1007 expressis
1699 958 1867 1000 babentes,

1121 1013 1335 1060 praesentium
1359 1012 1440 1046 serie
1463 1010 1620 1049 volumus,
1635 1017 1666 1043 et
1686 1007 1869 1043 auctoritate

1120 1062 1289 1110 apostolica
1317 1074 1352 1095 ac
1385 1074 1421 1095 ex
1457 1069 1538 1094 certa
1567 1058 1708 1097 scientia,
1745 1068 1868 1091 necnon

1122 1111 1282 1158 potestatis
1296 1111 1386 1145 nobis
1397 1109 1528 1145 traditae
1544 1107 1751 1156 plenitudine,
1766 1105 1872 1141 statui-

1120 1174 1192 1195 mus
1217 1162 1333 1208 paritcr
1359 1170 1387 1195 et
1409 1159 1594 1194 ordinamus
1616 1165 1660 1199 ut,
1676 1156 1750 1191 dum
1768 1164 1871 1190 extre-

1122 1223 1190 1245 mae
1231 1219 1354 1245 nostrae
1379 1207 1639 1256 peregrinationis
1667 1206 1748 1240 diem
1777 1205 1872 1239 adve-

1123 1261 1190 1295 nire
1211 1261 1389 1306 contigerit,
1412 1257 1606 1292 venerabiles
1639 1255 1747 1290 fratres
1775 1255 1871 1289 nostri

1121 1310 1155 1345 S.
1179 1309 1217 1344 R.
1242 1310 1278 1344 E.
1303 1318 1377 1343 tunc
1400 1309 1572 1342 existentes
1593 1304 1782 1345 cardinales,
1798 1304 1873 1338 alias

1124 1361 1205 1394 iuxta
1229 1359 1280 1393 fol.
1310 1371 1408 1394 recor.
1432 1357 1577 1404 Gregorii
1602 1355 1715 1389 decimi
1739 1355 1769 1388 in
1788 1354 1873 1399 Lug-

1123 1409 1256 1453 dunen„
1278 1417 1306 1443 et
1326 1408 1502 1442 Clementis
1524 1406 1624 1454 quinti
1654 1405 1872 1439 Romanorum

1124 1459 1325 1502 Pontificum,
1339 1457 1617 1505 praedecessorum
1633 1463 1823 1497 nostrorum,
1842 1452 1872 1486 in

1123 1508 1280 1543 Viennen.
1304 1507 1447 1542 conciliis
1473 1505 1674 1553 generalibus
1702 1504 1783 1538 circa
1814 1503 1873 1537 1100

1124 1558 1207 1593 edita
1230 1567 1344 1593 statuta
1367 1566 1396 1591 et
1424 1556 1649 1593 ordinationes,
1671 1553 1709 1589 ad
1737 1552 1872 1588 Romani

1124 1607 1288 1643 pontilicis
1314 1607 1507 1641 successoris
1549 1605 1644 1640 nostri
1677 1603 1873 1646 electionem,

1125 1659 1207 1692 iuxta
1243 1657 1388 1692 traditam
1412 1657 1457 1692 eis
1479 1668 1494 1690 a
1524 1655 1660 1689 Domino
1695 1652 1875 1699 intelligen-

1125 1709 1210 1751 tiam,
1233 1720 1313 1754 quos
1335 1707 1395 1741 sub
1418 1705 1618 1753 primodictis
1648 1704 1783 1742 statutis,
1817 1714 1875 1736 00-

1125 1757 1342 1792 dinationibus
1364 1764 1394 1791 et
1416 1756 1551 1791 decretis
1574 1753 1752 1788 nullatenus
1786 1764 1874 1787 com-

1127 1807 1305 1854 prehendi,
1339 1819 1397 1841 nec
1424 1806 1469 1840 eis
1495 1805 1609 1840 subiici
1651 1802 1876 1844 decernimus,

1127 1857 1314 1905 procedere:
1339 1864 1507 1902 ceteraque
1529 1854 1609 1889 circa
1649 1853 1708 1887 1100
1741 1863 1877 1898 quomo-

1125 1906 1243 1941 dolibet
1290 1906 1386 1941 solida
1420 1913 1450 1939 et
1486 1911 1662 1952 opportuna
1705 1901 1805 1936 facere
1847 1909 1875 1934 et

1126 1959 1237 2003 exequi
1261 1956 1358 1990 libero
1386 1964 1416 1990 et
1444 1955 1528 1989 licite
1559 1954 1679 2001 possint
1701 1960 1728 1985 et
1758 1950 1874 1984 valeant

1127 2006 1156 2040 in
1180 2006 1329 2040 omnibus
1351 2014 1380 2040 et
1404 2017 1459 2053 per
1480 2004 1603 2047 omnia,
1631 2014 1665 2036 ac
1699 2001 1724 2035 si
1758 2000 1876 2047 primo-

1127 2055 1208 2090 dicta
1224 2063 1349 2100 statuta,
1368 2054 1583 2090 ordinationes
1605 2060 1631 2086 et
1653 2051 1774 2086 decreta
1804 2048 1875 2083 0111-

1129 2106 1250 2139 latenus
1272 2112 1484 2140 emanassent.

1176 2159 1196 2206 g
1222 2162 1255 2193 5.
1283 2159 1353 2194 Non
1378 2157 1576 2193 obstantibus
1610 2154 1757 2190 omnibus
1785 2165 1875 2200 prae-

1129 2214 1233 2248 missis
1255 2226 1290 2248 ac
1313 2211 1590 2248 constitutionibus
1611 2218 1639 2244 et
1674 2207 1876 2243 ordinationi-

1130 2268 1188 2303 bus
1209 2268 1391 2316 apostolicis
1419 2275 1471 2301 etc.

1178 2323 1198 2370 S
1224 2326 1256 2357 4.
1285 2322 1370 2357 Nulli
1399 2333 1474 2367 ergo
1498 2328 1550 2354 etc.

1177 2378 1293 2412 Datum
1320 2376 1440 2411 Romae
1467 2374 1548 2422 apud
1571 2373 1722 2408 Sanctum
1737 2371 1876 2413 Petrum,

1130 2445 1212 2467 anno
1245 2430 1473 2466 incarnationis
1499 2428 1674 2463 dominicae.
1711 2425 1876 2460 millesimo

1130 2484 1444 2533 quadringentesimo
1467 2482 1709 2531 quadragesimo
1731 2479 1875 2526 septimo,

1131 2549 1240 2575 octavo
1288 2538 1436 2574 kalendas
1479 2536 1649 2575 februarii,
1679 2534 1876 2582 pontificatus

1132 2595 1228 2630 nostri
1252 2605 1335 2629 anno
1358 2591 1583 2627 sextodecimo.

1165 2656 1224 2686 Dat.
1241 2655 1286 2687 die
1302 2655 1340 2685 ⁶25
1356 2654 1479 2685 ianuarii
1498 2653 1585 2691 1447,
1599 2656 1679 2692 pont.
1697 2659 1772 2681 anno
1788 2657 1844 2679 xvi.

1874 256 1923 282 An.
1941 255 1970 282 C.
1986 255 2052 282 itum

1890 508 1917 528 lis
1956 507 2042 528 nubtum
2054 524 2059 532 ‚

1877 542 1955 558 statut·
1986 540 2060 558 conel-

1115 569 1205 603 nobis
1228 567 1429 615 permittitur7
1451 576 1629 607 occurrere,
1656 574 1692 597 ac
1723 561 1859 595 fidetium
1878 570 1950 589 norum
1980 568 2061 606 Lugdu-

1116 619 1255 665 ipsorum
1297 615 1392 663 quieti
1429 613 1605 657 consulere,
1633 623 1753 646 necnon
1791 621 1862 656 per·
1878 606 1928 652 ’,ζξξ
1952 600 2061 652 “κν,“,’,,“,”,

1880 663 1962 683 mandat
1994 662 2061 688 Euge-

1880 700 1933 714 ntus.

1902 2160 2057 2180 Contrariorum

1922 2192 2036 2217 derogatio.
