2281 3251
247 258 298 286 ΑΙ).
313 258 343 286 C.
362 258 428 286 ¹5¹6

492 247 562 281 670

443 314 590 349 serendos
610 325 677 349 esse
697 311 905 349 decernimt¹s;
925 317 953 344 et
977 307 1058 342 idem
1074 308 1103 341 in
1120 307 1187 342 iure

443 364 610 399 licentiatis
636 372 665 397 et
697 360 906 395 baccalaureis
929 358 1043 393 servari
1072 357 1186 391 debere

443 415 598 454 volumus;
631 421 672 456 et,
699 412 723 444 si
755 411 784 444 in
820 409 939 443 eisdem
975 406 1119 442 sicuttaie
1157 415 1186 441 et

443 463 538 510 gradu
562 468 795 501 concurrerent,
814 459 851 493 ad
874 459 976 493 datam
1001 456 1188 491 nominatio-

443 514 492 547 nis
518 525 571 547 seu
605 510 722 557 gradus
753 508 977 543 recurrendum
1001 518 1070 541 csse
1098 506 1187 540 volu-

443 575 524 600 mus:
547 572 587 599 et
609 561 633 595 si
657 561 687 594 in
710 558 859 594 omnibus
881 557 930 591 liis
952 564 1186 595 eonem-,rerem

443 620 516 646 tunc
528 610 655 646 collator
671 608 859 652 ordinarius,
877 608 958 641 inter
972 605 1100 640 eosdem
1117 617 1187 640 con-

443 669 617 700 currentes
640 659 815 706 gratificare
839 657 946 704 possit.
964 656 1120 690 Volumus
1135 667 1188 689 au-

443 719 503 745 tem
533 710 616 757 quod
649 708 798 743 nominati
828 707 933 742 literas
968 705 1189 740 nominationis

443 759 481 794 ab
504 758 776 797 universitatibus,
799 758 830 792 in
855 756 970 803 quibus
992 755 1187 798 studuerint,

443 809 655 853 obtinentes,
650 821 679 842 tn
696 807 948 843 nominationum
964 805 1073 849 literis,
1096 805 1190 839 bene-

444 859 511 893 ficia
546 870 600 906 per
631 870 685 893 eos
713 868 858 904 possessa
888 863 919 891 et
946 867 1054 890 eorum
1080 867 1187 889 verum

445 908 578 943 valorem
601 908 776 963 exprimere
799 913 973 948 teneantur,
1000 905 1138 951 alioquin
1158 905 1190 938 li-

443 966 526 992 terae
562 957 785 992 nominationis
818 954 1019 995 huiusmodi,
1047 966 1085 989 eo
1109 955 1188 1009 ipso

444 1007 547 1042 nullae
570 1008 633 1042 sint.
658 1015 687 1042 et
720 1018 789 1042 esse
823 1014 1023 1040 censeantur.
1058 1004 1092 1039 Si
1116 1017 1190 1051 quis

444 1069 516 1092 vero
543 1069 582 1092 ex
604 1056 696 1092 dictis
723 1056 922 1112 qualificatis
944 1054 1104 1101 graduatis
1118 1055 1191 1088 sim-

444 1106 579 1153 plicibus
601 1115 653 1141 aut
682 1106 860 1162 nominatis,
884 1113 1024 1159 tempore
1053 1104 1190 1139 vacatio-

444 1169 492 1190 nis
524 1156 665 1191 beneficii
695 1157 723 1190 in
758 1155 921 1190 mensibus
953 1167 999 1188 ets
1032 1153 1190 1201 deputatis

446 1207 593 1246 vacantis
608 1206 685 1241 duas
704 1205 843 1240 obtineat
869 1203 1091 1251 praebendas
1086 1217 1114 1237 ιιι
1145 1216 1191 1238 ca-

446 1255 651 1292 thedralibus
674 1255 766 1290 etiam
783 1253 1044 1302 metropolitanis,
1062 1263 1114 1287 ant
1129 1254 1190 1288 col-

445 1305 577 1352 legiatis.
607 1319 661 1340 seu
688 1305 869 1350 dignitatem
898 1304 942 1338 vel
980 1302 1187 1351 praebendam

446 1356 492 1389 vel
521 1355 603 1390 aliud
635 1355 824 1389 beneficium
847 1366 903 1388 seu
931 1353 990 1388 alia
1013 1353 1165 1388 beneficia
1182 1381 1189 1392 ,

445 1416 580 1451 quorum
609 1405 748 1449 insimul,
771 1404 818 1438 vel
846 1404 936 1438 cuius
964 1403 1094 1447 fructus,
1118 1403 1190 1438 red-

446 1455 529 1488 ditus
551 1463 581 1489 et
604 1463 774 1501 proventus
792 1462 933 1500 tempore
952 1453 1190 1497 residentiae,et

446 1503 532 1539 horis
564 1504 679 1539 divinis
712 1504 927 1539 interessendo
942 1531 951 1548 ,
973 1504 1009 1538 ad
1032 1515 1189 1538 summam

445 1553 650 1589 ducentorum
680 1554 869 1589 florenorum
899 1553 965 1587 auri
992 1554 1030 1587 de
1058 1552 1190 1588 Camera

446 1603 662 1648 ascenderent,
696 1604 897 1647 beneficium,
932 1604 961 1637 in
985 1604 1045 1637 vim
1073 1603 1191 1650 gradus

446 1665 500 1688 seu
524 1655 744 1689 nominationis
767 1653 966 1709 huiusmodi,
990 1662 1065 1687 tunc
1085 1661 1191 1700 petere

447 1716 503 1739 seu
519 1705 666 1751 consequi
684 1716 744 1739 uon
763 1704 870 1751 possit.
899 1703 959 1737 Et
954 1716 1092 1750 insuper,
1107 1705 1190 1750 quod

448 1762 508 1788 tam
545 1754 685 1800 graduati
719 1754 879 1799 simplices
913 1765 1005 1801 quam
1041 1755 1190 1788 nominati

448 1803 598 1839 beneficia
626 1805 654 1838 iu
684 1804 847 1838 mensibus
874 1803 920 1838 eis
951 1803 1117 1850 assignatis
1141 1816 1192 1838 va-

449 1853 549 1888 cantia
570 1863 672 1901 petere
694 1862 723 1889 et
742 1855 893 1900 consequi
919 1854 1052 1900 possint
1075 1866 1193 1888 secun-

449 1902 525 1938 dum
561 1904 702 1950 propriae
726 1915 878 1951 personae
900 1902 1135 1938 concedentiam
1164 1913 1192 1938 et

450 1953 709 1997 conformitatem,
731 1953 875 1988 videlicet
893 1954 1067 1987 saeculares
1089 1966 1194 1988 saecu-

450 2002 538 2047 laria,
565 2012 594 2038 et
617 2003 753 2049 religiosi
783 2003 934 2049 regularia
963 2002 1112 2037 beuctieia
1141 2015 1194 2038 ec-

451 2052 634 2088 clesiastica:
656 2054 693 2087 ita
717 2053 800 2100 quod
823 2052 992 2088 saecularis
1016 2053 1195 2087 nominatus

452 2106 602 2142 beneficia
625 2108 776 2154 regularia
801 2109 831 2142 in
855 2107 1018 2142 mensibus
1040 2107 1195 2154 deputatis

453 2162 602 2206 vacantia,
618 2171 777 2209 praetextu
801 2162 940 2197 cuiusvis
955 2161 1196 2208 dispensationis

454 2216 654 2262 apostolicae;
670 2225 710 2257 et,
727 2229 743 2252 e
757 2225 877 2261 contra,
893 2216 1059 2262 religiosus
1077 2215 1197 2251 beneti-

455 2269 501 2304 cia
519 2271 689 2305 saecularia
707 2281 811 2319 petere
827 2279 879 2306 aut
893 2271 1042 2317 consequi
1067 2271 1196 2307 minime

456 2325 563 2370 possit.
590 2326 745 2372 Quodque
773 2326 921 2361 beneficia
948 2324 1133 2371 simpliciter
1151 2327 1196 2361 vel

455 2390 492 2414 ex
510 2391 600 2413 cansa
625 2381 860 2426 permutationis
883 2381 912 2414 in
934 2380 1095 2414 mensibus
1121 2393 1197 2426 gra-

455 2433 559 2469 duatis
580 2435 774 2481 simplicibus
796 2444 826 2470 et
849 2435 1019 2470 nominatis
1034 2435 1198 2480 assignatis

457 2489 592 2524 vacantia
620 2490 665 2524 eis
693 2502 752 2523 non
780 2491 842 2525 sint
869 2490 978 2525 affecta
999 2501 1056 2524 nec
1083 2489 1198 2534 debita,

457 2543 512 2578 sed
539 2556 576 2578 ex
597 2556 690 2579 causa
714 2545 953 2590 permutationis
974 2557 1044 2579 cum
1070 2556 1199 2591 permn—

458 2597 594 2632 tantibus
615 2597 786 2641 dumtaxat,
800 2598 984 2645 simpliciter
1001 2610 1072 2633 vero
1088 2610 1199 2633 vacan-

1022 252 1121 277 BPLLA
1127 251 1208 275 mm!
1230 249 1391 274 ROMANUM

1230 318 1283 360 per
1310 306 1396 354 ipsos
1423 303 1599 340 ordinarios
1621 303 1718 341 libere
1745 304 1878 341 conferri
1895 315 1974 352 pos-

1228 356 1301 389 sint.

1277 410 1292 448 g
1316 408 1371 439 13.
1408 404 1585 440 Statuimus
1611 417 1738 452 quoque
1769 404 1854 453 quod
1884 416 1976 453 paro-

1228 455 1344 489 cliialcs
1367 454 1515 490 ccclesiae
1551 455 1581 489 in
1608 455 1784 490 civitatibus
1817 463 1870 490 aut
1897 455 1978 490 villis

1230 505 1359 539 muratis
1376 505 1556 545 existentes
1566 517 1626 539 non
1642 505 1700 539 nisi
1715 505 1858 552 personis
1883 503 1978 540 modo

1231 554 1401 600 praemisso
1436 555 1633 610 qualificatis,
1648 564 1700 589 aut
1723 555 1832 589 saltem
1848 555 1902 610 qui
1925 566 1979 601 per

1229 612 1293 638 tres
1316 617 1415 639 annos
1439 605 1468 639 in
1492 605 1647 650 theologia
1672 605 1717 638 tel
1741 604 1866 639 altero
1861 604 1977 639 turinm

1230 653 1422 697 studuerint
1449 666 1505 689 seu
1533 655 1690 701 magistris
1717 654 1747 688 in
1775 654 1905 697 artibus,
1924 654 1977 701 qui

1231 705 1262 738 in
1286 705 1387 760 aliqua
1411 704 1612 739 universitate
1637 703 1827 750 privilegiata
1849 703 1981 738 studen-

1231 762 1277 788 tes
1298 754 1469 801 magisterii
1493 753 1627 800 gradum
1646 753 1749 801 adepti
1768 753 1893 798 fuerint,
1909 765 1982 788 con-

1232 804 1378 839 serantur.
1412 803 1578 838 Monemus
1605 811 1710 838 autem
1735 802 1868 858 praefati
1893 803 1980 850 regni

1233 854 1464 894 universitates,
1486 853 1545 888 sub
1569 865 1668 900 poena
1696 853 1878 898 privationis
1909 864 1983 887 om-

1232 904 1318 938 nium
1342 912 1373 939 et
1393 903 1589 950 singulorum
1623 903 1860 950 privilegiorum
1883 914 1899 937 3
1922 914 1983 938 ιιο-

1232 953 1280 988 bis
1302 962 1333 988 et
1360 931 1463 989 SedeD
1477 952 1661 1000 Apostolica
1690 952 1890 988 obtentorum
1907 979 1915 994 ,
1942 964 1982 988 ne

1231 1002 1434 1038 collatoribus
1456 1015 1510 1038 seu
1535 1003 1674 1050 patronis
1696 1001 1983 1038 ecclesiasticislta-

1232 1052 1325 1088 beant
1346 1052 1471 1100 aliquos
1493 1053 1668 1093 nominare,
1691 1052 1751 1087 nisi
1775 1065 1840 1097 eos,
1859 1052 1911 1100 qui
1937 1063 1983 1087 se-

1232 1103 1372 1138 cuudum
1396 1102 1530 1150 praefata
1558 1110 1700 1149 tempora
1722 1101 1926 1146 studuerint,
1952 1109 1983 1137 et

1231 1153 1406 1188 secundum
1426 1153 1581 1187 dictarum
1603 1152 1839 1187 universitatum
1867 1159 1981 1187 statuta

1231 1203 1268 1237 ad
1300 1203 1419 1249 gradus
1451 1211 1481 1238 et
1509 1215 1571 1237 nou
1604 1215 1659 1249 per
1695 1201 1808 1237 saltum
1845 1202 1982 1249 provecti

1232 1252 1361 1288 suerint.
1383 1252 1476 1295 Quod
1495 1253 1519 1287 si
1535 1264 1628 1287 secus
1647 1252 1792 1292 fecerint,
1815 1252 1895 1287 ultra
1912 1251 1984 1286 nul-

1233 1302 1327 1337 litatis
1356 1314 1501 1349 poenam,
1529 1315 1624 1350 quam
1649 1303 1679 1337 in
1701 1301 1908 1349 praefatarum
1926 1314 1984 1337 no-

1233 1352 1443 1387 minationum
1468 1352 1566 1387 literis
1587 1352 1804 1394 declaramus,
1828 1352 1985 1387 universi-

1234 1403 1303 1437 tatis
1345 1402 1444 1449 ipsius
1483 1402 1668 1437 nominandi
1710 1401 1906 1448 privilegium
1944 1401 1984 1436 ad

1234 1460 1369 1499 tempus,
1386 1452 1562 1487 secundum
1579 1452 1690 1499 culpae
1705 1451 1901 1499 qualitatem,
1916 1463 1987 1486 sus-

1234 1502 1414 1549 pendimus.
1437 1502 1556 1549 Siquis
1569 1509 1674 1536 autem
1690 1501 1916 1548 graduatorum
1931 1509 1985 1536 aut

1234 1552 1479 1591 nominatorum,
1494 1553 1524 1586 in
1539 1551 1701 1586 mensibus
1711 1550 1880 1598 deputatis,
1895 1563 1911 1586 a
1924 1551 1986 1586 col-

1233 1602 1385 1636 latoribus
1407 1602 1574 1637 ordinariis
1595 1610 1649 1636 aut
1673 1601 1816 1649 personis
1833 1600 1987 1636 ecclesia—

1233 1653 1318 1687 sticis
1337 1652 1524 1687 beneficium
1543 1664 1666 1697 vacans,
1681 1653 1710 1686 in
1728 1652 1786 1685 rim
1802 1651 1919 1698 gradus
1933 1660 1986 1687 aut

1235 1702 1471 1744 nominationis,
1500 1702 1635 1748 petierit,
1663 1710 1693 1736 et
1720 1701 1903 1736 collatorem
1933 1713 1985 1736 or-

1234 1752 1406 1796 dinarium,
1429 1753 1459 1786 in
1484 1753 1544 1786 vim
1570 1751 1698 1799 praefati
1722 1752 1839 1798 gradus
1860 1760 1915 1787 aut
1933 1764 1986 1787 no-

1235 1802 1425 1846 minationis,
1454 1802 1484 1837 in
1507 1814 1655 1848 processu
1684 1801 1824 1849 posuerit
1845 1810 1874 1836 et
1897 1802 1987 1837 aliter

1235 1852 1446 1887 molestaverit
1463 1879 1470 1892 ,
1499 1852 1612 1892 illum,
1642 1851 1720 1885 ultra
1753 1863 1962 1898 expensarum
1977 1879 1985 1893 ‚

1235 1903 1421 1937 damnorum
1445 1910 1475 1936 et
1503 1902 1654 1937 iuteresse
1676 1901 1986 1946 condemnationem,

1235 1964 1251 1986 a
1280 1952 1434 1987 fructibus
1469 1952 1518 1987 sui
1553 1952 1668 1998 gradus
1698 1959 1728 1986 et
1762 1951 1986 1986 nominationis

1237 2001 1422 2048 privandum
1451 2013 1519 2036 esse
1553 2001 1791 2045 deceruimusp
1811 2001 1987 2049 eodemque

1237 2051 1362 2086 viuculo
1385 2051 1550 2087 collatores
1572 2051 1747 2086 ordinarios
1775 2059 1806 2085 et
1839 2059 1985 2098 patronos

1237 2106 1475 2151 ecclesiasticos,
1490 2105 1604 2153 quibus
1617 2105 1758 2152 graduali
1776 2113 1806 2140 et
1822 2105 1987 2151 nominati,

1237 2160 1357 2204 debite,
1381 2170 1415 2195 ut
1436 2173 1529 2207 supra
1543 2188 1550 2200 ,
1573 2159 1753 2207 qualificati,
1778 2171 1852 2194 snos
1870 2159 1988 2206 gradus

1238 2223 1268 2250 et
1292 2215 1514 2250 nominationis
1537 2215 1641 2250 literas
1663 2214 1902 2254 insinuaverint,
1931 2213 1988 2249 ad-

1239 2270 1432 2316 stringimus,
1453 2279 1485 2305 ut
1505 2269 1656 2305 beneficia
1679 2268 1716 2303 ad
1749 2281 1859 2303 eorum
1888 2268 1986 2304 colla·

1240 2326 1356 2360 tionem
1382 2325 1425 2360 vel
1450 2325 1731 2372 praesentationem
1749 2324 1935 2370 spectantia,
1955 2324 1987 2359 in

1241 2380 1402 2415 mensibus
1419 2379 1641 2427 gradnatornm
1665 2378 1856 2425 simplicium
1879 2387 1908 2414 et
1927 2391 1988 2414 no-

1241 2436 1428 2470 minatorum
1457 2434 1619 2478 vacantia,
1651 2433 1806 2468 stantibus
1843 2432 1988 2480 praefatis

1239 2490 1398 2535 graduatis
1411 2498 1463 2524 ant
1479 2488 1660 2532 nominatis,
1673 2487 1775 2522 debite
1789 2487 1987 2535 qualificatis,

1242 2543 1290 2578 illa
1320 2543 1595 2591 prosequentibus,
1611 2542 1682 2577 aliis
1703 2553 1797 2589 quam
1825 2541 1986 2588 graduatis

1241 2607 1292 2632 aut
1320 2599 1488 2634 nominatis
1510 2597 1682 2639 conserant,
1709 2596 1768 2631 sub
1792 2607 1891 2644 poena
1914 2608 1987 2630 sus-

459 2650 499 2686 tia
527 2651 675 2688 beneficia
704 2652 882 2687 huiusmodi
906 2653 1047 2700 personis
1079 2653 1199 2688 idoneis
1240 2654 1402 2701 pensionis
1430 2654 1592 2702 potestatis
1618 2652 1797 2688 conserendi
1835 2651 1986 2687 beneficia

1994 249 2044 277 An.
2062 249 2091 277 C.
2107 247 2174 278 ¹⁸¹8

2011 415 2040 437 De
2060 415 2174 437 :ott-tion·

1991 447 2129 468 eeclesiarum
2141 452 2178 474 pt-

1992 478 2124 502 mentalium

2266 1209 2269 1214 .
2256 1062 2269 1179 “ja-s,-
