2281 3251
239 258 290 282 An.
307 253 335 281 C,
355 254 421 283 ¹5¹6

484 241 555 276 686

1029 249 1127 272 BELLA
1134 248 1214 271 tum!
1244 248 1311 270 ROM
1317 248 1356 270 AN
1362 247 1405 270 [m

1989 246 2040 273 Au.
2058 245 2090 276 C.
2107 246 2175 274 ¹5¹6

234 317 265 337 ri·
281 308 550 349 emmennonsuisse,
578 318 711 354 quorum
741 305 842 340 honor
864 313 893 338 et
915 302 1110 343 sublimitas,
1134 311 1181 337 te·
1226 302 1311 336 nium
1336 314 1420 336 unus
1441 301 1610 341 Dominus,
1633 313 1693 336 una
1718 301 1805 337 fides.
1829 301 1868 337 Et
1892 314 1972 350 pro-

238 351 259 368 σι
270 346 385 367 Ιοιιᾶισιιι4
397 353 422 367 o-

238 383 289 405 pen
314 378 422 398 fructum:

238 410 301 429 nimis
315 412 370 430 nunt.

248 1450 285 1472 nie
294 1451 363 1477 itaque
371 1448 420 1470 Pon-

240 1482 290 1503 tit-x
300 1487 325 1502 ex
336 1486 423 1502 concor-

241 1513 274 1534 dia
299 1512 371 1534 horum
393 1513 424 1533 in-

239 1547 272 1565 ter
281 1545 392 1571 episcopos
402 1546 422 1564 et

239 1574 356 1597 Mendican.
377 1581 423 1595 rnu-

241 1607 325 1627 dei-atur
340 1606 422 1633 priv-ite-

240 1638 273 1663 [ῆι
287 1638 308 1657 tn
323 1636 376 1658 intra
390 1637 422 1658 di-

240 1668 321 1689 tendis.

435 366 536 393 stante
570 356 755 394 Ambrosio,
785 354 876 388 uullis
905 362 1003 399 potest
1030 364 1181 398 coopera-

437 408 574 442 tionibus
608 404 787 451 adaequari.
826 403 1002 448 Religiosos
1031 403 1122 436 ctiam
1152 401 1180 435 in

435 470 511 503 agro
541 455 712 498 dominico,
729 466 784 501 pro
803 452 990 487 christianae
1020 451 1181 497 religionis

435 506 617 542 defensione
651 512 680 538 et
707 502 922 549 ampliatione,
951 502 1111 547 complura
1137 500 1182 535 se-

435 558 527 598 cisse,
548 567 584 590 ac
620 553 730 588 uberes
760 553 879 586 fructus
902 551 1069 598 protulisse
1097 559 1128 585 et
1151 549 1181 583 in

435 606 502 640 dies
524 604 664 650 singulos
688 602 845 649 proferre,
874 602 912 635 ita
943 608 973 634 ut
997 599 1181 634 eorumdem

434 656 655 702 episcoporum
684 665 718 686 ac
742 651 960 697 religiosorum
986 650 1077 684 bonis
1103 661 1182 696 ope-

436 705 521 739 ribus
548 702 753 738 orthodoxam
778 700 869 735 fidem
888 700 1079 734 incrementa
1095 711 1183 734 surn-

436 754 546 800 psisse,
568 760 598 788 et
634 763 688 798 per
716 751 824 786 orbem
861 758 1012 784 terrarum
1042 749 1183 795 undique

435 802 592 838 dilatatam
617 801 724 841 luisse,
753 800 892 834 fidelium
923 799 1029 834 nullus
1045 799 1180 845 ignoret.

435 852 473 887 Et
499 852 578 886 sicut
601 851 659 898 ipsi
683 861 924 896 saepenumero,
948 848 1182 894 vigilantissima

435 910 465 937 et
487 901 594 936 solerti
617 912 703 936 eura.
718 900 886 934 schismata
912 899 942 932 in
965 898 1022 932 Dei
1040 897 1182 933 Ecclesia

434 951 628 997 extinguere,
644 958 673 984 et
695 949 854 984 Ecclesiae
866 948 1016 983 unitatem
1039 947 1183 992 reddere,

434 1009 475 1041 et,
494 1009 528 1035 ut
550 1000 652 1036 eidem
681 999 842 1034 Ecclesiae
871 998 954 1045 pacis
976 997 1185 1045 tranquillitas

434 1050 583 1093 daretur,
612 1050 795 1085 innumeros
822 1047 944 1083 labores
979 1047 1086 1083 subire
1121 1060 1182 1082 nou

434 1100 628 1141 dubitarunt3
653 1101 692 1134 ita
714 1110 843 1146 quoque
867 1110 921 1145 par
944 1106 1005 1142 est,
1027 1110 1081 1132 eos
1105 1098 1185 1132 inter

434 1150 605 1190 se,nostris
628 1148 872 1196 provisionibus,
896 1147 979 1194 pacis
1000 1147 1127 1182 vinculo
1149 1159 1185 1182 ac

436 1199 568 1234 fraterna
590 1199 740 1234 charitate
761 1207 791 1233 et
820 1198 937 1232 unitate
960 1197 1129 1243 coniungi,
1152 1204 1186 1230 ut

436 1261 544 1284 eorum
574 1249 720 1284 concordi
744 1248 885 1282 doctrina
914 1256 943 1282 et
966 1247 1084 1281 mutuis
1106 1259 1185 1294 ope-

437 1299 523 1333 rihus
558 1298 718 1333 uberiores
753 1298 784 1332 in
819 1296 962 1332 Ecclesia
985 1295 1042 1331 Dei
1067 1296 1185 1331 fructus

439 1349 632 1395 proveniant.

485 1404 500 1441 g
521 1402 553 1431 2.
577 1398 671 1441 Saue,
687 1397 850 1444 cupientes
866 1405 899 1431 ut
915 1396 980 1431 iura
999 1394 1184 1443 spiritualia,

436 1460 515 1494 quae
543 1448 579 1481 ad
619 1447 674 1481 Dei
709 1447 832 1481 laudeni
868 1455 898 1481 et
931 1445 1184 1481 christifidelium

436 1498 610 1532 animarum
634 1496 765 1531 salutern
792 1496 961 1543 pertinent,
993 1504 1022 1530 et
1049 1507 1183 1543 quorum

436 1547 616 1582 exercitium
651 1546 795 1594 praefatis
820 1546 979 1593 episcopis
1017 1553 1049 1581 et
1075 1557 1184 1580 eorum

436 1597 650 1645 superioribus
674 1597 703 1631 in
727 1597 792 1631 suis
811 1595 1011 1630 dioecesibus
1025 1598 1107 1639 (curn
1127 1595 1184 1642 ipsi

438 1647 467 1681 in
493 1657 610 1693 partein
634 1646 856 1684 solicitudinis,
879 1654 913 1680 ut
937 1646 1121 1692 praefertur,
1142 1658 1185 1680 as-

437 1698 566 1744 sumpti,
587 1709 622 1730 ac
645 1696 809 1731 dioeceses
827 1696 992 1730 distinctae
1012 1703 1042 1730 et
1057 1694 1185 1730 cuilibet

437 1747 619 1782 eorumdem
653 1746 875 1793 episcoporum
910 1745 1084 1791 assignatae
1119 1744 1186 1779 suc-

439 1800 520 1841 runt)
548 1796 752 1832 commissum
771 1796 896 1839 extitit,
920 1807 974 1841 per
1007 1795 1091 1841 ipsos
1118 1794 1186 1841 epi-

439 1858 552 1893 scopos
573 1853 789 1886 exerceantur,
812 1845 905 1880 etius
923 1844 973 1879 illa
989 1844 1085 1879 libere
1101 1856 1186 1879 exer-

438 1896 541 1939 cendi,
564 1904 716 1943 quantum
740 1895 806 1929 fieri
838 1902 953 1942 potest,
975 1894 1020 1929 cis
1043 1894 1184 1929 illaesum

440 1954 664 1991 praeservetur.
692 1945 729 1979 Et
752 1945 778 1979 si
800 1944 902 1992 aliqua
923 1944 1015 1978 dictis
1038 1943 1186 1978 fratribus

438 1994 699 2034 Mendicautibns,
736 1994 766 2029 in
794 1993 978 2028 eorumdem
1011 1993 1185 2040 episcopo-

439 2057 507 2079 rum
536 2044 716 2085 laesionem,
753 2056 807 2092 per
831 2043 993 2079 Romanos
1016 2043 1186 2077 Pontifices

440 2099 696 2146 praedecessores
728 2107 852 2134 nostros
885 2107 915 2133 et
952 2097 1068 2133 Sedem
1097 2098 1187 2145 Apo-

440 2153 579 2188 stolicam
613 2165 759 2188 concessa
793 2153 930 2193 suerint,
965 2152 1187 2187 concessiones

443 2206 634 2251 huiusmodi,
646 2207 765 2242 eisdem
778 2207 932 2253 religiosis
946 2207 1053 2246 tactas,
1069 2206 1097 2239 iu
1115 2205 1186 2240 sub-

441 2261 646 2307 sequentibus
668 2261 816 2295 duximus
839 2259 1104 2303 moderandas,ut
1128 2260 1185 2306 ipsi

443 2313 551 2349 fratres
580 2315 681 2361 potius
708 2315 746 2349 ab
768 2315 888 2349 eisdem
917 2315 1076 2361 episcopis
1103 2314 1186 2348 omui

443 2380 513 2404 cuni
524 2369 672 2403 charitate
684 2368 957 2416 l'oveantur‚quam
972 2368 1187 2415 aliquomodo

445 2424 649 2458 molestentur
666 2432 695 2458 et
712 2425 934 2471 inquietentur.
958 2422 1027 2458 Una
1042 2423 1126 2457 euim
1142 2431 1188 2457 est

446 2477 652 2524 regularium,
679 2479 904 2519 saecularium,
929 2476 1135 2525 praelatorum
1159 2485 1188 2511 et

446 2532 640 2567 subditorum
657 2541 872 2579 exemptorum
896 2540 926 2567 et
950 2544 1009 2566 non
1029 2539 1190 2577 exempto-

448 2598 514 2620 rum
555 2586 739 2621 universalis
772 2586 909 2620 Ecclesia
930 2615 938 2625 ‚
972 2593 1056 2620 extra
1094 2596 1187 2631 quam

448 2639 551 2675 nullus
578 2641 705 2675 omuino
727 2640 886 2682 salvatur;
914 2650 1090 2687 eorumque
1120 2650 1189 2673 om-

1227 361 1330 398 pterca
1353 351 1444 386 decet
1472 363 1539 391 eos,
1561 352 1614 399 qui
1638 351 1779 387 eiusdem
1803 360 1875 386 sunt
1903 364 1975 387 cor-

1225 402 1322 448 poris,
1350 402 1443 436 unius
1469 402 1563 437 etiam
1586 414 1655 437 esse
1684 402 1863 441 voluntatis,
1885 410 1915 437 et
1937 402 1975 436 si·

1224 459 1276 485 cut
1304 451 1413 486 fratres
1447 463 1527 486 nexu
1565 452 1698 487 invicem
1731 451 1890 487 charitatis
1919 451 1975 486 ad-

1224 501 1323 536 stricti
1346 509 1432 545 sunt,
1454 502 1499 536 sic
1523 514 1585 536 non
1609 502 1754 537 convenit
1780 502 1915 536 alterum
1943 501 1972 536 in

1224 551 1353 586 alterius
1376 551 1522 586 iuiuriam
1546 564 1601 586 seu
1625 552 1774 587 iacturam
1807 551 1951 598 prosilire
1966 578 1975 591 ‚

1225 600 1350 636 (licente
1379 600 1556 636 Salvatore:
1595 603 1664 636 Iloc
1702 610 1742 635 ese
1781 609 1975 646 praeceptum

1224 663 1333 691 meum,
1348 659 1380 686 ut
1402 653 1541 696 ‹Ii'li'qati's
1557 652 1693 690 invicem,
1710 653 1786 685 sicul
1801 653 1898 685 (Μαι-ι’
1911 663 1973 685 vos.

1273 701 1293 748 S
1327 704 1358 735 5.
1394 700 1442 735 Ad
1478 701 1724 735 conservandam
1759 701 1852 746 igitur
1897 701 1976 735 inter
2009 717 2106 745 Episcopi
2135 722 2174 739 eo·

1225 751 1392 798 episcopos
1415 759 1444 785 et
1467 762 1576 785 eorum
1609 750 1787 796 superiores
1814 762 1849 784 ac
1885 762 1975 797 prae—
1989 749 2175 802 :5⁵⁵ffffitf‘3’52

1226 800 1304 835 latos
1326 809 1355 836 et
1377 800 1488 835 fratres
1516 799 1698 835 huiusmodi
1735 808 1873 834 mutuam
1897 799 1974 834 cha-
1989 786 2178 838 eegr-aenium„-

1227 850 1346 885 ritatem
1370 859 1400 885 et
1423 849 1671 885 benevolentiam
1688 877 1696 893 ,
1720 849 1817 884 divini
1849 842 2177 896 quoquesssscmmssss‘guessss

1226 899 1330 935 cultus
1363 908 1588 947 atiginentum,
1623 911 1795 947 pacemque
1832 907 1862 934 et
1889 907 1976 933 tran·
1989 907 2107 940 mffrzwrunj
2137 905 2177 926 ¹⁶¹-

1225 949 1411 996 quillitatem
1449 949 1635 985 universalis
1670 949 1831 984 Ecclesiae
1854 939 2174 993 status,¹¹¹¹”¹⁵¹‘³¹¹⁰”⁰”³‘

1225 999 1310 1046 quod
1335 1000 1374 1035 ita
1393 1000 1521 1035 demum
1538 999 1603 1034 fieri
1628 1011 1719 1046 posse
1742 999 1977 1045 cognoscimus,

1225 1050 1250 1084 si
1279 1050 1464 1098 unicuique,
1491 1058 1645 1097 quantum
1681 1049 1746 1084 [ieri
1782 1056 1895 1096 potest,
1921 1060 1978 1083 sua

1228 1099 1401 1135 iurisdictio
1425 1107 1642 1143 conservetur,
1670 1110 1759 1133 sacro
1781 1098 1978 1146 approbante

1227 1150 1549 1195 concilio,statuimus
1568 1157 1597 1184 et
1616 1148 1799 1183 ordinamus
1813 1147 1896 1196 quod
1912 1148 1979 1194 epi-

1227 1201 1312 1247 scopi
1336 1208 1366 1234 et
1388 1212 1497 1235 eorum
1521 1199 1703 1246 superiores
1726 1207 1756 1232 et
1778 1197 1829 1232 alii
1848 1197 1977 1244 praelati

1228 1249 1368 1295 praefati,
1391 1249 1586 1297 parochiales
1617 1248 1768 1284 ccclesias
1791 1247 1827 1282 ad
1850 1247 1978 1282 eosdem

1228 1298 1348 1342 fratres,
1365 1300 1483 1334 ratione
1507 1299 1648 1333 locorum
1669 1310 1812 1342 suorum,
1840 1297 1980 1343 legitime

1227 1358 1416 1396 spectantes,
1439 1348 1540 1397 quoad
1565 1361 1612 1391 ea,
1639 1360 1720 1395 quae
1742 1347 1778 1382 ad
1809 1347 1980 1394 parochia-

1228 1411 1338 1434 norum
1367 1412 1473 1435 curam
1502 1407 1533 1433 et
1557 1406 1822 1433 sacramentorum
1846 1408 1980 1431 conser-

1229 1449 1383 1484 vationem
1412 1449 1784 1494 administrationemquc
1821 1447 1980 1493 pertinent

1228 1498 1305 1542 (sine
1320 1507 1422 1534 tamen
1442 1499 1636 1534 visitatorum
1653 1497 1778 1532 insolito
1800 1496 1980 1543 gravamine

1228 1549 1274 1583 vel
1299 1549 1463 1596 impensa),
1488 1549 1640 1589 visitaro;
1662 1555 1692 1581 et
1721 1546 1841 1582 illarum
1870 1558 1977 1581 curam

1228 1609 1374 1644 gerentes
1397 1608 1427 1634 et
1453 1600 1535 1634 circa
1564 1598 1647 1632 illuni
1683 1596 1927 1644 delinquentes,
1953 1596 1978 1631 si

1229 1649 1365 1695 religiosi
1390 1649 1516 1690 suerint,
1541 1649 1625 1683 iuxta
1655 1647 1757 1694 ipsius
1775 1646 1906 1681 Ordinis
1929 1658 1980 1681 re-

1227 1699 1346 1745 gularia
1370 1700 1523 1739 instituta,
1547 1699 1626 1733 intra
1641 1706 1726 1744 septa
1742 1696 1977 1743 regularisloci;

1228 1749 1406 1784 saeculares
1429 1762 1500 1784 vero
1524 1748 1724 1796 presbyteros
1746 1755 1776 1781 et
1798 1746 1907 1782 fratres
1921 1745 1979 1780 hu-

1229 1799 1365 1834 iusmodi
1389 1799 1539 1834 beneficia
1563 1798 1751 1838 obtinentes,
1774 1796 1884 1837 libere,
1898 1804 1979 1830 tam-

1228 1861 1322 1896 qnam
1338 1861 1414 1884 suae
1429 1848 1636 1884 iurisdictioui
1659 1847 1831 1890 subiectos,
1854 1846 1977 1893 punire.

1278 1898 1298 1946 S
1319 1901 1353 1934 4.
1378 1901 1423 1934 Ac
1445 1907 1506 1935 tam
1532 1898 1658 1946 praelati
1687 1910 1779 1945 quam
1806 1895 1977 1943 presbyteri
2005 1907 2097 1936 Quisque
2108 1910 2128 1931 in
2140 1915 2179 1932 ιο-

1228 1949 1417 1993 saeculares,
1432 1949 1484 1996 qui
1503 1947 1626 1983 viuculo
1641 1941 2178 2000 excommunicationis{3¹:2552221‘2ffi

1229 1998 1311 2045 ligati
1336 2011 1398 2034 non
1424 1998 1550 2039 suerint,
1580 1997 1690 2032 missas
1717 1997 1746 2030 in
1770 1995 1912 2031 ecelesiis
1926 1994 1978 2030 do-

1230 2061 1353 2083 morum
1377 2048 1579 2087 eorumdem,
1614 2046 1788 2081 devotionis
1806 2057 1899 2081 causa
1923 2056 1978 2080 ce-

1230 2098 1348 2133 lebrare
1361 2098 1509 2135 volentes,
1527 2097 1684 2133 celebrare
1708 2096 1840 2142 possint·,
1855 2094 1978 2142 ipsique

1230 2147 1338 2183 fratres
1364 2148 1441 2183 tales
1475 2147 1633 2183 celebrare
1670 2147 1822 2190 volentes,
1845 2145 1979 2180 libenter

1230 2199 1371 2245 recipere
1397 2198 1543 2233 debeant.

1278 2248 1297 2293 ἓ
1320 2252 1351 2283 ὅ.
1376 2249 1421 2283 Ac
1444 2248 1482 2283 ab
1509 2247 1628 2283 eisdem
1664 2247 1809 2294 praelatis
1837 2245 1874 2279 ad
1905 2255 1978 2290 pro·
2006 2256 2037 2277 Aa
2054 2255 2179 2284 proce-sio-

1230 2299 1389 2334 cessiones
1411 2299 1569 2333 solemnes
1593 2310 1648 2345 pro
1664 2307 1723 2332 tem
1731 2308 1804 2343 pore
1820 2294 1978 2329 faciendas
1992 2293 2031 2340 '2¹ss:
2043 2289 2080 2345 (Ἦ
2098 2293 2178 2314 ⁰⁰⁸³¹¹'

1231 2349 1372 2395 requisiti
1408 2349 1597 2392 (dnmmodo
1632 2359 1739 2381 eornm
1769 2346 1833 2380 loca
1862 2344 1980 2380 subur-

1231 2398 1309 2433 bana
1338 2399 1416 2434 ultra
1450 2411 1548 2433 uuum
1585 2398 1714 2432 milliare
1748 2408 1764 2431 a
1801 2395 1980 2430 civitatibus

1231 2449 1402 2494 respective
1430 2461 1491 2483 nou
1514 2448 1577 2483 siut
1605 2455 1733 2490 remota)
1755 2445 1917 2481 accedere.

1279 2498 1298 2545 S
1320 2500 1352 2532 6.
1375 2498 1504 2533 Necnon
1530 2497 1709 2545 superiores
1720 2494 1980 2531 eornmdcnisra-

1231 2555 1327 2591 trum,
1350 2548 1472 2589 fratres,
1493 2560 1572 2595 quos
1598 2546 1635 2582 ad
1660 2545 1832 2582 audiendas
1858 2544 1982 2580 conses-

1266 2610 1304 2644 (t)
1326 2609 1389 2636 Vide
1409 2610 1555 2638 Concilium
1572 2610 1656 2643 Trid„
1684 2617 1748 2637 sess.
1766 2615 1834 2640 xxv,
1848 2609 1883 2634 De
1895 2608 1979 2641 nequ-

1231 2652 1296 2681 tuiz,
1316 2657 1371 2684 cap.
1393 2651 1433 2676 ¹5.

2252 1518 2271 1770 ,DQ-:Minui
2258 1503 2269 1511 J
2263 1448 2269 1495 .-..
2259 1428 2269 1441 ε
2259 1398 2269 1417 ᾳ
2266 1364 2269 1372 ,
