2281 3251
466 255 535 290 786
1033 267 1184 290 Burrum!
1212 268 1342 292 nomm

413 320 572 357 Dominici
597 320 654 364 (S.)
676 320 764 356 Ordo
795 321 1001 368 amplissimis
1027 322 1136 367 gratiis
1158 329 1187 356 et
1212 322 1384 370 privilegiis
1411 323 1569 370 donatur,
1590 337 1674 373 quae
1697 327 1788 361 Mare
1816 327 1969 373 Magnum

512 372 722 408 constituunt,
746 371 818 405 ⁶224
844 383 863 405 α
886 380 917 405 et
939 383 997 416 seq.

414 419 530 456 Duello
553 421 606 464 (iu)
627 420 835 466 pugnantium
852 429 906 455 aut
928 420 1004 455 illud
1028 421 1278 468 permittentium
1304 434 1436 468 poenae,
1452 425 1523 459 475
1545 436 1578 469 a,
1602 433 1631 460 et
1653 425 1883 473 quoquomodo
1899 437 1972 474 par-

512 469 708 517 ticipantium
733 469 962 506 confirmantur
983 479 1014 505 et
1035 479 1206 517 augentur,
1233 473 1303 507 728
1326 485 1356 506 a.

1164 580 1202 619 E

410 665 632 700 Iit-closiastica
661 664 743 700 bona
771 664 918 706 alienare,
947 666 1087 712 exeeptis
1113 666 1208 702 certis
1234 666 1374 713 casibus,
1398 668 1595 715 prohibetur,
1621 671 1690 706 194
1717 672 1746 705 b.

409 715 529 750 Electio
557 714 691 749 Romani
716 715 891 749 Pontilicis.
920 716 957 750 V.
988 714 1186 751 Cardinales.

411 765 637 812 Eleemosynae
659 776 675 798 a
704 766 970 800 monasteriorum
999 766 1278 802 coinmendatariis
1305 766 1521 814 elargiendae,
1543 769 1615 804 606
1643 782 1674 804 α.

408 814 606 861 Episcopalis
619 813 757 860 dignitas
771 826 787 848 a
809 814 978 850 Sabinensi
996 815 1033 850 ad
1055 815 1090 851 S.
1115 815 1253 850 Liberali
1274 816 1442 852 ecclesiam
1463 818 1493 851 in
1514 826 1594 853 terra
1610 817 1750 854 Malliani
1767 819 1967 866 transfertur,

507 864 577 897 561-
600 865 617 897 b
643 872 673 898 et
694 877 754 910 seq.
781 864 942 899 Numerus
969 865 1197 900 canonicorum
1224 865 1324 901 liuius
1346 866 1560 910 cathedr-alis,
1583 870 1653 903 565
1677 881 1708 903 α.
1743 868 1862 904 Eorum
1887 869 1966 905 red—

507 912 592 947 ditus
607 940 616 956 ,
643 915 719 947 ibid.
743 915 770 948 b.
795 913 993 962 Episcopalis
1015 915 1150 961 dignitas
1172 927 1267 963 quam
1291 916 1436 951 eminens
1454 917 1505 961 sit,
1529 919 1601 952 685
1625 919 1654 952 b.

407 962 638 1009 Episcoporum
657 963 889 1010 praecedentia,
914 966 984 999 1159.
997 966 1026 999 b.
1045 964 1192 1012 Episcopi
1215 974 1367 1001 eteorum
1385 967 1568 1014 superiores
1583 967 1754 1003 concilium
1772 967 1965 1016 provinciale

506 1012 648 1058 quolibet
671 1013 808 1048 triennio
827 1013 986 1049 celebrare
1003 1022 1162 1056 tenentur,
1191 1018 1256 1050 621
1289 1027 1319 1050 α.

406 1060 573 1096 Eremitae.
603 1061 640 1096 V.
664 1061 835 1098 Francisco
851 1063 906 1108 (S.)
929 1063 968 1099 de
990 1063 1089 1099 Paula
1110 1072 1178 1110 ela,
1206 1072 1234 1099 et
1258 1064 1340 1100 Petri
1363 1064 1426 1109 (B.)
1453 1065 1492 1101 de
1521 1065 1601 1101 Pisis
1621 1074 1675 1101 etc.

405 1111 570 1157 Eugenius
591 1110 631 1145 lV
649 1111 714 1146 1³1³.
737 1123 811 1147 ccix
839 1112 977 1160 eligitur,
1003 1116 1016 1148 1
1049 1126 1079 1148 a.

404 1160 631 1206 Exemptiones
654 1162 885 1197 irrationabiles
907 1162 1112 1209 damnantur,
1140 1165 1210 1198 6⁵9
1235 1165 1263 1198 b.

403 1209 500 1245 Extra
524 1218 676 1258 tempora.
703 1212 739 1246 V.
768 1211 883 1248 Clerici
912 1212 951 1248 ad
978 1224 1084 1249 sacros
1111 1213 1240 1249 ordines
1261 1221 1315 1248 etc.

1156 1321 1192 1362 F

402 1407 586 1443 Familiares
607 1407 827 1443 cardinalium.
859 1409 894 1442 V.
918 1406 1114 1443 Cardinales.

402 1457 587 1492 Familiares
610 1457 712 1505 Papae
743 1465 773 1493 et
802 1457 1077 1494 vice-cancellarii
1098 1457 1278 1494 eximuntur
1304 1470 1320 1494 a
1345 1458 1502 1495 solutione
1531 1471 1588 1507 pro
1616 1460 1730 1496 litteris
1763 1461 1960 1509 apostolicis,

501 1508 572 1542 255
594 1519 624 1541 α.

401 1555 626 1591 Ferdinandus
653 1564 684 1591 et
716 1556 887 1601 Elisabeth,
906 1556 1131 1604 Hispaniarum
1161 1569 1215 1593 rex
1242 1564 1273 1593 et
1301 1557 1428 1604 regina,
1455 1558 1527 1593 fidei
1559 1561 1816 1607 propagationem
1841 1560 1959 1607 fovent,

500 1608 565 1641 561
593 1608 620 1641 b.
643 1605 792 1652 Regnum
816 1606 973 1642 Grauatae
994 1619 1011 1642 e
1033 1606 1266 1643 Saracenorum
1290 1608 1438 1643 manibus
1457 1609 1631 1648 vindicant,
1660 1612 1730 1646 362
1758 1623 1791 1645 α.
1817 1609 1960 1646 Christo-

499 1656 634 1703 pliorum
663 1655 857 1691 Columbum
885 1657 922 1691 ad
957 1657 1131 1704 incognitas
1162 1658 1307 1703 regiones
1333 1658 1480 1698 mittunt,
1508 1660 1583 1694 ibid.
1617 1659 1679 1700 Qui
1711 1672 1808 1694 novas
1838 1660 1957 1696 insulas
1994 1708 1997 1709 ⁷

498 1704 628 1751 detegit,
651 1718 784 1753 quarum
813 1707 933 1742 incolae
960 1706 997 1741 ad
1028 1706 1121 1742 tidem
1151 1707 1353 1742 christianam
1382 1715 1455 1742 sunt
1479 1709 1588 1754 proni,
1610 1710 1685 1743 ibid.
1714 1711 1742 1744 b.
1765 1709 1882 1745 Terrae
1900 1709 1957 1745 fir-

498 1767 566 1789 mae
590 1764 618 1790 et
641 1755 761 1790 insulae
785 1755 982 1797 huiusmodi,
1006 1757 1151 1792 inventae
1169 1765 1201 1792 et
1218 1756 1440 1802 inveniendae,
1468 1757 1691 1805 Hispaniarum
1719 1759 1784 1805 regi
1813 1766 1843 1794 et
1871 1760 1956 1807 regi-

500 1816 556 1839 nae
578 1806 810 1849 eonceduntur,
833 1807 903 1840 565
931 1819 960 1840 a.

397 1852 551 1888 Ferraria.
586 1855 622 1888 V.
650 1853 833 1889 Basileense
855 1855 1038 1890 concilium.

396 1901 596 1938 Florentinae
620 1904 754 1940 nationis
776 1905 805 1939 in
830 1904 916 1939 Urbe
944 1913 1058 1939 statuta
1086 1905 1326 1946 confirmantur,
1352 1908 1422 1941 730
1444 1918 1474 1941 α.
1504 1906 1596 1942 Varia
1620 1905 1781 1953 privilegia
1808 1919 1865 1955 pro
1885 1907 1956 1943 eius

495 1953 636 1993 notariis,
662 1966 716 2000 pro
744 1955 858 1988 carceri
884 1954 1104 2001 mancipandis
1127 1964 1156 1990 et
1180 1955 1293 1990 similia
1321 1955 1551 1996 decernuntur,
1577 1958 1646 1991 750
1669 1969 1689 1991 a
1713 1964 1745 1992 et
1766 1969 1826 2002 seq.

396 2001 497 2036 For-us
526 2002 755 2038 Romanorum.
783 2005 820 2038 V.
848 2003 1064 2039 Romanorum
1093 2004 1209 2038 civium
1233 2012 1288 2039 etc.

397 2050 556 2087 Francisci
581 2052 638 2096 ὦ.)
661 2052 858 2091 Assisiensis‚
885 2052 1014 2087 Ordinis
1038 2054 1168 2088 fratrum
1197 2053 1357 2088 Minor-um
1387 2054 1589 2100 institutoris,
1610 2054 1725 2090 festum
1750 2055 1810 2090 ritu
1833 2055 1955 2102 duplici

495 2101 718 2136 celebrandum
743 2115 811 2137 esse
835 2103 1027 2147 decernitur,
1050 2103 1328 2150 indulgentiaeque
1351 2104 1550 2140 servantibus
1573 2105 1806 2149 conceduntur,
1832 2107 1904 2141 210
1926 2106 1955 2141 b.

496 2150 621 2185 Fratres
635 2152 703 2186 eius
718 2152 856 2187 Minores
869 2152 1104 2187 Couventuales
1118 2153 1322 2200 amplissimis
1335 2154 1441 2200 gratiis
1456 2162 1486 2189 et
1506 2154 1677 2201 privilegiis
1693 2154 1957 2202 (lonantur·,quae

497 2201 588 2235 Mare
598 2202 749 2245 illa-quum
760 2210 995 2249 nuncupantur,
1006 2205 1044 2237 21
1057 2204 1077 2237 8
1088 2216 1107 2237 a
1117 2211 1213 2248 etseq.
1223 2202 1399 2238 Minoribus
1414 2203 1563 2239 omnibus
1576 2212 1743 2240 renovatur
1751 2204 1955 2251 privilegium

494 2262 558 2296 quo
574 2252 684 2285 ceteris
698 2250 1081 2287 Ordinibusinterdicitur
1090 2252 1201 2287 domos
1214 2252 1454 2289 ae‹tificarei11s1-a
1467 2261 1677 2289 trecentarum
1694 2266 1864 2290 cannarum
1880 2266 1956 2302 spa-

496 2299 573 2333 tium
593 2300 631 2334 al)
648 2300 772 2335 illorum
790 2300 1036 2342 domibus,478
1048 2303 1076 2336 b.
1090 2302 1228 2337 Minores
1242 2302 1280 2337 de
1297 2302 1505 2338 Observantia
1522 2303 1564 2338 uti
1583 2312 1712 2350 possunt
1723 2303 1838 2351 amplis
1853 2303 1958 2339 domi-

496 2348 556 2383 bus
573 2350 814 2398 magnificisque
826 2351 1020 2387 ornamentis
1043 2351 1272 2397 ecclesiastieis,
1290 2354 1361 2387 605
1377 2355 1404 2388 b.
1428 2352 1558 2388 Ordinis
1571 2353 1818 2399 commendatio,
1836 2355 1907 2389 692
1922 2355 1954 2390 b.

493 2398 660 2434 Discordia
681 2400 761 2434 inter
775 2399 989 2437 Observantes
1005 2410 1034 2436 et
1052 2400 1298 2445 Conventuales,
1311 2404 1382 2438 695
1396 2404 1424 2437 b.
1449 2403 1616 2450 Principes
1631 2403 1812 2450 complures
1838 2403 1957 2439 instant

492 2448 576 2494 apud
601 2448 787 2484 Pontificem
807 2462 864 2497 pro
885 2451 1010 2486 illorum
1035 2450 1218 2492 eoncordia,
1233 2453 1309 2487 ibid.
1325 2452 1436 2488 Variae
1461 2452 1687 2500 dispositiones
1705 2453 1743 2488 ad
1764 2465 1833 2488 eam
1854 2453 1953 2489 resti-

493 2498 655 2543 tuendam,
679 2501 750 2534 694
777 2512 795 2534 α
823 2512 850 2534 et
874 2513 933 2546 seq.
958 2500 1084 2536 Fratres
1107 2500 1146 2535 de
1169 2500 1381 2537 Observantia
1396 2502 1572 2548 digniorem
1596 2503 1699 2538 locum
1723 2502 1840 2538 liabent
1859 2502 1955 2539 Con—

494 2547 692 2583 ventualibus
715 2549 744 2583 iu
771 2550 1028 2596 processionibus
1050 2558 1080 2586 et
1101 2550 1169 2586 aliis
1191 2551 1313 2586 actibus
1337 2551 1483 2599 publicis,
1509 2554 1573 2586 711
1603 2565 1634 2587 α.
1669 2551 1742 2588 Duo
1778 2552 1955 2599 generales,

494 2609 575 2632 unus
598 2610 651 2644 per
673 2597 899 2644 Observantes,
918 2600 996 2634 alter
1022 2612 1077 2647 per
1091 2599 1325 2636 Conventuales
1338 2602 1487 2648 eligendi,
1509 2602 1584 2636 ibid.
1606 2601 1666 2644 Qui
1683 2611 1814 2649 possunt
1829 2601 1954 2638 solitam

493 2658 618 2683 crucem
649 2659 722 2695 prae
750 2660 783 2684 se
807 2648 900 2691 ferre,
926 2662 989 2685 non
1013 2658 1117 2686 autem
1143 2650 1172 2684 iu
1195 2650 1265 2686 loeo
1289 2650 1441 2699 digniori,
1455 2652 1531 2687 ibid.
1559 2652 1587 2686 b.
1616 2650 1743 2689 Fratres
1768 2651 1808 2688 de
1833 2650 1955 2689 Obser-

1752 2793 1768 2804 s

2239 3212 2254 3223 ς·
