2281 3251
129 254 178 282 An.
197 253 223 280 C.
244 255 308 281 toea·

148 923 280 944 Pron-mium.

146 1763 220 1783 thcium
232 1763 311 1782 andito⁴

127 1798 166 1814 rat.
180 1795 260 1814 vacavit
274 1799 311 1819 per

128 1826 205 1845 obitum
227 1824 311 1844 loanni.-

127 1855 213 1877 Priorin.

153 2211 175 2232 Et
199 2212 258 2232 modo
282 2210 315 2231 hic

132 2242 192 2263 Pont.
206 2242 255 2262 illud
268 2247 317 2261 con<

134 2274 172 2294 tert
181 2273 242 2294 Petro
252 2274 276 2293 de
284 2272 316 2293 Yi-

136 2307 213 2328 tentia,
235 2304 317 2330 cappel-

136 2337 190 2360 lano,
209 2341 255 2356 cuni
271 2335 318 2355 soli-

135 2368 161 2387 tis
189 2367 316 2387 iurisdictio-

136 2397 197 2417 nibus
212 2399 248 2417 etc.

910 253 1124 275 tx‘xvocw't'tt's
1148 254 1206 276 Vttt
1237 254 1284 276 PP.

364 308 418 337 ntia
436 316 631 347 quaecumque
649 307 711 337 fieri
729 307 813 337 solita
830 311 857 337 et
874 311 1013 337 consueta
1036 307 1076 337 sa-

363 352 470 387 ciendi;
488 369 526 373 —
544 352 571 381 9.
591 351 695 381 Plures
718 352 752 381 ad
774 352 894 381 istarum
918 361 1074 381 cansarum

363 396 560 433 cognitionem
585 396 755 434 deputandi.
786 413 824 417 —
854 396 900 427 10.
923 396 1075 434 Derogatio

362 440 588 469 contrariorum.
610 456 649 461 --
680 440 722 469 ll.
746 440 896 470 Auditoris
922 441 1075 470 inramenm

362 488 421 512 tum
449 483 574 512 fideliter
604 484 732 513 officium
764 485 928 514 exercendi.
959 501 998 506 --
1028 485 1074 514 21³2.

362 526 479 556 Monitio
497 527 533 556 ad
553 527 626 556 bcne
646 528 718 556 illud
738 528 1014 558 administrandum.

321 602 492 630 Innocentius
511 602 580 638 Papa
591 602 645 630 thl
661 602 762 631 dilecto
772 602 828 631 filio
843 603 980 638 magistro
997 604 1076 632 retro

365 651 398 678 do
416 651 539 679 Viventia
555 652 584 679 tJ.
602 651 625 679 J.
642 651 760 684 doctori,
790 653 947 687 cappellano
968 655 1074 683 nosti-o.

367 701 396 728 et
415 707 560 729 causarum
579 700 676 729 Curiae
697 700 824 729 Gamerae
844 701 1014 736 apostoticae
1031 708 1075 736 ge·

367 749 453 777 net-ali
485 750 616 782 auditori,
646 749 766 777 salutem
787 751 815 778 et
835 751 1012 786 apostolicam
1031 751 1075 779 be·

367 799 556 828 nedictiouom.

373 872 525 918 Apprime
538 871 575 906 ad
596 871 773 907 devotionis
789 872 946 914 affectum,
969 885 1074 920 quem,

323 934 395 957 cnm
419 921 490 956 fidei
506 922 680 956 constantia
704 930 734 956 et
756 922 934 957 sinceritate
952 923 1076 966 mentis,

323 972 361 1006 ad
396 983 454 1006 nos
480 979 510 1005 et
543 971 719 1005 Romanam
756 971 930 1006 Ecclesiam
964 984 1075 1018 gerere

323 1020 562 1068 comprobaris,
586 1033 708 1055 necnon
732 1020 892 1055 literarum
916 1021 1075 1056 excellen-

325 1071 397 1105 tiam
437 1071 580 1116 vitaeque
603 1070 748 1104 decorem
774 1078 803 1104 et
827 1082 950 1105 morum
975 1071 1076 1105 lione-

323 1128 433 1155 statem
470 1120 592 1165 aliaque
621 1119 784 1166 probitatis
812 1128 841 1154 et
865 1119 1074 1166 plurimarum

323 1170 474 1204 virtutum
509 1177 631 1202 tuarum
664 1168 798 1213 merita,
825 1168 942 1215 quibus
966 1181 1076 1217 perso-

322 1231 395 1253 nam
419 1228 518 1258 tuan»,
541 1230 576 1251 ex
601 1217 661 1252 lide
683 1218 853 1263 dignorum
874 1219 1075 1257 testimoniis,

322 1269 421 1303 iuvari
441 1267 646 1314 percipimus,
669 1275 794 1301 nostrae
810 1267 982 1314 dirigentes
998 1281 1076 1303 con-

322 1317 522 1352 siderationis
551 1317 712 1361 intnitnm,
735 1328 771 1351 ac
799 1325 963 1364 propterea
988 1318 1076 1352 indn-

323 1367 404 1402 biam
433 1378 522 1413 spem
550 1374 694 1412 gerentes
723 1367 807 1413 quod
841 1378 888 1411 ea,
911 1379 991 1414 quae
1020 1367 1074 1401 tibi

323 1416 548 1451 committenda
563 1416 760 1456 duxerimus,
776 1429 898 1450 summa
921 1429 992 1451 cnm
1011 1429 1078 1463 pro-

322 1466 459 1501 videntia
495 1473 526 1499 et
553 1474 659 1500 exacta
686 1465 849 1511 diligentia
877 1466 1077 1501 laudabiliter

323 1516 507 1562 exequeris,
529 1515 680 1561 dignum,
703 1516 780 1561 quin
805 1515 908 1561 potius
935 1516 1075 1550 debitum

323 1565 535 1604 arbitramur,
567 1572 599 1598 ut
631 1565 774 1599 eamdem
799 1577 966 1611 personam
990 1573 1075 1600 tuam

324 1614 492 1661 condignis
520 1614 679 1649 favoribus
715 1622 744 1648 et
771 1614 878 1661 gratiis
902 1627 1078 1662 prosequa-

325 1677 405 1698 mur.

374 1719 390 1758 ξ
407 1716 437 1748 t.
461 1712 541 1748 Cum
566 1714 670 1760 itaque
691 1712 827 1747 officinm
844 1713 1000 1760 generalis
1019 1726 1080 1748 au-

327 1763 481 1798 ditoratus
504 1775 561 1797 seu
586 1763 764 1797 audientiae
782 1775 947 1798 causarum
963 1763 1079 1798 Curiae

327 1813 479 1848 Gamerae
506 1812 717 1859 Apostolicae,
733 1812 818 1859 quod
840 1812 999 1859 qnondam
1028 1812 1080 1847 10-

328 1874 426 1898 annes
448 1862 580 1903 Prioris,
595 1874 759 1897 causarum
775 1862 876 1896 dictae
892 1861 1007 1896 Curiae
1024 1874 1080 1908 ge-

329 1913 442 1947 neralis
469 1911 614 1952 auditor,
641 1911 717 1945 dum
744 1911 873 1952 vireret,
897 1911 1080 1956 exercebat,

330 1974 385 2008 per
397 1961 517 1996 obitum
533 1961 605 1995 dicti
631 1960 766 2004 loannis,
782 1961 834 2007 qui
860 1961 944 2008 apud
964 1960 1078 1996 Sedem

331 2011 545 2058 Apostolicam
568 2010 651 2044 diem
669 2010 778 2045 clausit
792 2021 983 2054 extremum,
997 2011 1079 2057 apud

330 2060 447 2096 Sedem
471 2061 568 2107 ipsam
593 2061 747 2094 vacaverit
769 2069 799 2095 et
821 2068 909 2094 vacet
936 2059 973 2094 ad
991 2072 1082 2107 prae-

331 2122 415 2145 sens.

380 2164 395 2203 §
417 2161 451 2193 2.
473 2158 601 2200 N0s‚de
614 2159 658 2193 tui
674 2159 834 2193 literarum
848 2159 991 2199 scientia,
1011 2171 1083 2205 pro-

332 2209 429 2244 bitate
462 2216 492 2243 et
527 2208 678 2255 singulari
708 2207 903 2254 providentia
950 2209 1084 2255 aliisque

333 2258 502 2293 virtutibus
524 2257 729 2302 huiusmodi,
765 2258 887 2304 quasin
915 2266 958 2301 te,
981 2258 1083 2293 divina

334 2316 517 2356 protegente
547 2308 738 2352 clementia,
772 2316 933 2342 sumentes
957 2308 986 2341 in
1018 2308 1085 2342 Do-

335 2361 421 2397 mino
450 2362 596 2397 fiduciam
629 2361 825 2409 specialcm;
859 2370 889 2395 et
923 2370 1086 2408 sperantes

334 2417 420 2465 quod
444 2425 475 2452 tu
499 2416 634 2451 officium
651 2416 829 2450 audientiae
845 2427 1009 2449 cansarum
1025 2414 1088 2450 Cu-

336 2472 399 2506 riae
420 2470 572 2505 Gamerae
601 2469 794 2517 praedictnm
819 2469 923 2512 scies,
950 2468 1036 2502 voles
1058 2476 1088 2502 et

337 2525 454 2572 poteris
490 2523 597 2570 probe,
621 2523 753 2558 feliciter
775 2532 804 2557 et
824 2522 1024 2557 laudabiliter
1039 2534 1089 2556 ex-

1751 245 1813 277 3⁸21

1119 308 1237 343 titionis
1270 308 1471 353 instantiam,
1499 308 1554 343 sed
1583 309 1621 344 de
1645 317 1748 344 nostra
1784 321 1869 345 mera

1118 358 1361 402 deliberatione,
1384 366 1413 392 et
1435 370 1471 393 ex
1487 367 1569 393 certa
1599 366 1701 393 nostra
1725 359 1869 400 scientia,

1118 407 1255 442 unicium
1272 408 1427 453 generalis
1441 407 1622 443 audientiae
1637 421 1693 443 seu
1717 408 1869 443 auditoris

1118 469 1282 491 causarum
1307 456 1420 492 Curiae
1442 456 1594 492 Gamerae
1622 457 1805 492 huiusmodi
1823 458 1869 492 sic

1120 517 1243 546 vacans,
1272 515 1303 540 nt
1327 506 1510 553 praefertur,
1533 519 1605 541 cum
1633 507 1782 542 omnibus
1809 507 1868 541 lio—

1119 555 1248 589 noribus
1270 564 1300 590 et
1327 555 1499 597 oneribus,
1523 556 1716 602 privilegiis,
1744 556 1868 591 iuribus

1118 612 1147 637 et
1161 605 1386 639 emolumentis
1400 606 1572 649 consuetis,
1591 605 1777 640 anctoritate
1791 617 1870 652 apo-

1118 654 1238 698 stolica,
1266 662 1373 688 tenore
1407 655 1617 701 praesentium
1648 654 1699 688 tibi
1725 654 1871 688 conseri-

1119 716 1200 742 mus,
1220 704 1428 737 concedimus
1447 712 1477 738 et
1499 704 1591 738 etiam
1611 703 1821 750 assignamus;
1835 716 1870 739 ac

1120 762 1148 787 te
1163 761 1304 786 nostrum
1328 761 1359 786 et
1381 753 1486 787 dilecti
1503 753 1556 787 filii
1575 753 1746 800 Rapliaclis
1759 752 1867 788 Sancti

1118 801 1244 847 Georgii
1259 803 1296 835 ad
1320 802 1431 836 Velum
1456 802 1597 837 Aureum
1622 803 1747 837 diaconi
1766 803 1871 837 cardi-

1120 851 1210 895 nalis,
1233 852 1375 886 moderni
1398 860 1427 885 et
1451 864 1507 898 pro
1531 860 1672 899 tempore
1696 853 1870 898 praesentis

1118 902 1280 935 camerarii
1303 902 1414 945 nostri,
1435 913 1470 935 ac
1484 913 1650 936 cansarum
1673 901 1788 936 Curiae
1808 902 1872 936 hu—

1120 950 1253 984 iusmodi
1276 951 1457 996 generalem
1474 951 1661 995 auditorem,
1685 952 1796 986 eadem
1813 964 1872 986 au-

1118 1000 1261 1034 ctoritate
1290 1000 1431 1044 facimus,
1459 1001 1693 1045 constituimuS,
1727 1012 1872 1036 creamus

1118 1057 1148 1083 et
1170 1049 1374 1096 deputamus.

1169 1099 1187 1125 Q
1215 1102 1247 1132 5.
1270 1098 1420 1145 Tibique,
1438 1111 1493 1145 per
1508 1106 1537 1134 te
1554 1098 1598 1132 vel
1615 1099 1709 1133 alium
1726 1111 1781 1133 seu
1794 1099 1872 1135 alios

1119 1118 1267 1182 idoiieum
1303 1160 1358 1182 sen
1394 1149 1524 1183 idoneos
1564 1148 1816 1184 locumtenentes
1843 1158 1871 1183 et

1111 1197 1355 1244 ¹vicesgerentes
1392 1206 1474 1242 tuos,
1510 1210 1591 1244 quos
1625 1210 1683 1244 pro
1718 1206 1872 1245 tempore.

1119 1248 1232 1281 totiens
1268 1247 1414 1293 quotiens
1451 1247 1506 1281 tibi
1535 1248 1713 1294 placuerit,
1748 1248 1873 1282 duxeris

1118 1297 1327 1331 assumendos
1349 1309 1403 1331 seu
1427 1297 1639 1343 deputandos,
1663 1297 1701 1332 de
1723 1297 1874 1331 omnibns

1118 1355 1147 1380 et
1169 1346 1302 1392 singulis
1325 1346 1522 1386 criminibus,
1552 1346 1736 1381 excessibus
1764 1355 1795 1381 et
1816 1346 1875 1382 de-

1120 1396 1212 1440 lictis,
1229 1396 1258 1430 in
1275 1395 1369 1430 Curia
1389 1395 1531 1430 Romana
1549 1396 1597 1430 vel
1613 1405 1699 1431 extra
1721 1407 1803 1441 eam,
1820 1408 1876 1443 per

1119 1457 1348 1492 quoscumque,
1373 1453 1433 1479 tam
1457 1445 1607 1480 officiales
1629 1445 1721 1480 Sedis
1743 1445 1877 1492 Aposto-

1120 1495 1207 1540 licae,
1220 1508 1311 1542 quam
1324 1495 1402 1530 alios
1415 1495 1550 1530 curiales
1560 1496 1735 1530 Romanam
1746 1494 1874 1529 Curiam

1119 1554 1300 1591 sequentes,
1331 1545 1564 1592 cuiuscumque
1586 1545 1748 1591 dignitatis
1771 1544 1875 1579 eccle-

1120 1595 1265 1629 siasticae
1294 1594 1339 1629 vel
1367 1594 1564 1635 mundanae,
1597 1602 1714 1634 status,
1749 1593 1877 1639 gradus,

1121 1644 1241 1678 ordinis
1258 1644 1303 1678 vel
1319 1644 1530 1689 conditionis,
1553 1643 1738 1691 perpetratis
1756 1651 1788 1678 et
1804 1655 1878 1689 per—

1122 1693 1294 1740 petrandiS,
1322 1701 1381 1728 tam
1411 1705 1466 1740 per
1488 1694 1555 1728 fisci
1586 1694 1683 1728 nostri
1712 1705 1769 1739 pro
1792 1700 1878 1727 tem-

1123 1755 1196 1790 pore
1221 1744 1394 1790 praesentis
1422 1743 1635 1790 procuratoris
1662 1742 1879 1777 denunciatio-

1122 1805 1192 1826 nem
1208 1800 1237 1827 et
1248 1794 1480 1827 accusationem
1492 1820 1501 1837 ,
1517 1805 1610 1840 quam
1626 1792 1720 1826 etiam
1736 1804 1774 1827 ex
1791 1804 1877 1827 mero

1121 1842 1234 1882 officio,
1260 1842 1461 1890 inquirendi;
1483 1850 1513 1877 et
1528 1854 1623 1888 snper
1644 1842 1719 1886 illis,
1743 1850 1803 1876 tam
1823 1853 1878 1888 per

1123 1892 1359 1939 inquisitionem
1391 1892 1593 1932 huiusmodi,
1621 1904 1717 1938 quam
1744 1903 1878 1926 accusa·-

1123 1941 1240 1976 tionem
1263 1954 1319 1976 seu
1342 1942 1619 1976 denunciationem
1637 1969 1646 1986 ,
1671 1940 1877 1988 procedendi,

1124 1999 1263 2038 repertos
1286 1991 1471 2038 culpabiles,
1500 1991 1584 2025 iuxta
1612 2002 1799 2025 excessuum
1825 2002 1879 2037 per

1123 2053 1178 2075 eos
1206 2048 1455 2087 perpetratorum
1484 2040 1690 2087 exigentiam,
1713 2039 1876 2087 puniendi.

1173 2090 1193 2137 g
1221 2094 1253 2124 4.
1281 2090 1415 2125 Necnon
1438 2102 1550 2125 omnes
1577 2098 1607 2124 et
1636 2089 1788 2135 singulas,
1816 2097 1876 2123 tam

1125 2144 1232 2179 civiles
1255 2157 1349 2192 quam
1378 2144 1558 2179 criminales
1588 2151 1617 2177 et
1641 2144 1762 2184 mixtas,
1785 2143 1880 2190 spiri-

1127 2199 1238 2243 tuales,
1254 2199 1483 2234 ecclesiasticas
1511 2206 1539 2232 et
1557 2198 1736 2244 prophanas
1755 2205 1785 2232 et
1805 2197 1880 2232 alias

1126 2266 1344 2301 quascumque
1363 2266 1484 2294 causas,
1502 2253 1530 2286 in
1551 2252 1668 2300 quibus
1689 2251 1727 2286 ad
1745 2251 1879 2287 membri

1129 2308 1370 2349 mutilationem,
1393 2316 1446 2341 aut
1468 2306 1631 2353 sanguinis
1644 2305 1832 2341 effusionem
1852 2315 1882 2340 et

1128 2362 1424 2396 condemnationem
1449 2372 1512 2395 non
1540 2359 1724 2403 intenditur,
1752 2359 1880 2394 coniun-

1127 2417 1201 2451 ctim
1224 2417 1271 2450 vel
1293 2415 1429 2453 divisim,
1446 2414 1748 2461 quomodocumque
1759 2420 1882 2460 etqua-

1129 2471 1337 2516 litercumque
1354 2470 1384 2503 in
1401 2469 1510 2503 eadem
1534 2467 1629 2502 Curia
1648 2475 1748 2502 motas
1766 2475 1797 2500 et
1812 2478 1882 2500 mo-

1130 2525 1257 2565 vendas;
1274 2536 1329 2558 seu
1341 2522 1592 2569 quomodolibet,
1619 2534 1702 2556 nunc
1724 2528 1754 2555 et
1774 2521 1804 2554 in
1828 2533 1883 2568 po-

336 2590 453 2619 ercere,
469 2585 556 2612 motu
573 2578 714 2624 proprio,
738 2589 798 2611 non
814 2577 851 2611 ad
875 2584 959 2610 tuam
979 2575 1027 2609 vel
1042 2575 1088 2609 al-
1129 2586 1261 2619 sterum,
1284 2578 1364 2611 inter
1394 2588 1612 2624 quascumque
1640 2583 1759 2622 partes,
1786 2574 1878 2609 etiam

335 2633 434 2666 terius
461 2644 516 2678 per
531 2639 560 2666 te
583 2631 674 2665 nobis
697 2643 793 2676 super
807 2630 866 2664 hoc
889 2629 1011 2664 oblatae
1030 2641 1088 2675 pe·
1107 2661 1110 2693 ι
1131 2632 1277 2679 perviam
1295 2631 1508 2677 inquisitionis
1517 2642 1555 2664 ex
1564 2629 1678 2670 officio,
1694 2628 1878 2676 pendentes.

416 2689 490 2718 Ball.
507 2688 583 2718 Rom.
612 2688 663 2717 Vol.
686 2688 714 2716 V.
931 2687 966 2715 tt

1889 256 1936 282 An.
1955 254 1981 279 C.
2002 255 2067 281 i't·*'1'

1896 1111 2032 1137 savultfflque
2044 1111 2072 1131 ei-

1888 1144 1933 1161 dem
1955 1143 2014 1161 ddur
2035 1147 2072 1167 per

1889 1173 2002 1192 lucuniteir
2025 1178 2072 1192 can-

1889 1210 1922 1223 sas
1952 1203 2072 1223 criminales

1889 1234 1961 1254 rnrial.
1993 1240 2075 1259 rogno-

1890 1267 1970 1290 nvenisti,

1900 2102 2019 2129 Causasqne
2037 2106 2078 2122 turn

1894 2135 1950 2154 civit.
1969 2140 2028 2160 quiam
2039 2134 2078 2153 cri-

1895 2166 1982 2185 minutas
2006 2166 2026 2185 in
2042 2164 2077 2184 Cu-

1895 2197 1925 2216 ria
1949 2200 2023 2218 mutas,
2040 2199 2076 2215 et³>

1896 2228 2078 2253 ittdxognosceu-

1896 2259 1923 2283 dl,
