2281 3251
99 294 150 322 An.
170 294 200 322 C.
215 294 282 322 ta55

915 289 1073 314 EUGENtth
1094 290 1127 312 lv
1149 290 1199 313 PP.

1736 281 1779 313 19
1845 291 1893 318 An.
1912 292 2023 320 crass

294 362 372 385 Slam
394 359 556 394 erigimus
578 358 712 393 eamque
733 343 895 392 dlgsslialis
913 356 1039 393 episco·
1084 357 1255 388 UsstVUmus,
1270 357 1482 379 anssexlssmtls
1496 353 1525 379 el
1545 344 1827 391 inCOPPOl'ssVlmtts

295 398 373 447 palis
403 397 521 432 titulo
516 396 721 443 insignimus,
747 407 900 442 sponsum
931 394 1038 430 utilem

293 458 323 484 et
346 448 494 483 idoneum
518 459 572 494 per
594 445 794 492 Apostolicae
816 444 911 480 Sedis
935 445 1041 491 proii-

294 498 445 553 dentiam,
476 504 650 544 praestante
676 495 826 535 Domino,
850 494 1039 532 habituram

293 548 343 583 cui
360 559 492 595 praeesse
508 545 605 580 valeat
630 553 660 579 et
684 556 818 592 praeesse
842 544 980 580 tolentes
995 547 1038 587 (Ι)

293 597 481 633 authoritate
507 594 678 642 apostolica
701 593 921 639 decernentes,
953 594 1037 649 qnod

293 648 324 682 in
360 646 468 681 eadem
504 652 607 680 erecta
634 643 794 688 Ecclesia,
822 644 890 679 loco
928 656 1040 691 prioris

293 697 346 744 qui
370 708 453 731 nunc
476 703 534 739 est,
557 693 841 737 archidiaconatuS,
856 706 955 728 maior
970 702 1037 740 post

295 744 503 794 pontificalem
525 722 673 791 dignitas,
702 756 774 778 cum
805 743 977 778 honoribus
1009 752 1039 777 et

293 795 440 831 oneribus
455 794 614 830 consuetis
636 807 671 828 ι(
693 793 795 828 eidem
826 793 967 833 annexis,
985 805 1040 840 per

293 846 432 881 futurum
462 844 638 892 praesulem
674 843 870 881 instituatur,
892 855 928 878 ac
956 843 1039 888 prior

294 897 361 942 ipse
383 895 421 930 de
442 902 564 929 caetero
589 908 617 928 ιιι
640 894 747 928 eadem
776 892 943 927 cathedrali
977 891 1039 925 Ec-

294 946 384 980 clesia
407 944 648 980 archidiaconus
671 943 868 978 nominetur:
894 943 922 975 in
942 941 1037 975 altera

110 1001 136 1022 E*
160 1002 278 1022 ‘efumdw
296 1008 367 1030 vero
384 994 525 1031 Ecclesia
545 993 677 1029 Sanctae
697 993 808 1027 Mariae
832 991 870 1026 de
889 990 1036 1030 Castello,

97 1033 232 1058 dignitatibus
253 1038 280 1053 ιι-
313 1045 318 1051 .

97 1064 165 1084 mcum
194 1054 375 1084 mnfifflstcut
402 1044 587 1092 praefertur,
607 1044 704 1083 unita,
725 1042 879 1089 prioratus
900 1040 1036 1095 dignitas

98 1094 218 1122 ‘⁸⁹³¹⁰¹''¹¹’·
295 1095 424 1130 omnino
449 1101 561 1138 cesset,
588 1105 659 1127 cum
683 1092 770 1127 illum
800 1103 906 1125 vacare
935 1090 1037 1125 conti-

295 1145 374 1191 gerit
411 1156 465 1191 per
495 1155 618 1178 cessum
643 1141 688 1176 tel
716 1140 904 1179 decessum;
944 1139 1036 1175 ambo

294 1206 422 1250 quoque
444 1193 581 1239 ipsarum
606 1190 816 1226 Ecclesiarum
845 1168 987 1236 collegia,
1006 1189 1034 1224 in

294 1244 421 1278 unicum
460 1241 626 1288 collegium
660 1239 861 1275 cathedralis
875 1239 1036 1274 Ecclesiae

291 1293 336 1326 sic
357 1299 478 1326 erectae
499 1290 672 1338 capitulum
687 1289 815 1344 faciens,
833 1289 1035 1329 reducantun

291 1340 471 1388 singulique
498 1340 636 1387 ipsarum
665 1339 808 1374 canonici
841 1352 902 1374 non
937 1339 1035 1374 colle-

291 1390 444 1437 giatarum
471 1390 607 1436 amplius
633 1388 860 1432 Ecclesiarum,
895 1388 948 1423 sed
983 1402 1036 1424 ra-

291 1439 440 1475 thedralis
455 1439 612 1475 Ecclesiae
635 1439 778 1474 canonici
800 1446 1034 1486 nuncupentur.

337 1494 353 1534 §
380 1492 413 1525 4.
444 1489 625 1532 Caeterum,
661 1501 732 1524 cum
763 1488 802 1524 de
829 1488 983 1524 Ecclesiis
1005 1497 1035 1524 et

106 1552 224 1574 nioocesrm
236 1558 276 1587 qo-
289 1540 509 1575 ecclesiasticis
526 1539 700 1579 beneficiis,
717 1539 839 1582 castris,
863 1538 953 1577 villis,
974 1547 1036 1574 ter-

93 1583 275 1641 {ingnffmm
290 1589 419 1633 ritoriis,
442 1589 544 1630 terris,
568 1588 833 1636 possessionibus,
856 1588 978 1623 iuribus
1005 1598 1035 1624 et

290 1639 558 1674 iurisdictionibus
579 1638 798 1686 spiritualibus
821 1646 851 1673 et
878 1647 1035 1685 tempora-

289 1689 389 1734 libus,
424 1689 556 1736 aliisque
579 1688 770 1728 redditibus,
811 1688 1034 1735 proventibus,

289 1739 380 1774 terris
401 1747 431 1774 et
451 1738 717 1787 possessionibus,
733 1746 792 1773 tam
809 1738 1035 1774 ecclesiasticis

287 1801 380 1837 quam
408 1789 489 1830 aliis,
517 1789 546 1823 in
575 1788 692 1836 quihus
726 1788 849 1836 propria
880 1788 1035 1824 dioecesis

288 1839 459 1874 Cornetan.
487 1839 628 1885 deputari
652 1847 682 1873 et
704 1839 798 1873 etiam
822 1837 960 1873 ordinari
983 1838 1036 1874 de-

289 1888 375 1929 beat,
412 1889 550 1937 plenarie
577 1897 710 1929 constet,
748 1889 777 1922 in
814 1888 872 1923 Dei
906 1888 1034 1924 nomine

290 1939 509 1987 procedentes,
527 1938 685 1982 volumus,
700 1946 730 1973 et
745 1937 916 1985 apostolica
928 1939 1034 1973 autho-

290 1990 378 2024 ritate
399 1991 578 2029 statuimus,
600 1988 685 2036 qnod
708 1988 897 2024 territorium
925 1997 954 2023 et
985 1988 1034 2023 di-

288 2040 414 2075 strictus
452 2039 552 2086 ipsius
587 2039 720 2073 civitatis
763 2037 891 2074 Corneti
931 2038 1033 2073 eidem

289 2089 451 2125 Ecclesiae
483 2088 654 2124 Cornetau.
690 2088 720 2123 in
748 2088 917 2124 dioecesim
951 2089 1033 2124 assi-

289 2147 405 2185 gnetur
431 2152 503 2174 cum
523 2138 609 2174 omni
633 2138 858 2182 iurisdictione,
881 2138 1035 2183 dominio,

290 2189 481 2225 coercitione
503 2197 533 2224 et
554 2188 747 2224 correctione
769 2188 885 2223 debitis
906 2196 936 2223 et
958 2201 1035 2223 con-

290 2239 407 2280 suetis,
435 2251 515 2286 quae
548 2251 606 2274 nos
639 2238 731 2274 etiam
766 2238 919 2286 praefatae
953 2238 1035 2274 Cor-

291 2297 395 2325 netan.
431 2289 600 2332 Ecclesiae,
628 2288 657 2322 in
686 2300 789 2322 veram
820 2296 851 2323 et
873 2288 1034 2324 limitatam

290 2338 473 2383 dioecesim,
482 2347 590 2374 tenore
601 2339 812 2386 praesentium
827 2339 1035 2385 assignamus.

338 2390 412 2438 55.
439 2389 589 2425 Volentes
616 2397 647 2424 et
680 2388 815 2435 praefata
848 2389 1036 2423 authoritate

107 2450 205 2477 episcop.
216 2449 276 2471 Mon
290 2439 512 2480 concedentes,
526 2439 610 2486 qnod
634 2439 806 2486 episcopus
826 2451 882 2485 pro
897 2446 1036 2485 tempore

93 2481 277 2534 ἓξῗξξξξξῗζῃζ*
290 2490 428 2525 existens
450 2489 550 2536 ipsius
562 2498 592 2524 et
605 2488 852 2523 'llontisssascon
884 2487 1038 2522 Ecclesia-

94 2542 274 2570 ⁶10110a=³¹=⁵⁵¹⁸
291 2551 371 2579 rum,
384 2551 479 2587 quam
498 2538 759 2574 Montisssasconis
781 2537 956 2573 Ecclesiam
981 2538 1038 2573 ho-

289 2588 340 2624 die
375 2588 468 2624 etiam
497 2588 599 2624 eidem
624 2588 782 2624 Ecclesiae
810 2586 1037 2623 Cornetanensi

325 2660 365 2696 (Ι)
382 2661 443 2696 Leg.
461 2663 600 2696 putamus:
627 2662 670 2687 cui
685 2669 795 2692 proeesse
814 2662 900 2688 valeat
925 2664 950 2686 et
970 2668 1005 2693 pr
1007 2669 1038 2686 ο-

290 2702 367 2734 dam
383 2703 494 2729 volentes
509 2704 534 2728 et
549 2703 711 2728 authoritate
726 2704 779 2728 etc.
797 2700 850 2736 (ιι).

1082 408 1152 430 cnm
1176 395 1214 430 de
1241 394 1379 430 Corneto
1397 394 1434 428 ad
1458 394 1747 437 Montemttascon„
1782 398 1826 429 νιΙ

1081 457 1098 479 e
1111 457 1262 480 converso
1274 445 1312 479 de
1326 444 1570 479 Montessascone
1583 444 1754 478 coruom-n
1776 457 1828 479 re-

1082 505 1132 530 cto
1160 495 1271 529 itinere
1292 507 1326 529 se
1353 494 1522 528 transferre
1544 493 1721 539 contigerit,
1743 502 1826 528 extra

1083 553 1185 579 tamen
1213 545 1371 588 civitates,
1412 551 1509 578 terras
1537 551 1567 577 et
1593 551 1693 577 castra
1734 551 1827 590 atque

1082 594 1147 629 loca
1162 595 1231 639 alia,
1247 594 1339 628 etiam
1364 594 1393 628 in
1417 593 1510 628 alien.
1535 592 1736 628 dioecesibus
1754 605 1827 627 con-

1081 644 1234 687 sistentia,
1259 644 1288 677 in
1313 643 1358 677 ria
1380 641 1601 678 tantummodo
1624 641 1827 678 obviantibus

1082 693 1337 728 benedictionem
1376 692 1558 739 impendere
1576 692 1684 736 valeat,
1707 691 1826 739 absque

1080 743 1213 777 aliorum
1247 743 1358 777 iniuria
1382 755 1437 777 seu
1472 741 1720 777 contradictione
1746 753 1827 789 qua-

1080 804 1228 838 cumque.

1129 842 1149 888 5
1172 843 1203 876 6.
1226 841 1267 876 Et
1295 854 1346 896 ne,
1369 850 1495 888 propter
1511 841 1693 876 huiusmodi
1716 853 1827 875 exeni-
1855 850 1943 876 ,ιηιιιιιι
1980 858 2024 871 nra

1081 891 1231 937 ptionent,
1254 892 1443 926 eiectionem
1467 901 1497 926 et
1518 891 1764 938 assi1uationetu
1788 891 1825 925 de
1841 881 1975 939 ῗζῐζωάηηιέμῖ
1980 881 2026 933 to:

1079 940 1160 974 dicta
1192 942 1315 975 civitate
1353 949 1383 975 et
1420 941 1573 976 Ecclesiis
1606 953 1642 975 ac
1685 941 1823 975 dioecesi
1840 949 1879 993 [⁰
1883 950 1902 964 ¹¹¹
1927 945 1993 964 dem
1997 948 2023 965 ¹1¹

1079 990 1186 1034 factas,
1209 990 1381 1025 Viteihien.
1400 990 1623 1025 ειΤιι5υιιιιοιι
1653 990 1825 1035 Ecclesiae,
1840 978 1959 1025 stiri'aimn'
1989 981 2024 995 μ

1078 1040 1222 1087 quibus
1218 1053 1282 1087 ipsa
1307 1053 1392 1074 nunc
1414 1040 1522 1074 (ivitas
1545 1041 1662 1084 fuerat,
1685 1049 1717 1075 ut
1741 1053 1827 1087 prac-

1079 1090 1194 1134 fertur,
1221 1089 1379 1124 ordinario
1407 1090 1473 1124 iure
1506 1090 1665 1128 subiecta,
1699 1089 1824 1136 aliquod

1077 1139 1163 1174 aliud
1192 1139 1392 1187 di=pendium
1412 1140 1574 1185 'patiantur
1589 1167 1596 1179 ,
1618 1140 1763 1174 volumus
1797 1149 1826 1174 et

1077 1189 1186 1224 eadem
1209 1190 1398 1224 authoritate
1420 1189 1634 1229 decernimus,
1657 1189 1740 1235 quod
1757 1201 1827 1224 om-

1079 1252 1134 1274 nes
1165 1240 1294 1278 fructus,
1324 1238 1465 1274 redditus
1486 1248 1516 1274 et
1545 1247 1726 1285 proventus.
1744 1251 1826 1273 emo-

1079 1289 1234 1329 lumenta,
1262 1289 1467 1324 obventiones
1505 1297 1537 1323 et
1567 1290 1652 1329 iura,
1689 1296 1749 1323 tam
1789 1302 1827 1323 ex

1079 1338 1350 1394 possessionibus,
1378 1351 1472 1386 qnam
1509 1339 1634 1385 pa=cnis
1672 1338 1702 1372 in
1733 1339 1826 1373 terri-

1078 1388 1157 1423 torio
1179 1397 1209 1424 et
1231 1388 1371 1424 districtu
1399 1387 1571 1423 Cornetan.
1601 1387 1826 1432 existentibus,

1077 1447 1108 1473 et
1130 1438 1166 1473 ad
1200 1439 1282 1494 ipsas
1304 1437 1460 1474 Ecclesias
1487 1438 1659 1472 Viterbien.
1689 1446 1720 1472 et
1741 1438 1807 1473 Tu
1810 1459 1826 1464 -

1077 1500 1186 1522 canen
1215 1488 1280 1523 sire
1302 1488 1338 1522 ad
1363 1489 1571 1535 episcopalem
1602 1499 1742 1522 mensam
1770 1500 1824 1522 ea-

1077 1537 1220 1573 rumdem
1252 1538 1495 1585 pertinentibus,
1534 1537 1651 1572 eisdem
1675 1537 1826 1573 Ecclesiis

1076 1598 1106 1623 et
1129 1600 1255 1623 mensae
1283 1601 1338 1635 pro
1366 1596 1507 1635 tempore
1530 1587 1670 1643 debita,
1665 1587 1740 1634 ipsis
1761 1587 1826 1623 Ec-

1076 1637 1180 1673 clesiis
1207 1647 1389 1673 remaneant
1413 1638 1505 1685 pleno
1533 1637 1611 1678 inre,
1639 1637 1826 1693 eisdemque

1076 1687 1232 1734 gaudeant
1271 1696 1301 1723 et
1336 1696 1480 1728 utantur,
1513 1700 1548 1722 ac
1582 1699 1616 1722 ea
1650 1687 1826 1734 percipiant

1076 1738 1145 1772 sine
1167 1737 1376 1773 diminutione
1398 1750 1617 1785 quacumque,
1646 1737 1728 1771 sicut
1753 1745 1825 1771 ante

1076 1787 1267 1822 erectionem
1284 1786 1483 1828 huiusmodi,
1497 1787 1650 1835 aliterque
1666 1786 1825 1822 ordinario

1077 1838 1144 1872 iure
1168 1838 1329 1884 percipere
1351 1845 1580 1873 consueverant
1602 1845 1631 1871 et
1655 1835 1823 1871 habebant.

1124 1892 1139 1931 ἕ
1171 1890 1203 1921 ’7.
1236 1887 1305 1922 Νοιι
1343 1887 1544 1922 obstantibus
1570 1887 1824 1934 quibuscumque

1077 1937 1261 1984 privilegiis,
1282 1937 1500 1985 indulgentiis,
1523 1935 1780 1984 exemptionibus
1796 1945 1825 1970 et

1077 1987 1175 2022 literis
1213 1987 1394 2034 apostolicis·
1433 1987 1507 2022 huic
1542 1995 1665 2022 nostrae
1697 1985 1824 2021 ordina-

1077 2037 1152 2072 tioni
1175 2037 1352 2078 contrariis,
1379 2049 1655 2085 quorumcumque
1679 2044 1822 2071 tenorum

1076 2088 1223 2132 existant,
1239 2099 1330 2134 quae,
1344 2087 1448 2135 quoad
1464 2087 1535 2130 hoe,
1554 2087 1684 2122 omnino
1707 2085 1825 2120 viribus

1076 2149 1277 2181 evacuamus,
1310 2145 1339 2172 et
1367 2137 1486 2173 nullius
1517 2136 1719 2172 decernimus
1752 2136 1824 2170 exi—

1077 2196 1159 2222 stere
1183 2187 1346 2222 firmitatis.

1125 2238 1145 2284 5
1167 2239 1199 2272 8.
1223 2236 1397 2271 praemissa
1421 2245 1524 2271 antem
1547 2237 1664 2279 omnia,
1687 2235 1731 2270 sic
1754 2234 1823 2269 uti-
1853 2243 1908 2264 Haec
1953 2249 1977 2262 au
1967 2245 2020 2262 utem

1077 2287 1145 2322 liter
1169 2286 1245 2322 facta
1264 2296 1294 2322 et
1309 2286 1474 2322 salubriter
1495 2286 1648 2328 ordinatt,t
1665 2284 1825 2332 perpetuis
1839 2279 1925 2327 Ξζῗζζζ,
1929 2274 2020 2326 ,vixx

1079 2337 1191 2372 futuris
1215 2337 1411 2384 temporibus
1439 2336 1581 2371 obtinere
1607 2336 1750 2370 volumus
1773 2347 1823 2369 ιο-
1838 2338 1878 2359 ‘¹⁸¹-

1079 2387 1138 2422 bur
1169 2386 1437 2422 incommutabilis
1459 2386 1630 2425 firmitatis,
1653 2384 1824 2419 districtius

1080 2437 1272 2481 inhibentes,
1300 2450 1338 2471 ne
1365 2436 1490 2483 aliquis,
1513 2436 1742 2481 cuiuscumque
1762 2441 1823 2468 sta-

1080 2495 1142 2526 tus,
1164 2486 1337 2532 dignitatis,
1360 2485 1478 2520 ordinis
1505 2495 1535 2520 et
1570 2483 1824 2531 praeeminentiae

1080 2536 1184 2577 fuerit,
1206 2545 1236 2571 et
1255 2543 1544 2584 quantumcumque
1567 2534 1755 2581 praefulgeat
1776 2532 1826 2565 di-

1080 2587 1209 2633 gnitate,
1233 2585 1403 2633 praemissa
1426 2594 1456 2620 et
1477 2585 1599 2630 singula
1623 2595 1678 2629 per
1700 2594 1756 2616 nos
1778 2595 1827 2615 oi-

1080 2637 1185 2671 dinata
1208 2644 1238 2671 et
1261 2635 1399 2670 instituta
1425 2647 1479 2670 sen
1501 2614 1600 2681 aliqua
1631 2631 1676 2667 iel
1697 2631 1824 2686 aliquod

1081 2686 1121 2722 de
1143 2685 1299 2722 contentis
1331 2685 1359 2720 in
1383 2685 1441 2727 eis,
1468 2696 1578 2731 quous
1604 2681 1745 2729 quaesito
1764 2694 1825 2716 co-

1865 1897 2001 1918 obstantibus

1884 1929 1977 1954 derogat.
