2281 3251
86 287 141 314 An.
157 286 185 313 C.
201 285 267 313 utto

87 348 143 375 prius
154 346 268 368 constetde

85 378 186 405 ρηοιῑίιο
210 378 268 398 luru-

85 412 162 430 monto.

94 837 220 865 Exequutor.
233 837 269 858 hu-

86 870 117 890 ius
132 870 268 890 constitutio-

83 900 117 920 ni·
132 899 242 926 donignati.

957 283 1018 306 LEO
1040 284 1060 306 X
1084 283 1133 306 1‘1‘.

283 340 442 375 literarum
466 345 640 373 nostrarum
670 345 699 372 et
721 337 851 372 notariis
873 337 1025 373 Gamerae

282 388 491 436 Apostolicae,
526 387 556 421 in
591 387 704 421 virtute
726 396 852 422 sanctae
874 387 1025 422 obedien-

283 439 353 478 tiae,
375 437 513 471 districte
536 436 722 471 mandamus
744 446 897 483 quatenus
925 437 1025 471 nullas

282 487 386 522 literas
407 499 503 533 super
531 486 710 532 praemissis
736 486 872 533 expediri
898 488 1025 533 permit-

282 543 357 577 tant,
379 544 409 570 et
431 536 591 582 expeditas
614 536 741 570 mininie
757 536 891 580 tradant,
907 537 965 570 nisi
982 537 1026 571 eis

282 586 382 632 prius,
404 585 442 619 de
465 586 641 620 iuramento
665 585 844 619 huiusmodi
866 586 1024 632 praestito,

282 635 360 670 iides
382 647 436 681 per
457 634 587 669 alterum
611 646 648 669 ex
670 635 792 669 clericis
810 637 1027 669 caeremonia-

283 697 349 719 rum
375 684 531 731 magistris
552 684 630 719 facta
654 684 852 724 suerit,sieut
875 684 1027 719 hactenus

282 742 468 768 consuetum
492 741 566 768 erat.

330 784 350 829 S
372 785 404 817 5.
432 782 588 817 Volumus
614 791 718 818 autem
742 782 824 830 quod
853 783 913 817 lioc
937 795 1027 829 prae-

282 845 355 867 sens
377 832 538 867 decretum
563 834 722 876 nostrum⁷
749 842 809 867 tam
840 844 1027 880 promoven-

282 882 339 917 dos
364 894 457 929 quam
474 883 566 916 etiam
590 890 749 928 promotos
765 881 1025 928 comprehendat,

283 932 323 966 ita
347 940 380 966 ut
402 932 458 977 ipsi
489 932 620 978 promoti
638 939 813 971 teneantur,
836 930 912 966 iufra
937 943 1028 965 men-

284 993 350 1016 sem
374 993 388 1016 a
412 981 463 1015 die
488 981 714 1027 requisitionis,
732 982 846 1021 iurare;
868 980 950 1027 quod
975 980 1027 1014 iu-

283 1039 459 1066 ramentum
495 1030 590 1077 recipi
628 1043 689 1064 non
719 1030 841 1073 debeat,
870 1030 926 1063 uisi
950 1042 1028 1064 con-

284 1080 357 1115 stito
396 1080 433 1114 de
472 1079 663 1126 obligatione
691 1079 849 1114 bancliarii
881 1079 1027 1125 praedicti

284 1137 338 1165 aut
360 1129 398 1164 de
419 1128 529 1164 aliam
539 1107 666 1164 Deadem
693 1128 822 1163 Camera
852 1127 944 1171 ficta,
975 1140 1029 1174 pro

285 1191 420 1226 quorum
443 1179 583 1212 omnium
607 1186 636 1212 et
659 1177 852 1224 singulorum
877 1177 1029 1223 praemis-

285 1241 390 1263 sorum
414 1227 529 1262 efficaci
553 1227 737 1262 executione
758 1226 929 1261 venerabili
945 1226 1028 1261 fratri

286 1286 392 1312 nostro
406 1277 556 1323 Rapbaeli
574 1277 723 1323 episcopo
738 1275 896 1320 Ostiensi,
917 1288 952 1310 ac
974 1288 1030 1323 pro

285 1335 425 1372 tempore
452 1326 594 1360 existenti
614 1326 797 1369 camerario,
820 1337 877 1359 nec
894 1337 954 1359 non
979 1325 1030 1359 di-

284 1376 374 1410 lectis
401 1374 470 1408 filiis
493 1375 745 1422 praesidentibus
767 1374 916 1409 Gamerae
942 1387 1030 1422 prae-

285 1425 464 1465 nominatis,
495 1425 703 1471 praesentium
732 1434 840 1460 tenore
862 1425 1030 1458 committi-

285 1486 356 1509 mus
382 1483 413 1508 et
438 1473 622 1509 mandamus
660 1487 698 1508 ne
727 1473 829 1508 liabita
856 1474 915 1507 lide
952 1486 1032 1520 pro-

286 1524 437 1558 motionis
476 1523 610 1557 alicuius
634 1523 669 1558 ad
698 1523 831 1570 aliquam
867 1536 902 1557 ex
927 1523 1032 1569 ‹ligni-

286 1572 401 1607 tatibus
427 1580 497 1607 ante
521 1573 638 1617 dictis,
661 1584 696 1606 ex
720 1572 863 1618 neglectu
894 1581 1032 1619 praesta-

287 1622 379 1656 tionis
407 1621 555 1668 praedicti
591 1622 778 1661 iuramenti,
803 1630 964 1669 postquam
993 1622 1030 1656 ad

289 1671 319 1705 id
343 1672 481 1706 monitus
504 1670 608 1712 suerit,
635 1680 741 1706 contra
769 1682 841 1705 eum
864 1673 901 1705 ad
925 1671 1032 1706 decla-

287 1721 437 1755 rationem
462 1732 632 1766 poenarum
658 1720 888 1767 praedictarum
906 1748 915 1765 ,
939 1722 1030 1755 veluti

287 1778 392 1804 contra
421 1770 577 1805 debitores
596 1770 695 1816 ipsius
717 1770 881 1809 Gamerae,
909 1771 939 1804 in
959 1783 1032 1805 coo-

289 1819 422 1865 bligatos
444 1819 625 1866 procedant,
649 1820 678 1853 in
702 1820 892 1854 contrarium
916 1820 1032 1855 facien-

288 1868 384 1913 tibus,
411 1881 472 1903 non
495 1868 693 1904 obstantibus
720 1868 986 1916 quibuscumque.

335 1917 465 1962 Placet⁷
504 1927 533 1953 et
557 1919 595 1953 ita
620 1927 705 1953 motu
745 1920 871 1965 proprio
902 1919 1031 1954 manda-

288 1979 368 2002 mus.
391 1967 414 2002 Ι.

496 2018 612 2063 (Papae
638 2019 826 2063 subscriptio)

608 2167 719 2202 XXIV.

289 2241 462 2275 Moderatio
491 2248 517 2274 et
543 2242 709 2275 declaratio
742 2242 932 2275 indultorum
965 2242 1035 2286 qui—

337 2297 517 2340 bttscumque
552 2296 795 2329 Mendc'cantittm
833 2303 859 2329 et
901 2297 1035 2329 aliorum

336 2351 547 2395 reliqiosorum
578 2350 745 2383 Ordinibus
777 2356 803 2383 et
830 2361 934 2384 eorum
960 2350 1035 2384 Ter-

338 2405 439 2438 tiaria’s
460 2416 675 2438 concessorum.

548 2482 758 2513 SUMMAIHUM

291 2538 402 2570 Causae
418 2540 506 2569 huius
527 2541 675 2570 constitut.
694 2558 731 2562 —
751 2541 775 2570 t.
795 2540 974 2580 Episcopalis
993 2541 1036 2571 di-

331 2585 424 2622 gnitas
441 2589 486 2614 est
507 2586 613 2615 ceteris
632 2585 818 2622 eminentior,
830 2589 857 2614 et
869 2585 1037 2615 Mendican-

331 2628 401 2657 tium
422 2638 508 2667 opera
528 2629 677 2659 fructuosa
694 2629 781 2658 nimis
797 2633 874 2658 sunt.
886 2645 924 2651 —
939 2629 966 2658 2.
985 2629 1035 2658 Hic

332 2672 429 2711 itaque
447 2673 577 2704 Pontifex
603 2683 636 2703 ex
658 2673 812 2704 eoncordia
838 2674 941 2703 borum
961 2674 1037 2704 inter

1694 270 1763 304 685

1106 338 1258 378 episcopos
1277 342 1304 368 et
1321 337 1520 368 Mendicantes
1540 335 1707 366 moderatur
1724 335 1814 373 privi-

1106 383 1178 421 legia
1199 383 1228 413 in
1251 383 1325 413 infra
1348 382 1490 413 dicendis
1506 398 1544 404 -
1561 381 1588 411 3.
1607 379 1743 419 Episcopi
1763 388 1813 409 eos

1107 427 1223 456 visitent
1239 431 1266 456 et
1280 427 1426 465 corrigant
1451 427 1479 457 in
1496 424 1743 455 concernentibus
1766 434 1816 463 pa—

1107 472 1313 501 rochianorum
1334 481 1433 502 curam
1453 476 1479 501 et
1497 473 1747 501 sacramentorum
1764 468 1816 497 ad—

1107 516 1361 546 ministrationem.
1386 533 1424 538 -—
1446 516 1474 545 4.
1502 514 1633 553 Quisque
1661 513 1689 543 in
1713 521 1814 543 eorum

1107 560 1241 589 ecclesiis
1269 560 1420 590 celebrare
1443 559 1544 598 possit.
1568 575 1607 581 —
1628 559 1655 587 5.
1677 558 1720 588 Ad
1744 568 1814 597 pro-

1108 604 1259 634 cessiones
1279 605 1320 634 irc
1340 609 1488 642 cogantur.
1514 620 1552 626 —
1575 603 1602 632 ὓ.
1625 602 1815 632 Confessores

1108 646 1143 676 ab
1173 648 1329 678 ordinariis
1352 648 1559 687 approbentur.
1587 664 1626 669 —
1653 647 1679 677 7.
1708 645 1816 676 Sacra-

1108 696 1202 721 menta
1221 692 1388 722 ministrare
1405 692 1528 732 possint.
1546 692 1624 721 —8.
1642 691 1728 721 Pacta
1746 691 1816 721 inita

1108 737 1185 765 inter
1206 737 1362 775 episcopos
1386 742 1413 766 et
1436 736 1634 766 Mendicantes
1654 740 1819 765 serventur.

1108 796 1145 801 —
1164 781 1191 810 9.
1216 781 1414 810 illendicantes
1433 781 1550 820 quando
1574 784 1703 809 mortuos
1722 779 1818 809 levare

1108 824 1232 862 possint.
1254 841 1292 846 —
1311 825 1356 855 10.
1380 825 1518 854 Volentes
1538 824 1655 863 sepeliri
1675 833 1740 853 eum
1766 832 1798 853 eo

1108 876 1173 897 rum
1186 868 1297 907 babitu,
1311 869 1492 908 sepulturam
1510 869 1616 905 eligere
1633 872 1763 908 possunt.
1779 884 1817 889 —

1110 912 1155 941 11.
1175 912 1298 943 Ordines
1328 914 1363 944 ab
1388 914 1526 953 episcopo
1549 913 1693 952 recipiant
1710 929 1748 935 —
1771 912 1817 942 1⁶2.

1109 956 1343 989 Etecclesiarum
1361 958 1710 994 consecrationes—13.
1728 957 1821 996 Spon-

1109 1010 1157 1029 sos
1176 1012 1234 1031 non
1253 1003 1438 1040 benedicant3
1457 1019 1495 1025 --
1514 1003 1559 1032 14.
1578 1002 1755 1041 Campanam
1772 1001 1818 1031 die

1109 1046 1228 1076 Sabbati
1243 1048 1339 1077 Sancti
1355 1052 1418 1086 post
1431 1047 1628 1077 cathedralem
1643 1046 1771 1085 pulsent3
1782 1062 1820 1066 —

1112 1091 1157 1119 15.
1179 1090 1325 1120 Censuras
1345 1092 1560 1121 ordinariorum
1581 1095 1697 1120 servent
1719 1095 1747 1120 et
1768 1099 1821 1129 pu-

1111 1134 1230 1173 blicent;
1246 1136 1340 1165 -16,
1356 1135 1539 1165 Dceimarum
1559 1135 1735 1164 solutionem
1752 1143 1820 1164 sua-

1110 1179 1208 1215 deant3
1239 1197 1278 1201 —
1305 1181 1351 1209 17.
1376 1179 1602 1209 Conservatores
1626 1179 1761 1209 habeant.
1783 1196 1821 1200 —

1112 1224 1157 1253 18.
1175 1223 1424 1253 Excommunicati
1443 1225 1477 1254 atl
1502 1224 1684 1262 Religionem
1704 1233 1761 1253 non
1776 1232 1823 1253 re-

1111 1269 1267 1307 cipiantur.
1289 1286 1328 1291 —
1346 1269 1391 1299 to.
1414 1269 1549 1299 Tertiarii
1569 1269 1597 1298 in
1619 1268 1746 1307 propriis
1765 1268 1821 1297 do-

1110 1312 1208 1342 mibus
1224 1313 1362 1351 degentes
1381 1313 1420 1342 uti
1438 1313 1504 1342 laici
1525 1317 1708 1352 reputentur.
1722 1312 1819 1342 -ΞΟ,

1113 1355 1214 1393 secus,
1227 1357 1253 1386 si
1268 1357 1466 1387 claustraliter
1477 1357 1582 1392 vivant,
1594 1361 1644 1386 etc.
1655 1373 1694 1378 —
1706 1356 1752 1385 21.
1764 1355 1820 1385 De-

1111 1402 1223 1439 rogatio
1245 1402 1470 1431 contrariorum.
1491 1418 1531 1423 —
1551 1400 1598 1430 ⁶22.
1621 1400 1769 1430 Ordinarii
1792 1404 1819 1429 et

1112 1445 1310 1476 Mendicantes
1330 1446 1456 1485 benigne
1480 1455 1511 1476 se
1536 1450 1666 1476 tractent.
1692 1462 1731 1467 —
1751 1444 1823 1475 San-

1113 1491 1169 1520 ctio
1189 1491 1332 1530 poenalis.

1073 1561 1121 1590 Leo
1139 1562 1280 1597 episcopus
1302 1569 1397 1591 servus
1422 1569 1562 1591 servorum
1584 1561 1640 1594 Dei,
1666 1562 1699 1590 ad
1727 1568 1820 1597 perpe-

1117 1612 1194 1639 tuam
1213 1611 1254 1639 rei
1272 1611 1444 1645 memoriam,
1466 1618 1543 1640 sacro
1563 1611 1732 1647 approbante
1755 1611 1823 1640 Con-

1117 1660 1190 1688 cilio.

1122 1723 1222 1763 Dum,
1247 1724 1323 1757 intra
1352 1724 1465 1758 mentis
1487 1736 1596 1758 areana
1621 1723 1822 1769 revolvimus,

1075 1781 1101 1807 et
1117 1773 1258 1819 diligenti
1282 1773 1531 1808 consideratione
1550 1785 1721 1820 pensamus
1745 1786 1822 1821 ope-

1076 1835 1142 1857 rosa
1167 1823 1376 1857 solicitudinis
1403 1824 1505 1858 studia
1528 1824 1759 1870 continuosque
1776 1824 1823 1858 la-

1076 1872 1177 1917 bores,
1202 1885 1257 1920 pro
1280 1872 1377 1906 divini
1402 1873 1539 1907 nominis
1561 1872 1657 1919 gloria
1673 1900 1682 1917 ,
1705 1872 1823 1908 exalta-

1075 1923 1159 1956 tione
1194 1922 1366 1956 catliolicae
1397 1922 1492 1967 fidei⁷
1515 1922 1675 1957 Ecclesiae
1707 1923 1824 1957 unitate

1074 1971 1238 2017 servanda,
1250 1980 1278 2006 et
1297 1971 1490 2006 institutione
1506 1984 1542 2006 ac
1558 1972 1658 2006 salute
1684 1971 1823 2006 fidelium

1075 2022 1249 2055 animarum
1276 2033 1331 2068 per
1349 2021 1556 2068 coepiscopos
1579 2033 1753 2068 eorumque
1768 2033 1823 2055 su-

1078 2071 1218 2117 periores
1241 2072 1270 2105 in
1299 2070 1431 2105 diversis
1454 2071 1594 2118 partibus
1616 2071 1652 2104 ad
1682 2071 1822 2117 regimen

1076 2132 1202 2155 suarum
1236 2120 1441 2155 ecclesiarum
1475 2132 1492 2154 a
1523 2119 1605 2154 Sede
1641 2120 1823 2167 Apostolica

1076 2170 1274 2214 constitutos,
1292 2182 1412 2204 necnon
1434 2181 1489 2216 per
1504 2168 1612 2203 fratres
1627 2168 1823 2204 diversorum

1076 2219 1247 2264 Ordinum‚
1270 2220 1451 2267 praesertim
1475 2218 1748 2264 Mendieantium‚
1776 2219 1825 2253 in-

1076 2269 1200 2304 defesse
1227 2278 1256 2304 et
1284 2269 1499 2303 indesinenter
1526 2269 1710 2315 impensos,
1739 2276 1823 2303 tanta

1077 2331 1113 2354 ex
1147 2331 1255 2354 eorum
1289 2320 1319 2352 in
1358 2319 1445 2353 vinea
1484 2318 1611 2353 Domini
1651 2318 1822 2353 fructuosis

1077 2369 1225 2416 operibus
1247 2377 1277 2403 et
1299 2378 1477 2415 opportune
1495 2380 1530 2403 ae
1554 2367 1750 2403 laudabiliter
1767 2380 1823 2414 ge-

1077 2419 1132 2453 stis
1167 2419 1252 2453 cordi
1278 2427 1383 2452 nostro
1411 2418 1552 2464 provenit
1577 2417 1758 2457 satisfactio,
1787 2425 1821 2451 ut

1078 2468 1136 2512 his,
1159 2480 1238 2515 quae
1261 2468 1298 2502 ad
1323 2479 1427 2513 pacem
1456 2475 1486 2502 et
1507 2468 1645 2514 quietem
1667 2467 1747 2502 inter
1768 2478 1822 2501 eos

1078 2517 1322 2552 conservandam
1366 2517 1542 2551 conducere
1574 2517 1822 2563 cognoscimus,

1077 2568 1162 2602 omni
1185 2567 1290 2602 studio
1319 2566 1528 2601 intendamus.

1126 2617 1144 2663 g
1170 2619 1198 2650 l.
1222 2616 1373 2650 Novimus
1396 2617 1478 2650 enim
1502 2616 1666 2663 episcopos
1690 2616 1773 2663 ipsos
1790 2617 1819 2651 in

1829 280 1878 307 An.
1895 277 2009 306 01516

1849 1736 1927 1757 Causae
1943 1734 2003 1756 buius

1845 1767 2010 1788 constitutionis.

1850 2631 1979 2662 Episcopatu
1992 2634 2022 2656 dt-

1078 2675 1194 2713 partem
1234 2665 1442 2701 solicitudinis
1481 2674 1603 2701 nostrae
1641 2676 1820 2715 assumptos
1837 2666 2024 2691 “¹5¹⁸'‘”00st‘
