2281 3251
108 297 157 325 An.
175 297 203 324 C.
219 295 287 323 1ἰῖἰο

144 1137 255 1158 Limttauo.

964 292 1032 317 l'lUS
1057 293 1077 316 tt
1107 292 1153 315 ΙΨ.

304 351 531 390 consideretur,
560 358 604 390 ut,
628 350 803 384 secundum
824 362 911 384 suam
935 350 1053 396 <piique

304 401 500 445 dignitatem,
519 408 569 433 aut
587 399 786 446 prat-cedant,
803 409 853 433 aut
869 408 1052 446 sequantur,

305 451 405 484 habita
425 462 496 483 cum
523 448 751 483 venerabilibus
775 449 922 482 fratribus
939 450 1054 484 nostris

304 507 518 533 sacrosanctae
540 497 704 532 Romanae
724 497 884 532 Ecclesiae
908 499 1054 533 cardina-

305 548 385 582 libus
418 555 522 581 exacta
565 555 594 581 ct
634 546 775 592 diligenti
815 547 1053 591 deliberatione,

304 597 489 632 auctoritate
504 596 688 642 apostolica,
705 606 811 630 tenore
829 598 1054 643 praesentium,

305 647 342 680 de
365 645 548 680 eorumdem
572 645 701 678 fratrum
721 654 899 680 nostrorum
924 647 1055 680 consilio

306 696 418 742 pariter
433 703 461 728 et
484 707 628 737 assensu,
648 695 827 733 statuimus,
843 695 1055 738 decernimus,

305 744 490 778 ordinamus
525 752 617 789 atque
647 743 834 777 mandamus
863 752 895 777 ut
924 745 1057 778 notario-

306 805 373 827 rum
399 802 575 827 nostrorum
598 799 689 839 (quos
705 792 796 838 vulgo
811 795 1055 839 protonotarios,

305 842 394 889 quasi
414 854 469 887 per
492 842 707 875 excellentiam
732 842 901 888 quamdam
941 855 1001 876 non
1018 843 1057 876 ab

306 905 337 925 re
361 890 558 926 consuetudo
596 891 733 934 vocitat)
773 891 879 925 nullus
908 891 1057 938 deinceps

305 940 526 987 cpiscoporum
552 940 731 974 venerando
749 949 921 987 sanctoque
944 941 1057 983 ordini,

307 1000 465 1037 tamquam
490 989 765 1032 honorabiliorem,
782 1001 850 1023 sese
866 988 978 1024 audeat
1001 1002 1058 1023 an-

307 1049 464 1085 teponere.

355 1088 417 1122 Sed
434 1088 463 1122 In
480 1087 618 1134 cappella
634 1087 762 1133 quidem
781 1095 897 1130 nostra,
915 1088 942 1120 iu
961 1087 1059 1121 banco

307 1151 361 1171 seu
385 1149 514 1172 scamno
532 1136 683 1180 secundo,
703 1145 771 1183 post
785 1136 962 1182 episcopos,
978 1149 1059 1171 seor·

308 1199 378 1220 sum
402 1186 554 1225 sedeant,
576 1185 753 1220 secundum
782 1185 924 1220 ordinem
962 1186 1060 1220 insti-

309 1236 439 1270 tutionis
465 1248 585 1269 eorum.
613 1234 646 1268 In
677 1235 873 1269 consistoriis
903 1247 974 1269 vero
999 1247 1060 1282 pu-

308 1285 397 1319 blicis
415 1284 498 1329 (ubi,
518 1284 557 1319 de
581 1283 675 1318 rebus
696 1296 776 1330 quae
798 1292 922 1330 gerunt,
947 1292 978 1318 ut
1008 1296 1060 1319 au-

307 1334 442 1369 tlientica
458 1334 626 1368 conficiant
643 1333 845 1376 documenta,
869 1333 968 1378 rogari
989 1345 1059 1368 con-

307 1387 488 1425 sueverunt)
512 1390 647 1429 quatuor
673 1394 711 1416 ex
733 1382 778 1416 eis
805 1383 857 1429 qui
888 1384 1057 1417 numerarii

306 1433 463 1477 dicuntur,
478 1441 543 1476 aut,
566 1431 643 1479 ipsis
664 1431 860 1471 absentibus,
876 1431 1003 1466 totidem
1021 1443 1058 1467 ex

306 1482 384 1523 aliis,
407 1482 579 1516 secundum
608 1480 837 1515 institutionem
870 1492 977 1514 eorum
1006 1494 1059 1515 se-

308 1532 424 1571 niores,
448 1531 531 1565 iuxta
554 1529 685 1576 gradum
706 1531 869 1576 apostolici
895 1530 977 1569 solii,
1001 1530 1060 1565 lio-

308 1580 528 1615 norabiliorem
558 1587 684 1614 teneant
707 1580 823 1618 locum,
847 1578 987 1626 Sedique
1008 1592 1058 1613 no-

307 1639 388 1665 strae
403 1630 610 1677 proximiores
629 1628 796 1663 assideant.
821 1628 853 1662 ln
870 1627 939 1662 aliis
953 1637 1056 1663 autem

308 1680 395 1719 locis,
429 1687 489 1713 tam
514 1679 543 1713 in
572 1677 667 1713 Curia
696 1691 788 1725 quam
813 1686 916 1721 extra,
941 1679 1058 1725 ubique

306 1730 445 1776 gentium
483 1738 576 1774 atque
604 1736 769 1768 teri-aium,
804 1727 1059 1783 archiepiscopos

306 1787 335 1812 et
357 1778 525 1825 episcopos
547 1789 658 1811 omnes
673 1777 784 1810 notarii
811 1778 906 1811 nostri
921 1790 1058 1824 sequan-

306 1837 354 1862 tur
376 1827 485 1882 eisque
512 1827 644 1869 cedant
668 1835 696 1860 et
721 1826 804 1873 quod
842 1826 870 1860 in
899 1827 1056 1873 episcopis

306 1877 482 1916 sancimus,
510 1875 546 1910 ad
574 1875 788 1910 Ecclesiarum
819 1876 1056 1915 cathedralium,

305 1925 488 1960 auctoritate
529 1924 712 1971 apostolica,
740 1924 856 1958 electos
887 1925 1001 1971 pariter
1029 1934 1057 1960 et

305 1974 506 2009 confirmatos
528 1974 739 2008 extendimus.

355 2023 439 2058 Nulli
463 2035 538 2069 ergo
564 2031 616 2057 etc.

356 2072 469 2107 Datum
487 2072 645 2116 Mantuae,
659 2084 742 2107 auno
757 2071 985 2106 lucarnationis
999 2073 1059 2106 do—

308 2122 438 2156 minicae
458 2121 625 2156 millesimo
639 2121 950 2168 quadringentesimo
969 2122 1059 2168 quin-

306 2171 489 2218 quagesimo
517 2183 611 2211 nono,
637 2171 734 2217 pridie
759 2171 828 2204 idus
854 2171 942 2212 iunii,
972 2184 1058 2217 pon-

307 2222 441 2255 tilicatus
464 2220 561 2255 nostri
586 2232 669 2254 anuo
699 2219 810 2266 primo,

359 2273 419 2303 Dat.
436 2273 483 2303 die
506 2272 542 2302 ta
566 2272 638 2303 iunii
659 2273 745 2310 1459,
765 2273 866 2312 pontif.
886 2283 962 2302 anno
986 2282 1002 2303 i.

659 2375 712 2410 VI.

360 2443 479 2476 Erectio
504 2443 715 2477 Universitalis
734 2443 935 2476 Nanneiansis
954 2446 1007 2485 (Ι).

575 2503 789 2534 SUMMARtUM

309 2551 460 2581 l'rael‘atio.
489 2568 528 2573 —
557 2552 583 2581 1.
612 2551 830 2581 Catliedralium
860 2561 1001 2581 numerus
1030 2554 1057 2581 in

348 2590 513 2620 Britanniae
539 2591 657 2621 ducatu.
679 2608 718 2613 —
740 2592 767 2620 9..
790 2591 820 2620 ln
843 2592 959 2621 civitate
982 2590 1059 2621 Nau-

310 2683 323 2700 γ
342 2640 570 2709 (ρὲἕΕῗὸἱῖὡιοι-ἰε
587 2640 709 2666 Univers¹
731 2640 856 2666 Parisien.
874 2639 974 2671 Bulaei‚
993 2644 1057 2666 tom.

387 2718 459 2749 Bult.
481 2718 556 2749 Rom.
585 2719 638 2748 Vol.
663 2719 690 2749 V.
854 2718 891 2750 :20

1731 280 1794 314 ¹53
1862 294 1909 319 An.
1929 294 1956 319 c.
1979 292 2044 319 inco

1135 351 1191 375 net.
1224 345 1447 375 Universitatem
1480 344 1551 383 erigi
1589 345 1716 374 mandat.
1748 362 1786 366 —
1819 347 1845 374 3.

1135 386 1298 424 Episcopus
1322 385 1444 415 Νῑιιιιι(3.ι
1469 384 1671 414 Universa—nis
1695 385 1845 413 caucella—

1136 427 1197 454 rius
1231 427 1396 464 deput:·itui.
1420 441 1458 446 —
1485 425 1513 454 4
1532 425 1576 453 Gr.
1573 425 1645 453 ·idus
1669 429 1696 452 et
1720 424 1795 460 insig„¹
1800 426 1845 454 nia

1135 465 1296 504 recipiendi
1317 465 1414 494 ft‘tcult
1408 474 1450 493 ts
1461 463 1529 493 -lss
1534 464 1626 493 isdem
1641 473 1707 501 prai-
1712 473 1770 501 tog·
1774 464 1847 492 itivuss

1136 510 1163 534 et
1176 505 1299 549 privileg
1293 505 1554 534 lacuttce.tlttttlttt‘
1572 521 1608 524 —
1627 504 1654 531 ἴ.)
1672 503 1848 532 Commissio

1136 545 1276 589 episcopo
1298 553 1349 584 pro
1373 550 1502 581 te·mpo1e
1530 548 1559 572 ut
1581 543 1735 572 concessis
1759 543 1849 581 privi-

1138 584 1181 621 leg
1167 585 1222 613 uiis
1246 594 1296 613 eos
1320 585 1360 613 uti
1385 585 1480 613 faciit
1508 599 1545 604 —
1575 584 1602 612 ὓ.
1625 582 1847 611 Conclusiones.

1184 646 1246 674 Pius
1262 646 1402 682 episcopus
1422 653 1519 674 servus
1537 652 1677 674 servorum
1696 644 1756 677 Dei.

1232 692 1265 719 ad
1292 692 1453 726 perpetuam
1481 691 1522 719 rei
1549 690 1715 718 memoriam.

1149 749 1418 788 lutei-felicitates,
1443 761 1520 795 quas
1541 749 1679 783 mortalis
1702 747 1796 782 bomo
1821 748 1851 782 in
1901 761 2013 781 emeram

1098 798 1156 831 liac
1182 798 1263 832 labili
1281 799 1339 831 vita
1355 810 1390 832 ex
1415 798 1497 831 dono
1512 797 1569 832 Dei
1585 798 1722 831 nancisci
1739 805 1852 843 potest,

1099 859 1132 880 ca
1151 860 1211 881 non
1230 848 1259 881 in
1278 847 1395 881 ultimis
1411 847 1585 893 computari
1603 855 1750 886 meretur,
1766 846 1851 893 quod

1101 907 1156 942 per
1195 896 1358 930 assiduum
1404 896 1543 929 studium
1586 895 1716 942 adipisci
1755 895 1854 929 valeat

1100 945 1250 979 scientiae
1273 945 1470 990 margaritam
1495 957 1575 991 quae
1600 945 1678 979 liene
1702 944 1854 990 beateque

1102 993 1224 1027 vivendi
1249 995 1328 1028 viam
1359 993 1499 1040 praebet⁷
1523 1001 1552 1027 ct
1581 995 1714 1039 peritum
1738 993 1776 1027 ab
1800 994 1855 1027 im-

1103 1044 1201 1089 perito
1224 1055 1279 1077 sua
1309 1043 1504 1089 preciositate
1529 1043 1620 1087 longe
1657 1042 1727 1076 facit
1756 1042 1856 1076 excel-

1102 1094 1180 1135 lere,
1215 1101 1243 1125 et
1271 1092 1308 1125 ad
1343 1091 1452 1125 mundi
1486 1104 1598 1125 arcana
1635 1091 1854 1137 cognoscenda

1101 1141 1239 1175 dilucide
1256 1141 1390 1184 inducit,
1404 1140 1591 1186 suffragatur
1615 1140 1759 1182 indoctis,
1775 1149 1803 1174 et
1823 1141 1853 1174 in

1103 1190 1211 1224 infimo
1234 1191 1302 1225 loco
1331 1199 1419 1224 natos
1439 1190 1557 1224 inducit
1581 1190 1609 1222 in
1639 1189 1785 1223 sublime.
1815 1189 1854 1223 Et

1104 1248 1269 1286 propterea
1296 1238 1395 1273 Sedes
1417 1239 1598 1286 Apostolica
1629 1251 1731 1272 rerum
1755 1238 1856 1285 spiri—

1103 1289 1233 1323 tualium
1251 1297 1280 1322 et
1296 1289 1387 1322 etiam
1401 1288 1623 1335 temporalium
1647 1290 1692 1331 (st)
1717 1287 1856 1321 cuiusvis

1104 1338 1268 1372 laudabilis
1295 1337 1435 1372 exercitii
1466 1345 1615 1384 perpetua
1650 1345 1680 1371 et
1707 1344 1857 1371 constans

1102 1387 1262 1427 adiutrix,
1287 1396 1319 1420 ut
1342 1399 1380 1421 eo
1403 1386 1525 1421 facilius
1549 1386 1693 1420 homines
1726 1385 1764 1419 ad
1793 1394 1855 1420 tam

1102 1437 1261 1471 excelsum
1286 1437 1441 1470 humanae
1475 1435 1665 1470 conditionis
1699 1435 1854 1481 fastigium

1102 1485 1341 1532 acquirendum,
1370 1493 1400 1519 et
1433 1485 1622 1532 acquisitum
1653 1485 1682 1518 in
1711 1483 1789 1518 alios
1811 1496 1856 1518 re-

1102 1535 1298 1570 fundendum
1327 1547 1452 1581 semper
1479 1547 1550 1569 cum
1574 1541 1744 1580 augmento
1767 1545 1855 1579 quae-

1101 1585 1149 1618 siti
1167 1584 1289 1618 facilius
1305 1584 1588 1623 iinlucantnr3cum
1603 1584 1732 1617 aliarum
1751 1595 1853 1617 rerum

1101 1633 1282 1668 distributio
1311 1645 1443 1668 massam
1470 1633 1587 1667 muniat
1616 1636 1672 1677 (2),
1705 1631 1854 1666 scientiae

1102 1695 1173 1717 vero
1192 1683 1440 1717 communicatio
1459 1691 1610 1730 quantum
1630 1683 1658 1715 in
1676 1681 1854 1728 pluresdif«

1102 1732 1253 1772 funditur,
1268 1741 1353 1767 tanto
1367 1745 1492 1777 semper
1509 1740 1661 1777 augeatur
1675 1739 1703 1765 et
1724 1739 1853 1771 crescat,

1102 1782 1170 1816 illos
1198 1782 1352 1821 hortatur,
1381 1782 1425 1815 eis
1454 1782 1518 1815 loca
1555 1788 1717 1828 praeparat
1741 1788 1771 1813 et
1795 1793 1854 1827 op·-

1102 1840 1253 1877 portunae
1277 1831 1509 1865 commoditatis
1527 1831 1640 1864 auxilia
1666 1830 1854 1876 impartitur,

1100 1880 1326 1915 catholicorum
1346 1881 1525 1927 principum
1545 1880 1622 1914 rotis
1646 1879 1854 1913 favorabiliter

1099 1930 1279 1964 annuendo

1149 1979 1168 2026 g
1192 1981 1222 2012 1
1246 1978 1327 2012 Cum
1353 1979 1469 2024 itaque
1492 1978 1572 2012 sicut
1596 1978 1788 2024 accepimus,
1810 1977 1854 2011 di·
1880 1989 2034 2010 cathedralem]

1101 2029 1199 2062 lectus
1222 2027 1305 2061 filius
1325 2027 1437 2061 nobilis
1460 2028 1506 2061 vir
1527 2027 1727 2065 Franciscus,
1749 2026 1852 2061 Brito-
1867 2026 1953 2071 Ῐᾙζξλζ
1958 2020 2052 2071 Ὑζβζυῖ

1102 2090 1177 2111 num
1201 2077 1276 2120 dux,
1299 2077 1345 2111 sui
1363 2077 1497 2111 ducatus
1520 2076 1712 2112 Britanniae
1738 2075 1766 2109 in
1787 2088 1850 2122 quo

1102 2139 1211 2161 noxem
1242 2126 1398 2160 Ecclesiae
1419 2125 1625 2169 cathedrales,
1647 2125 1787 2158 civitates
1811 2137 1851 2158 in-

1099 2176 1217 2222 signes,
1250 2184 1279 2209 et
1302 2175 1430 2209 totidem
1459 2152 1625 2209 dioeceses
1648 2173 1686 2208 ab
1716 2174 1850 2208 invicem

1100 2226 1276 2268 distinctae,
1305 2225 1450 2259 notabilia
1475 2224 1662 2258 monasteria
1695 2231 1725 2257 et
1753 2222 1851 2257 bene-

1101 2274 1169 2309 ficia
1192 2274 1416 2318 ecclesiastica,
1439 2273 1607 2308 saeculwiia
1636 2281 1665 2307 et
1685 2272 1851 2319 regularia,

1100 2324 1324 2372 copiosusque,
1352 2332 1412 2357 tim
1441 2299 1737 2358 ecclesiasticoroum
1757 2333 1850 2369 quam

1101 2373 1319 2412 saecularium,
1344 2373 1494 2406 nobilium
1525 2380 1555 2406 et
1584 2371 1770 2417 ignobilium
1795 2383 1851 2418 po-

1103 2423 1166 2470 puli
1190 2434 1341 2456 numerus
1369 2421 1556 2464 consistunt,
1579 2433 1613 2455 ac
1637 2420 1780 2455 eiusdem
1803 2432 1850 2467 po-

1103 2473 1165 2519 puli
1191 2480 1304 2506 statum
1330 2471 1503 2517 prosperari
1522 2449 1665 2516 ciipiens,
1688 2483 1723 2504 ac
1739 2482 1850 2515 cognov

1101 2534 1192 2556 scens
1206 2520 1302 2568 quod,
1317 2521 1341 2554 si
1366 2521 1395 2554 in
1410 2520 1511 2566 aliqua
1525 2520 1648 2554 civitate
1671 2519 1850 2553 earumdem

1101 2570 1249 2605 Studium
1267 2570 1384 2615 vigeret
1397 2570 1555 2604 literarum
1571 2569 1728 2614 gencrale,
1744 2580 1852 2614 quam—

1135 2641 1175 2675 (1)
1188 2640 1300 2667 Bulaeus
1309 2640 1350 2666 liic
1358 2639 1431 2666 addit
1442 2642 1551 2671 provida
1563 2641 1744 2664 ''ninistrncrix
1754 2637 1790 2672 (n.
1799 2638 1848 2673 r).

1135 2680 1174 2715 (2)
1193 2681 1252 2714 Leg.
1272 2680 1288 2705 f.
1306 2682 1412 2706 minua!
1433 2680 1470 2714 (n.
1489 2678 1536 2714 T.).
