2281 3251
80 301 130 326 An.
145 300 173 327 C.
195 300 259 327 llts18

85 655 200 676 ninere-im
210 662 260 682 prze-

78 687 158 707 scribit.

89 903 177 930 Capituli
194 904 259 923 etl'or-

77 935 147 954 matio.

91 1302 131 1323 Dos
143 1303 245 1329 episiosi.

93 2311 188 2331 Austriae
204 2312 263 2331 duci-

29 2339 41 2367 ιζ
81 2341 118 2362 bus
138 2343 169 2363 iun
190 2344 263 2367 patrn-

36 2370 46 2377 '
81 2375 140 2394 nutus
151 2376 261 2393 assertum.

916 300 952 322 ΡΑ
958 300 1032 323 t'LUs
1055 301 1062 322 1
1070 301 1077 322 Ι
1102 301 1148 323 PP.

273 363 301 388 et
324 355 412 389 titulo
440 354 642 400 insignimus;
669 365 821 400 sponsum
854 354 959 388 utilem
988 364 1017 389 et

274 404 421 439 idoneum
439 416 493 450 per
509 413 642 438 nostram
659 412 689 437 et
705 404 901 448 Apostolicae
925 405 1017 439 Sedis

274 453 511 499 providentiam,
539 461 696 487 annuente
725 453 879 496 Domino,
903 454 1015 500 praeli-

1683 290 1750 323 197

1059 368 1129 390 nem
1158 354 1339 389 eorumdem
1367 354 1554 395 decanatus,
1587 355 1744 390 cantoriae
1772 363 1803 390 et

1058 405 1218 439 custodiae
1261 404 1523 452 singulorumque
1562 405 1801 440 canonicatuum

1036 463 1087 495 ¹et
1122 454 1382 500 praebendarum,
1409 453 1591 488 vicariarum
1625 462 1656 488 et
1682 455 1803 502 cappel-

273 503 417 537 eiendum
438 511 715 549 consequuturam,
738 504 786 537 eui
817 503 896 537 idem
925 517 1017 550 spon·
1036 497 1038 520 t
1059 504 1209 538 laniarum
1232 503 1432 549 huiusmodi,
1447 503 1593 538 similiter
1613 503 1706 538 etiam
1730 516 1803 551 quo·

273 564 328 587 Sus
354 564 485 598 praecssc
513 553 608 586 valeat
636 561 663 585 et
694 551 854 598 prodesse.

1036 545 1038 600 l
1059 566 1264 600 rnmcumqne
1286 554 1415 588 aliorum
1435 553 1657 588 beneficiorum
1675 553 1703 587 in
1721 553 1803 588 dicta

323 604 384 645 §5.
400 601 528 636 Necnon
539 602 639 636 eidem
656 601 1014 636 Ecclesiaeterritorium
1036 605 1038 629 t
1059 602 1229 637 ViennenSi
1265 604 1386 638 civitate
1421 612 1450 638 et
1476 603 1544 638 eius
1570 602 1706 637 dioecesi
1734 603 1804 637 exi-

273 650 453 686 Viennense
479 660 508 686 et
535 650 723 697 infrascripti
754 652 845 685 castri
877 652 910 686 S.
934 652 1016 696 Viti,

273 712 344 735 cum
360 700 509 735 omnibus
523 702 588 735 suis
611 709 640 735 et
656 700 724 735 aliis
747 701 942 747 pertinentiis
960 713 1017 736 an-

274 750 377 797 tiquae
401 751 634 797 praepositurae
650 751 834 797 praedictae,
849 763 904 797 pro
920 751 1017 798 ipsius

273 800 410 835 dioecesi
432 801 629 846 assignamus
656 809 685 834 et
708 800 888 834 limitamus.

321 850 341 897 S
367 851 399 883 6.
416 848 565 884 Volentes
580 858 610 884 et
624 850 731 884 eadem
755 851 939 884 anctoritate
960 858 1019 884 sta-

273 907 396 933 tuentes
417 901 513 945 quod,
541 900 571 934 in
599 899 719 950 eadem*
737 899 879 934 Ecclesia
906 899 951 934 sic
986 899 1015 933 in

272 949 480 983 cathedralem
503 957 604 984 erecta
621 977 629 987 ,
661 948 739 983 aliae
766 961 875 983 omnes
901 957 930 982 et
957 949 1018 982 sin-

272 997 363 1044 gulae
381 998 562 1043 dignitates,
584 998 885 1039 administrationes,
905 998 1017 1038 officia,

272 1048 474 1082 canonicatus
501 1056 531 1082 et
553 1048 748 1095 praebendae
775 1060 810 1082 ac
839 1047 967 1082 vicariae
989 1055 1018 1082 et

272 1097 482 1144 cappellaniae
505 1097 535 1132 in
557 1110 594 1132 eo
610 1106 689 1132 statu
712 1106 742 1131 ct
764 1097 885 1138 robore,
907 1098 935 1131 in
955 1109 1018 1144 quo

272 1155 361 1181 antea
378 1147 509 1187 fuerant,
533 1155 603 1194 post
624 1147 812 1181 erectionem
838 1147 1017 1181 huiusmodi

273 1197 406 1231 existant
435 1204 464 1230 et
492 1204 642 1244 perpetuo
671 1205 828 1239 maneant,
855 1208 927 1230 cum
952 1196 1018 1230 fru-

273 1245 388 1286 ctibus,
405 1246 582 1281 redditibus
603 1254 633 1280 et
661 1246 863 1292 proventibus
891 1259 1018 1281 earum-

273 1295 364 1334 demz
394 1296 432 1329 ita
461 1303 565 1330 tamen
593 1296 677 1341 quod
707 1297 810 1330 omnia
838 1305 869 1330 et
896 1295 1017 1342 singula

274 1344 399 1379 mobilia
421 1353 449 1379 et
466 1345 634 1379 immobilia
651 1345 743 1385 bona,
757 1358 849 1392 quae,
863 1354 935 1379 ante
953 1357 1018 1380 ere—

273 1395 408 1428 ctionem
426 1394 622 1438 huiusmodi,
633 1396 670 1429 ad
683 1396 929 1442 praeposituram
944 1404 1015 1429 actu

273 1453 433 1479 vacantem
456 1445 494 1479 de
527 1445 594 1479 iure
618 1446 662 1479 vel
685 1445 914 1480 consuetudine
937 1457 1019 1491 quo-

275 1492 445 1528 modolibet
477 1494 693 1540 pertinebant,
726 1507 785 1528 una
812 1506 884 1529 cum
915 1504 1018 1529 castro

273 1542 307 1576 S.
324 1542 387 1577 Viti
404 1555 499 1590 prope
520 1543 731 1578 Viennensem
754 1544 910 1578 civitatem
928 1557 1019 1590 prae—

273 1592 388 1627 dictam
416 1600 446 1627 et
467 1593 720 1640 quibuscumque
739 1593 808 1627 aliis
830 1594 932 1627 dictae
963 1607 1019 1628 an-

275 1642 378 1689 tiquae
396 1643 629 1689 praepositurae
652 1643 817 1687 fructibuS,
834 1643 1019 1687 redditibus,

276 1692 493 1738 proventibus,
509 1693 640 1733 iuribus,
656 1693 909 1732 obventionibus,
927 1694 1019 1728 iuris-

275 1740 409 1776 dictione
422 1751 451 1776 et
466 1743 663 1788 pertinentiis
693 1743 860 1785 universiS,
874 1743 911 1777 ad
936 1755 1020 1777 men-

275 1802 340 1825 sam
377 1791 589 1839 episcopalem
616 1791 829 1826 Viennensem
862 1793 1020 1839 perpetuis

277 1839 530 1887 quibuscumque
559 1841 753 1888 temporibus
780 1843 955 1888 pertineant
990 1843 1018 1875 iu

278 1889 434 1931 futurarm
450 1899 602 1926 reservata
619 1900 719 1926 tamen
731 1904 768 1925 ex
783 1892 904 1938 eis,pro
921 1892 1020 1938 ipsius

277 1939 438 1974 Ecclesiae
452 1942 627 1987 praeposito
640 1953 694 1986 pro
711 1950 849 1986 tempore
864 1942 1020 1985 existenti,

277 2001 414 2036 congrua
439 1991 592 2036 portione,
615 2002 651 2024 ex
671 2003 731 2037 qua
755 1990 902 2025 decentet·
921 2004 953 2025 se
971 2004 1022 2024 va-

278 2039 337 2073 leat
375 2047 569 2080 sustentare;
610 2040 667 2074 nisi
701 2040 757 2087 ipsi
788 2042 1021 2087 praepositurae

277 2089 316 2123 de
337 2089 406 2123 aliis
429 2089 519 2124 novis
540 2089 714 2124 redditibus
739 2099 767 2124 et
790 2091 862 2125 dote
884 2103 1021 2136 congrua

278 2154 332 2188 per
354 2144 573 2189 imperatorem
599 2143 768 2190 praefatum
807 2144 1021 2190 provideatur,

277 2197 543 2242 quemadmodum
561 2197 650 2231 nobis
668 2197 819 2232 facturum
840 2198 1022 2245 spopondit.

326 2251 399 2297 57.
421 2250 462 2285 Et
496 2251 642 2298 insuper,
677 2252 855 2298 imperatori
885 2252 1023 2298 praelato

278 2304 408 2351 eiusque
432 2306 461 2339 in
478 2306 561 2340 dicto
583 2305 697 2340 ducatu
721 2306 867 2340 Austriae
894 2318 1023 2341 sncces-

278 2358 402 2394 soribus
415 2360 463 2395 ius
479 2368 660 2407 patronatus
670 2360 932 2407 acpraesentandi
954 2373 1024 2407 per-

278 2426 370 2448 sonas
393 2413 519 2449 idoneas
541 2414 571 2448 in
596 2415 819 2462 praepositum,
847 2415 1024 2454 decanum,

278 2477 436 2503 cantorem
454 2476 484 2502 et
498 2470 672 2513 custodem,
692 2481 814 2504 necnon
830 2469 868 2503 ad
884 2468 1025 2514 singulos

279 2522 482 2564 canonicatus
517 2532 547 2557 et
582 2523 775 2569 praebendas
789 2551 798 2561 ,
833 2523 962 2558 vicarias
996 2530 1025 2557 et

279 2577 488 2624 cappellani-as
511 2578 704 2617 huiusmodi,
720 2590 775 2625 pro
799 2578 856 2612 liae
880 2577 1024 2624 primaria

280 2631 359 2675 vice,
381 2639 409 2666 et
424 2631 578 2678 deinceps
599 2633 723 2678 quoties
747 2632 816 2665 illos
830 2643 937 2666 vacare
953 2644 1026 2666 eon-

281 2686 393 2734 tigerit:
418 2687 645 2722 institutionem
666 2698 737 2722 vero
759 2694 788 2722 et
810 2686 1025 2722 confirmatio-

1058 653 1219 694 stentinm,
1229 652 1312 687 dicto
1324 653 1474 700 episcopo
1482 652 1654 687 Viennensi
1665 665 1721 699 pro
1730 660 1804 687 tem·

1060 713 1133 747 pore
1157 702 1301 736 existenti
1317 702 1598 750 perpetuisl'ntnris
1611 702 1805 749 temporibus

1061 763 1267 785 reservamus.

1108 804 1122 843 g
1144 802 1176 834 8.
1195 801 1233 834 Et
1253 800 1470 841 nibilominus,
1494 801 1639 847 praelatis
1657 801 1804 849 episcopo

1059 858 1085 884 et
1115 850 1252 896 capitulo
1283 850 1396 884 edendi
1423 863 1639 898 quaecumque
1674 852 1806 886 rationa-

1060 899 1130 933 bilia
1161 908 1191 933 et
1216 900 1344 934 honesta
1372 908 1483 934 statuta
1517 909 1548 935 et
1579 901 1805 946 ordinationes,

1060 957 1150 993 prout
1174 950 1232 995 ipsi
1255 948 1414 983 Ecclesiae
1435 950 1603 984 convenire
1629 962 1806 997 conspexe-

1061 998 1143 1041 rint,
1166 999 1258 1032 etiam
1282 1011 1352 1032 cum
1375 999 1550 1033 adiectione
1583 1011 1753 1046 poenarum
1777 1009 1806 1035 et

1061 1047 1232 1082 iuramento
1243 1048 1384 1082 firmandi
1399 1060 1453 1095 pro
1464 1048 1585 1082 illorum
1595 1049 1806 1089 observantia,

1060 1098 1242 1132 auctoritate
1265 1098 1398 1144 praefata
1415 1125 1422 1136 ,
1447 1106 1554 1133 tenore
1583 1099 1806 1145 praesentium,

1061 1146 1236 1182 facultatem
1260 1147 1464 1181 concedimus
1497 1156 1528 1181 et
1554 1148 1646 1182 etiam
1670 1156 1807 1195 potesta-

1061 1204 1147 1236 tem;
1181 1196 1461 1231 constitutionibus
1495 1206 1524 1231 et
1557 1197 1809 1232 ordinationibus

1060 1246 1239 1292 apostolicis
1257 1255 1309 1280 aut
1333 1246 1402 1280 aliis
1425 1247 1455 1280 in
1478 1247 1669 1281 contrarium
1692 1247 1809 1281 sacien-

1061 1296 1143 1330 tibns
1165 1309 1226 1329 non
1248 1296 1446 1330 obstantibus
1472 1297 1740 1343 quibuscumque.

1109 1346 1182 1392 §9-
1210 1345 1295 1380 Nulli
1323 1358 1398 1391 ergo
1429 1345 1518 1380 liceat
1557 1346 1636 1380 lianc
1665 1347 1808 1393 paginam

1063 1404 1184 1429 nostrae
1207 1395 1434 1441 exemptionis,
1458 1395 1662 1440 liberationis,
1689 1396 1810 1431 consti-

1062 1445 1204 1487 tutionis,
1227 1445 1406 1489 erectionis,
1424 1445 1650 1491 insignitionis,
1673 1446 1810 1492 assigna-

1062 1495 1167 1537 tionis,
1190 1495 1396 1538 limitationis,
1412 1495 1529 1534 statnti,
1558 1495 1737 1536 voluntatis,
1760 1508 1811 1530 re-

1060 1544 1245 1578 servationis
1271 1553 1301 1578 et
1328 1544 1541 1579 concessionis
1564 1544 1731 1589 iufringere
1755 1553 1809 1578 etc.

1109 1594 1222 1628 Datum
1246 1594 1366 1628 Romae
1387 1594 1467 1640 apud
1490 1594 1641 1628 Sanctum
1671 1594 1809 1638 Petrum,

1061 1655 1142 1677 anno
1174 1643 1402 1678 lucar-nationis
1435 1643 1612 1678 dominicae
1644 1644 1810 1678 millesimo

1061 1693 1368 1739 quadringentesimo
1381 1694 1577 1738 sexagesimo
1588 1702 1708 1737 octavo,
1721 1693 1811 1740 quin-

1062 1743 1218 1777 todecimo
1241 1743 1389 1777 kalendas
1412 1742 1580 1787 februarii,
1609 1743 1809 1790 pontificatus

1063 1793 1158 1826 nostri
1181 1806 1262 1826 anno
1284 1793 1394 1839 quinto
1421 1795 1476 1835 (l).

1107 1846 1164 1875 Dat.
1184 1847 1230 1875 die
1250 1847 1282 1875 18
1299 1847 1423 1875 ianuarii
1443 1847 1527 1883 1468,
1545 1852 1620 1887 pont.
1638 1855 1714 1876 anno
1732 1855 1766 1875 tv.

1361 1976 1431 2010 viu
1459 1980 1516 2021 4⁶2).

1069 2050 1159 2088 Quoi!
1182 2050 1377 2092 monasteria,
1402 2050 1558 2093 prioratus
1580 2057 1605 2081 el
1633 2051 1696 2082 aliu
1724 2051 1812 2082 bene-

1114 2100 1184 2142 ficia
1207 2100 1414 2136 ecclesiastica,
1436 2107 1578 2143 perpetuo
1610 2100 1696 2132 αηὶια
1722 2106 1749 2131 ec
1777 2100 1813 2131 de

1115 2156 1208 2180 celero
1232 2161 1291 2181 nou
1315 2151 1470 2185 vacantia,
1496 2156 1651 2181 teneantur
1671 2160 1730 2181 rev.
1754 2148 1814 2181 Ca-

1116 2210 1214 2230 merae
1229 2199 1252 2230 A
1257 2199 1420 2241 postoli'rste
1430 2199 1532 2231 debita
1552 2199 1621 2231 iura
1637 2205 1662 2231 el
1676 2199 1812 2235 servitia,

1117 2255 1148 2280 ut
1187 2255 1309 2281 luxatu-
1332 2255 1413 2285 sunl,
1448 2255 1617 2292 praestare:
1649 2249 1715 2281 alia
1745 2259 1814 2280 vero

1115 2305 1263 2330 mirtulam
1289 2299 1456 2341 persolvere
1477 2298 1605 2341 st'nyulis
1640 2298 1812 2341 quindecim

1117 2360 1218 2380 uinus.

1334 2416 1547 2448 SUMMARlUM

1067 2471 1233 2500 Exordium.
1250 2487 1288 2492 —-
1309 2472 1330 2500 l.
1349 2471 1451 2500 Plures
1470 2471 1552 2501 Pont.
1571 2471 1658 2501 multa
1671 2470 1813 2501 beneficia

1108 2521 1247 2555 perpetuo
1277 2516 1440 2545 uuiverunt.
1467 2532 1506 2537 —
1529 2515 1557 2544 ⁶2.
1576 2514 1667 2553 Unde,
1696 2515 1732 2545 ob
1755 2524 1813 2545 non

1103 2578 1142 2613 (l)
1159 2578 1308 2610 Legendum
1323 2577 1420 2611 pontis.
1438 2587 1484 2604 un.
1502 2586 1540 2605 tv.
1558 2578 1612 2604 Hoc
1631 2577 1703 2604 ducti
1722 2584 1814 2604 errore

1067 2618 1176 2645 Romani
1194 2619 1316 2645 Editores
1333 2618 1399 2644 lianc
1413 2618 1473 2645 sub.
1492 2626 1567 2644 num.
1590 2617 1647 2644 vttt
1668 2621 1814 2651 posuerunt

1068 2657 1165 2684 bullam
1183 2660 1220 2691 (n.
1238 2658 1287 2691 τ.).
1327 2657 1365 2692 (9.)
1382 2658 1450 2684 Haec
1471 2659 1494 2684 in
1513 2657 1633 2684 Editioue
1660 2656 1735 2684 Rom.
1763 2656 1814 2684 sub

1070 2706 1142 2725 num.
1164 2698 1208 2725 ΠΙ
1225 2698 1357 2733 reperitur
1371 2700 1411 2733 (n.
1429 2706 1444 2724 τ
1457 2698 1478 2733 ).

1817 303 1866 328 An.
1886 302 1912 327 C.
1932 302 1997 328 ¹¹⁸6ss

1833 809 1928 830 facultas
1956 811 2003 836 epi-

1819 847 1884 868 ιιι-ειμι,
1905 846 1926 861 et
1943 843 2004 867 capi-

1820 871 1862 892 tulo
1889 873 1936 892 data
1960 877 2004 892 stu-

1820 906 1864 923 tuta
1886 904 2001 924 conficien—

1820 935 1847 955 di.

1857 1354 1973 1374 clausulae.
