2281 3251
247 240 293 264 An.
313 238 339 263 C.
361 238 422 264 1511

248 741 383 762 obstantibus
394 743 429 763 dc-

244 777 309 798 rapt.

495 229 562 260 *596

444 291 590 326 cedimus
627 291 808 337 providendi
831 290 916 337 quod
947 302 1007 323 non
1032 288 1195 333 reg-{istrata

444 343 652 376 instrumenta
677 341 881 385 registrentur
904 348 933 373 et
958 338 1145 376 validentnr,
1166 346 1196 371 et

444 403 500 438 pro
523 390 635 425 suturis
657 390 747 424 etiam
771 388 942 432 statuendi,
968 388 1006 421 ita
1038 396 1068 421 et
1098 388 1197 421 taliter

442 440 526 488 quod
558 440 687 474 omnino
724 439 929 484 registi-entur
946 465 955 480 ,
990 437 1057 471 sine
1093 445 1195 471 tamen

442 490 577 524 alicuius
593 488 799 535 praeiudicio,
814 496 856 531 et,
870 486 973 534 quoad
989 486 1092 520 futura
1109 485 1196 520 dum-

443 547 542 581 taxat,
564 538 712 585 quodque
739 535 1002 572 concessionibus
1038 543 1068 570 et
1101 535 1198 570 literis

444 587 623 623 buiusmodi
640 588 782 633 derogari
807 599 868 621 non
885 585 981 634 possit
995 585 1198 620 decernimus

442 646 472 672 et
494 637 701 672 declaramus.

491 687 512 733 g
534 690 567 721 4.
595 686 664 721 Non
693 686 893 721 obstantibus
915 685 1198 722 constitutionibus

443 746 472 771 et
499 735 752 771 ordinationibus
771 737 967 783 apostolicis,
990 749 1112 772 necnon
1129 747 1198 770 om-

444 786 536 821 nibus
551 794 581 821 et
599 785 736 832 singulis
752 786 878 832 quaein
897 786 1044 834 praefatis
1062 786 1131 821 aliis
1148 798 1199 819 no-

443 836 514 871 stris
537 836 635 870 literis
655 835 814 870 voluimus
838 848 899 871 uon
919 837 1055 877 obstare,
1075 835 1200 871 ceteris—

443 897 504 933 que
531 885 697 920 contrariis
719 885 987 934 quibuscumque.

491 935 578 970 Nulli
606 947 682 982 ergo
703 943 755 969 etc.

491 985 524 1020 Si
548 985 619 1032 quis
638 993 742 1020 autem
772 993 825 1019 etc.

490 1035 607 1069 Datum
635 1034 827 1078 Ravennae,
860 1047 943 1070 antio
970 1035 1200 1070 lucarnationis

442 1083 630 1125 dominicae,
653 1084 821 1119 millesimo
839 1084 1098 1131 quingentesimo
1111 1084 1199 1119 deei-

443 1146 494 1168 mo
509 1137 566 1178 (1),
581 1141 694 1168 octavo
714 1133 785 1168 idus
802 1134 917 1178 martii,
931 1135 1131 1182 pontificatus
1148 1146 1201 1168 no-

443 1191 496 1218 stri
520 1195 603 1218 anno
630 1191 751 1218 octavo.

488 1243 549 1274 Dat.
568 1244 614 1274 die
634 1246 651 1274 8
671 1245 767 1275 martii
792 1246 878 1283 1511,
897 1250 976 1285 pont.
1000 1255 1076 1277 anno
1099 1256 1158 1278 vm.

757 1395 888 1432 xxxlt.

446 1479 655 1523 Ret'nteyralio
690 1481 936 1524 congregationis
980 1482 1199 1515 monachornm

494 1530 528 1563 S.
550 1530 707 1562 Bernardi
722 1530 754 1562 in
769 1530 867 1563 Italia
886 1530 965 1563 Ord.
983 1531 1197 1569 Cisterciensis,

493 1579 532 1612 ab
550 1579 641 1612 Alex.
671 1580 714 1613 VI
726 1580 894 1617 institutae,
912 1580 943 1612 in
957 1581 1125 1624 provinciis
1137 1582 1201 1615 He-

493 1629 610 1662 truriae
631 1636 656 1662 et
680 1630 904 1668 Lombardiae,
931 1630 1084 1673 regularis
1099 1632 1202 1664 obser-

494 1680 630 1718 uantt'ae;
643 1680 909 1723 ordinationesque
930 1680 1011 1712 είιϊα
1031 1680 1202 1714 electionem

495 1739 531 1760 ac
549 1739 658 1761 munus
678 1730 891 1773 praelatorum
913 1729 1046 1762 eiusdem
1073 1742 1203 1775 couqre—

492 1784 638 1821 gatzonis.

713 1847 874 1877 Stultum
881 1847 926 1877 tut

446 1911 634 1941 Prooemium.
657 1929 695 1933 —
722 1912 744 1941 1.
777 1911 913 1941 Refertur
936 1917 1019 1942 tenor
1052 1913 1201 1943 constitu-

486 1955 574 1985 tionis
593 1955 733 1985 Alexand.
755 1954 860 1995 Vl,qni
885 1956 1129 1995 congregationes
1147 1957 1203 1987 Tn-

485 2001 564 2029 sciae
582 2005 609 2030 et
621 2000 814 2030 Lombardiae
832 2001 1023 2037 univerat,—
1038 2001 1064 2030 Ξ).
1078 2001 1109 2030 Ei
1125 2002 1201 2040 quod

485 2045 563 2075 idem
593 2046 732 2075 Alexand.
758 2046 866 2075 dietam
891 2046 1030 2075 unionem
1059 2048 1203 2076 revocarit

485 2095 513 2119 et
532 2090 638 2120 deinde
661 2090 763 2120 eadem
784 2090 854 2119 unio
877 2094 1006 2119 revocata
1032 2089 1095 2125 suit,
1120 2095 1151 2120 nt
1174 2093 1201 2121 in

485 2135 623 2174 capitulis
642 2135 775 2174 subseq.·,
789 2135 866 2164 —3.
879 2134 961 2170 Quod
976 2134 1056 2164 bulla
1074 2135 1154 2165 Alex.
1167 2136 1202 2165 Vt

485 2189 574 2219 super
596 2181 671 2210 dicta
696 2180 804 2210 unione
825 2180 864 2209 sit
886 2180 1032 2209 restituta.
1054 2196 1093 2201 -
1113 2181 1141 2209 4.
1165 2180 1203 2209 lte

485 2225 622 2264 capitulo,
647 2225 711 2255 eius
732 2225 823 2254 forma
844 2225 872 2254 in
898 2234 992 2263 eoque
1018 2225 1202 2263 peragendis.

485 2287 522 2291 -
548 2269 574 2298 5.
599 2269 637 2299 De
660 2270 857 2308 praelatorum
878 2269 1032 2305 electione,
1055 2286 1085 2289 —-
1110 2269 1136 2297 u.
1158 2269 1204 2298 Ai-

487 2314 625 2343 ternativa
650 2314 679 2343 in
706 2314 849 2344 electione
879 2313 1087 2352 praesidentis,
1116 2330 1153 2334 —
1179 2315 1203 2343 Τ.

487 2357 695 2388 Visitatoribus
714 2363 742 2388 et
761 2359 928 2388 visitatione
951 2357 1095 2391 facienda,
1117 2375 1155 2380 —-
1174 2360 1202 2387 8.

486 2401 673 2436 Monialibus,
690 2412 853 2441 earumque
878 2401 1064 2432 monasteriis
1084 2403 1205 2432 visitan-

486 2446 542 2476 dis.
560 2462 599 2468 -—
617 2446 644 2476 9.
664 2446 780 2476 Priores
801 2446 1009 2476 conventuales
1034 2455 1132 2475 vocem
1153 2448 1204 2476 lia-

486 2490 556 2520 bent
578 2491 607 2520 in
630 2491 768 2530 capitulo.
788 2508 825 2512 —
849 2492 894 2521 to.
918 2490 1077 2521 Monachus
1098 2491 1125 2519 in
1147 2501 1202 2520 una

486 2535 637 2574 provincia
673 2536 825 2575 protessus
858 2537 892 2565 ad
930 2536 1016 2565 aliam
1052 2535 1203 2565 transferri

540 2597 691 2633 Legendum
709 2598 817 2624 forsitan
837 2600 973 2624 undecimo
995 2601 1021 2624 ut
1048 2605 1108 2624 cum
1135 2605 1205 2623 anno

447 2637 541 2674 pontis.
561 2646 608 2665 vm
625 2642 755 2673 congruat
772 2638 810 2671 (n.
832 2638 882 2671 ·r.).

1027 236 1181 257 thLAlllL
1190 235 1213 256 Μ
1243 235 1371 256 11υ11Ᾱλ1
1382 236 1402 254 Μ

1280 296 1337 316 non
1358 290 1462 325 potest.
1478 302 1516 307 —
1535 286 1579 315 11.
1601 284 1774 315 Monasteria
1792 294 1806 313 a
1824 293 1876 313 sua
1897 292 1997 322 respe-

1277 331 1351 360 ctive
1372 330 1520 369 provincia
1539 330 1736 360 reformanda.
1752 346 1790 351 ——
1812 329 1854 358 12).
1874 327 1995 358 Praesi-

1279 375 1376 405 dentis
1396 374 1554 404 auctoritas
1578 375 1654 404 circa
1676 374 1836 404 electiones
1856 378 1883 404 et
1902 373 1998 412 priva-

1280 420 1374 449 tiones
1398 419 1621 449 monacborum.
1637 436 1674 441 —-
1691 419 1732 449 13.
1753 418 1907 456 l‘rivilegia
1922 428 1995 448 con-

1279 473 1361 493 cessa
1391 463 1578 502 provinciae,
1611 463 1694 492 alteri
1719 468 1788 493 sunt
1818 463 2001 493 communia.

1279 525 1317 530 —
1340 508 1385 537 1-1.
1411 507 1523 537 Literae
1543 512 1642 537 contra
1673 507 1833 546 praemissa
1862 507 1997 537 obtentae

1280 552 1378 581 nullae
1396 556 1476 586 sunt,
1491 551 1642 591 aliquibus
1656 552 1794 590 exceptis.
1809 568 1847 573 —
1864 551 1906 581 15.
1923 550 2000 590 Sup-

1280 597 1420 635 plicatum
1435 595 1529 634 Papae
1544 605 1595 634 pro
1607 596 1753 626 dictorum
1765 596 1997 625 confirmatione.

1280 658 1318 663 —
1338 642 1380 670 16.
1400 641 1469 670 Eam
1489 641 1624 670 concedit
1638 639 1741 670 lulius.
1760 639 2000 670 —17.0bsian-

1282 686 1353 715 tium
1378 685 1538 724 derogatio.

1319 747 1405 776 lulius
1424 747 1567 783 episcopus
1586 753 1682 775 servus
1702 753 1843 775 servorum
1862 746 1924 780 Dei,

1378 793 1411 821 ad
1435 793 1596 828 perpetuam
1619 792 1661 820 rei
1694 791 1865 820 memoriam.

1292 851 1339 885 Ex
1367 859 1514 898 paternae
1536 850 1674 885 caritatis
1697 849 1812 891 officio,
1839 850 1878 885 ad
1902 862 1937 885 ea
1962 852 1999 885 li-

1243 900 1354 935 benter
1377 900 1583 941 intendimus,
1601 912 1655 948 per
1677 911 1757 947 quae
1780 901 2000 947 congregatio-

1243 963 1319 985 num
1335 959 1365 985 et
1388 962 1604 997 personarum,
1627 950 1809 995 praesertim
1834 950 2000 997 religiosa-

1245 1013 1327 1040 rum,
1352 1001 1418 1047 paci
1444 1007 1472 1034 et
1495 999 1685 1034 concordiae
1699 999 1822 1034 consuli
1839 1001 1948 1047 possit,
1966 1011 1996 1035 ct

1242 1062 1276 1085 ea
1301 1062 1381 1097 quae
1403 1061 1498 1096 super
1521 1049 1581 1094 bis,
1606 1061 1661 1096 pro
1684 1049 1851 1084 concordia
1874 1057 1904 1084 et
1924 1062 2001 1097 pace

1242 1112 1351 1135 eornm
1370 1098 1498 1146 provide
1521 1099 1596 1133 facta
1621 1098 1716 1133 fuisse
1738 1097 1899 1139 dicuntur,
1914 1111 1952 1134 ne
1969 1100 1999 1134 in

1244 1149 1398 1184 recidivae
1420 1148 1633 1184 contentionis
1646 1148 1831 1195 scrupulum
1857 1148 2000 1184 relaban-

1244 1207 1305 1244 tur,
1336 1198 1390 1233 sed
1415 1199 1501 1233 firma
1529 1206 1558 1232 et
1582 1197 1699 1232 illibata
1724 1198 1904 1245 persistant,
1927 1211 1998 1233 cuin

1243 1261 1259 1283 a
1288 1248 1377 1283 nobis
1401 1248 1528 1295 petitur,
1555 1247 1728 1295 apostolico
1751 1247 1927 1283 munimine
1955 1261 2001 1283 ro-

1244 1298 1404 1333 boramus.

1293 1348 1312 1395 g
1330 1350 1359 1381 1.
1376 1347 1471 1387 Sane,
1484 1359 1540 1395 pro
1558 1354 1643 1395 parte
1658 1346 1847 1382 dilectorum
1865 1347 1999 1382 liliorum

1243 1397 1406 1442 abbatum,
1438 1397 1651 1444 praelatorum
1675 1404 1705 1431 et
1733 1405 1946 1432 conventuum
1972 1406 2002 1433 et

1246 1447 1507 1482 monasteriorum
1530 1446 1750 1481 Cisterciensis
1765 1446 1908 1487 Ordinis,
1930 1459 2002 1483 con-

1244 1497 1436 1544 gregationis
1458 1496 1689 1535 Lombardiae,
1718 1497 1872 1543 regularis
1890 1496 2002 1532 obser-

1246 1547 1380 1591 vantiae,
1406 1546 1496 1580 nobis
1519 1558 1622 1594 nuper
1644 1545 1780 1581 exhibita
1804 1546 1914 1594 petitio
1930 1559 2003 1582 con-

1246 1596 1363 1632 tinebat
1391 1596 1475 1643 qnod
1506 1604 1571 1631 orta
1597 1596 1718 1630 dudum
1749 1597 1830 1631 inter
1852 1596 1938 1644 ipsos
1965 1609 2002 1632 ex

1245 1655 1358 1691 una,et
1374 1646 1514 1687 abbates,
1532 1646 1686 1693 praelatos
1699 1654 1730 1681 et
1745 1656 1921 1681 conventus
1937 1659 2004 1681 mo-

1246 1697 1455 1731 nasteriorum
1479 1696 1552 1731 dieti
1582 1695 1723 1740 Ordinis,
1746 1696 2000 1743 congregationis

1244 1746 1391 1787 Tusciae,
1420 1746 1512 1780 etiam
1530 1745 1631 1780 dictae
1654 1745 1805 1792 regularis
1827 1745 2002 1781 observan-

1246 1796 1306 1830 tiae
1321 1798 1378 1840 (t),
1393 1808 1487 1843 super
1507 1807 1560 1836 eo,
1576 1794 1661 1842 quod
1678 1803 1845 1843 postquam
1867 1795 1919 1830 fel.
1941 1807 2001 1831 rec.

1246 1845 1426 1880 Alexander
1453 1845 1538 1892 Papa
1560 1844 1614 1884 Vl,
1640 1845 1866 1891 praedeeessor
1882 1853 2001 1887 noster,

1247 1907 1301 1941 per
1323 1895 1476 1942 quasdam
1499 1907 1573 1929 suas
1588 1894 1692 1929 literas
1713 1895 1896 1930 earumdem
1912 1895 2004 1930 Tliu-

1246 1945 1328 1979 sciae
1343 1953 1373 1978 et
1386 1944 1595 1979 Lombardiae
1613 1945 1848 1991 provinciarum
1870 1953 1924 1980 ecc.
1948 1947 2001 1990 (2).

1295 1995 1314 2041 S
1339 1996 1372 2028 2.
1401 1993 1487 2028 ldem
1517 1994 1741 2039 praedecessor
1769 1994 1807 2029 ad
1835 1994 2001 2042 supplica-

1247 2043 1364 2078 tionem
1381 2043 1450 2091 piae
1467 2044 1637 2079 memoriae
1650 2043 1698 2078 Pii
1713 2043 1817 2091 Papae
1838 2043 1893 2089 Ill,
1908 2044 2001 2080 etiam

1249 2093 1502 2140 praedecessoris
1525 2094 1635 2133 nostri,
1666 2101 1741 2128 tnnc
1770 2095 1800 2128 in
1829 2094 2003 2129 minoribus

1246 2143 1407 2178 constituti
1421 2151 1450 2177 et
1461 2143 1494 2177 S.
1512 2142 1672 2178 Eustachii
1687 2143 1809 2178 diaconi
1825 2143 2002 2185 cardinalis,

1247 2201 1277 2227 et
1299 2193 1555 2239 congregationis
1567 2192 1601 2227 S.
1620 2192 1773 2227 Bernardi
1799 2193 1829 2227 in
1854 2192 1951 2237 ltalia,
1965 2205 2001 2228 ae

1248 2242 1347 2278 bonae
1364 2243 1536 2277 memoriae
1555 2242 1598 2276 Io.
1614 2242 1772 2289 Baptistae
1786 2242 1831 2277 tit.
1848 2242 1898 2278 Ss.
1915 2243 2003 2278 loan-

1249 2293 1297 2327 nis
1319 2301 1348 2326 et
1371 2292 1471 2332 Pauli,
1500 2291 1758 2339 presbyterorum
1783 2292 2003 2335 cardinalium,

1248 2342 1342 2376 totins
1360 2341 1491 2376 Ordinis
1506 2341 1661 2376 eiusmodi
1679 2350 1907 2389 protectorum,
1923 2355 2004 2378 non-

1248 2391 1344 2426 nullis
1359 2392 1498 2426 monacis
1513 2391 1768 2437 congregationis
1781 2391 1918 2427 Tusciae
1929 2405 2004 2439 pro-

1247 2441 1431 2476 curantibus
1447 2469 1454 2482 ,
1479 2453 1535 2488 per
1555 2441 1632 2475 alias
1648 2454 1722 2475 suas
1748 2441 1868 2488 priores
1898 2440 2004 2477 literas

1249 2491 1423 2538 praedictas
1453 2490 1612 2525 'l‘liuseiac
1639 2498 1669 2525 et
1697 2490 1906 2526 Lornbardiae
1930 2504 2004 2539 pro-

1285 2557 1324 2592 (t)
1344 2558 1447 2583 Desunt
1458 2557 1568 2583 tortasse
1581 2555 1661 2584 verba
1673 2565 1704 2582 cx
1714 2558 1801 2582 alteru
1815 2561 1906 2590 parte,
1918 2566 2002 2590 qnae-

1248 2599 1297 2622 seio
1314 2598 1352 2631 (n.
1369 2597 1419 2631 Τ.).
1458 2596 1497 2632 (2)
1520 2596 1579 2623 Vid.
1599 2595 1741 2622 Alexandri
1755 2596 1787 2622 vt
1807 2597 1911 2630 Const„
1932 2606 2001 2633 quae

1248 2636 1338 2671 incipit
1356 2637 1504 2669 plantatus,
1524 2644 1597 2663 num.
1616 2644 1644 2668 x,
1664 2644 1722 2671 pag.
1742 2636 1800 2662 572.

2011 229 2062 256 An.
2080 229 2109 255 C.
2129 229 2191 256 1511

2045 867 2174 886 tuna-unum.

2033 1359 2129 1380 lton-itm·
2142 1363 2203 1380 tenor

2019 1392 2128 1411 miiistitut.
2153 1391 2205 1410 Ate—

2020 1423 2091 1442 xandri
2112 1421 2145 1443 Vl.
2170 1423 2204 1448 qni

2019 1454 2196 1479 congregatione<

2018 1486 2105 1506 Tusciae
2114 1488 2135 1505 et
2147 1483 2205 1504 Lorn-

2019 1517 2105 1537 isanriae
2128 1516 2204 1536 univc-

2033 2005 2056 2026 Ei
2073 2006 2126 2033 qnod
2150 2006 2204 2026 idem

2020 2036 2079 2057 Alar-
2091 2038 2168 2057 dictam
2178 2042 2205 2056 ιι-

2020 2068 2104 2087 nionem
2114 2072 2207 2087 revom—

2020 2099 2060 2120 vii.
2085 2101 2105 2119 et
2128 2099 2206 2118 deiude

2020 2130 2093 2149 eadem
2105 2129 2153 2149 uuio
2169 2133 2206 2148 re-

2020 2163 2095 2180 vocata
2117 2159 2167 2184 tuit,
2183 2162 2205 2179 ut

2021 2197 2040 2211 m
2051 2191 2150 2217 capitulis
2159 2190 2207 2211 sub-

2021 2227 2079 2250 §cq.;
