2281 3251
98 272 147 300 An.
163 272 191 299 C.
213 273 273 300 1511

122 2060 177 2081 Lora
188 2061 258 2082 etiam,
271 2061 290 2080 tn

109 2095 183 2121 quibus
193 2091 293 2112 conciliu-

109 2126 157 2146 bnla
179 2124 232 2147 fieti,
259 2121 292 2141 vel

110 2161 182 2177 eoi-um
195 2157 293 2174 auctores

110 2191 147 2207 011.
156 2186 232 2206 decliu.
241 2190 294 2204 con-

110 2219 193 2244 tigerit,
219 2216 292 2236 eccle-

111 2249 197 2270 siastico
215 2252 295 2273 suppo-

112 2282 142 2302 nit
164 2279 294 2302 interint-103

943 262 1046 284 tultis
1071 262 1091 283 ΙΙ
1116 263 1162 283 ΙΨ.

1133 321 1152 360 ᾗ
1178 317 1232 347 18.
1257 313 1296 346 Et
1320 309 1537 347 nihilominus,
1560 306 1672 340 bonam
1690 302 1838 338 intentio·
1867 310 1898 329 ὃ·

1086 378 1155 397 ιιι-111
1180 370 1317 397 nostram
1334 359 1445 406 exequi
1468 358 1620 398 volentes,
1644 362 1675 388 ut
1691 354 1837 399 antiquae
1854 348 1954 391 ,.Ῑ’],“,“,’,ζ“’““
1984 348 2021 390 ''J''

1854 410 1894 423 nun
1914 402 2035 422 Romame-

1854 434 1991 456 letmnitunt,
2017 439 2027 451 t·

1854 472 1890 491 pio
1907 464 2038 490 11141131»ῐί-

1854 496 1879 515 lis
1897 495 1945 515 1712
1961 495 2039 513 incho-

1854 533 1937 552 311111111,
1953 526 2023 546 indicit
2034 532 2038 547 ;

296 325 341 360 vcl
364 322 556 370 regularium
573 348 581 361 ‚
607 319 773 354 feudorum
791 344 800 362 ,
828 316 1040 355 indultorum,

294 373 545 422 privilegiorum,
573 368 830 410 concessionum,
859 366 1040 401 facultatum

294 432 324 459 et
346 423 528 470 gratiarum,
555 416 776 467 privationum,
799 417 867 463 ipso
890 416 981 454 facto,
1000 415 1042 448 in-

294 473 406 508 famiae
428 479 458 506 et
486 470 553 504 aliis
576 469 606 502 in
635 466 845 501 universalem
868 465 1041 499 Ecclesiam

294 521 545 557 scandalizantes
561 546 570 557 ‚
598 525 627 552 et
649 516 785 551 schisma
810 516 839 549 in
864 526 899 548 ea
922 514 1043 548 discor-

294 572 444 617 diamque
477 568 687 606 suscitantes,
715 566 825 611 cisque
859 563 1043 603 consilinm,

294 620 445 655 auxilium
474 618 522 652 vel
551 616 687 651 favorem
718 621 923 661 praestantes,
952 622 1042 647 tama

295 671 361 705 iure
387 680 483 716 quam
511 666 589 701 alias
617 664 824 712 promulgatis
856 672 886 696 et
916 661 1045 695 indit-tis

295 716 619 767 poenis,inliibe1nus.
648 714 778 748 Necnon
802 712 920 745 eisdem
943 710 1045 745 cardi-

296 768 432 812 nalibus,
454 767 508 813 qui
531 778 547 800 a
571 764 662 798 nobis
685 770 896 804 recesserunt,
913 768 945 794 ut
961 771 1046 806 prae-

295 818 449 857 fertur-,ac
463 814 613 851 omnibus
624 822 651 848 et
661 811 803 858 singulis,
816 811 1045 855 cuiuscumque

295 867 470 913 dignitatis,
492 872 610 907 status,
637 862 765 909 graduS,
789 860 919 898 ordinis,
943 858 1047 905 quali-

296 918 386 959 tatis,
408 914 620 955 conditionis,
644 909 910 958 praeeminentiae,
939 915 1046 942 aucto—

297 966 396 1000 ritatis
418 972 448 999 et
470 962 641 998 nobilitatis
663 959 871 995 existentibus
887 986 895 997 ,
918 966 948 991 et
969 969 1049 1003 qna-

296 1026 435 1060 cumque
457 1011 683 1050 ecclesiastica,
707 1010 802 1044 etiam
826 1006 1048 1044 cardinalatus,

298 1063 496 1111 patriarchali
515 1090 523 1102 ,
552 1059 710 1107 primitiali
727 1086 736 1102 ,
764 1056 1022 1102 archiepiscopali
1040 1082 1049 1098 ,

297 1112 482 1160 episcopali,
509 1109 655 1145 abbatiali
679 1121 734 1142 seu
757 1106 924 1148 saeculari,
942 1104 1050 1150 regali,

300 1162 429 1208 reginali
452 1173 488 1196 ac
510 1160 602 1194 etiam
627 1156 780 1204 imperiali
803 1167 839 1189 ac
857 1154 924 1188 aliis
946 1153 1050 1199 digni-

300 1211 416 1246 tatibus
442 1219 471 1244 et
501 1207 746 1256 praeeminentiis
782 1203 992 1250 fulgentibus,
1021 1210 1051 1237 et

300 1272 379 1308 qnos
392 1260 430 1294 ab
445 1259 532 1294 omni
555 1256 679 1291 vinculo
703 1254 883 1295 iuramenti,
911 1264 1053 1286 conven-

301 1310 417 1353 tionis,
444 1305 646 1352 obligationis
680 1312 710 1340 et
744 1302 963 1351 promissionis
999 1313 1053 1347 per

301 1372 354 1395 eos
371 1359 475 1393 forsan
498 1357 663 1399 factarum,
683 1362 847 1401 propterea
861 1351 1053 1385 absolvimus

301 1417 331 1444 et
364 1407 556 1447 liberamus,
584 1417 620 1440 ac
654 1403 814 1439 absolutos
843 1410 872 1436 et
905 1401 1053 1435 liberatos

301 1458 366 1493 fore
389 1457 589 1499 nunciamus,
618 1466 656 1488 ne
683 1451 921 1491 indictionibus,
950 1450 1053 1496 publi-

301 1507 480 1543 cationibus
502 1514 532 1540 et
554 1502 838 1539 convocationibus
874 1500 1054 1548 praedictis,

302 1557 518 1603 omnibusque
549 1554 620 1589 aliis
647 1560 677 1587 et
698 1551 836 1597 singulis
863 1562 918 1596 per
945 1561 1053 1583 eorum

303 1608 453 1653 aliquem,
476 1613 509 1640 ut
533 1603 719 1651 praefertur,
742 1601 843 1644 sactis,
866 1599 984 1633 directe
1008 1598 1054 1632 vel

304 1656 469 1698 indirecte,
492 1654 586 1690 tacite
608 1652 656 1686 vel
680 1662 839 1697 expresse,
861 1662 917 1683 seu
946 1648 1056 1695 quovis

304 1705 447 1753 quaesito
475 1704 579 1738 colore
601 1702 803 1741 adhaereant,
826 1698 989 1737 accedant,
1013 1697 1058 1730 in-

305 1755 427 1795 tersint,
443 1753 604 1793 obediant,
627 1751 784 1789 assistant,
807 1748 989 1790 consilium,
1005 1759 1056 1780 au-

304 1805 415 1840 xilium
439 1803 484 1837 vel
507 1802 643 1837 favorem
665 1807 835 1847 praestent,
851 1805 903 1832 aut
923 1808 1058 1844 quomo—

305 1854 423 1889 dolibet
438 1852 656 1890 intendant,ut
673 1849 806 1896 pessima
824 1847 900 1882 facta
919 1850 975 1890 (t),
991 1846 1058 1880 suis

305 1903 467 1939 erroribus
494 1900 636 1944 confusa,
665 1907 824 1945 tamqnam
848 1896 963 1931 nebula
986 1895 1058 1929 dis—

306 1953 457 1990 solvatur,
480 1952 572 1986 etiam
602 1948 795 1984 inhibemus.

355 2002 375 2049 S
403 2004 460 2036 17.
493 2000 673 2046 Omniaque
695 2005 726 2032 et
758 1996 881 2042 singula
909 1994 1059 2033 civitates,

308 2061 406 2086 terras
427 2058 457 2086 et
478 2050 545 2084 loca
568 2059 802 2096 quaecumque,
824 2045 861 2080 ad
885 2056 965 2091 quae
994 2055 1061 2090 per-

310 2113 396 2135 versa
420 2099 576 2142 concilia,
608 2110 665 2132 seu
695 2096 798 2143 potius
825 2093 1034 2129 conciliabula
1053 2119 1060 2132 ,

309 2149 527 2185 schismaticas
549 2146 796 2185 conventiculas,
824 2155 999 2191 synagogas
1026 2153 1062 2175 ac

310 2199 460 2235 ecclesias
491 2197 730 2243 malignantium
758 2192 942 2228 huiusmodi
972 2191 1060 2225 indi-

311 2256 418 2285 centes
440 2257 469 2283 01
495 2247 541 2282 015
568 2246 774 2281 adhaerentes
789 2271 798 2287 ,
825 2241 1036 2277 obedientiam
1053 2267 1061 2283 ,

311 2299 494 2342 consilium,
515 2296 667 2332 auxilium
690 2293 735 2328 vel
752 2293 889 2327 favorem
912 2291 1063 2337 aliquem,

313 2357 348 2384 ut
363 2347 547 2396 praefertur,
564 2351 768 2393 praestantes,
783 2350 812 2376 et
830 2353 939 2376 eorum
956 2351 1064 2386 quem-

313 2398 389 2433 libet
425 2397 581 2431 declinare
613 2392 800 2439 contigerit,
832 2400 861 2425 et
889 2390 919 2424 in
947 2388 1064 2436 quibus

314 2446 446 2483 concilia
473 2458 527 2480 seu
543 2442 750 2479 conciliabula
770 2448 822 2475 aut
840 2439 988 2474 ecclesias
1005 2450 1066 2472 ma-

314 2495 504 2544 lignantium
538 2490 721 2528 huiusmodi
745 2489 894 2525 celebrari
917 2488 964 2522 vel
992 2499 1066 2521 eoa-

315 2545 428 2581 dunari
451 2552 481 2579 et
506 2542 691 2590 congregari
714 2539 896 2586 contigerit,
915 2537 1066 2573 ecclesia—

316 2596 394 2630 stico
415 2593 602 2629 subiicimus
630 2589 808 2627 interdicto.

353 2655 393 2691 (l)
409 2655 495 2682 Secta.

397 2699 472 2731 Ball.
491 2698 568 2730 Rom.
593 2697 647 2728 Vol.
674 2696 702 2727 Υ.
912 2694 948 2724 64

1717 239 1786 272 505

1085 414 1252 456 haereses,
1274 422 1355 457 quae
1384 422 1413 443 11]
1437 407 1568 441 diversis
1590 404 1835 440 christianorum

1087 462 1227 509 partibus
1251 460 1391 495 nondum
1415 458 1571 492 extinctae
1598 461 1683 494 sunt,
1710 460 1741 487 et
1764 463 1839 498 pes-

1085 513 1201 547 simum
1235 510 1355 544 noviter
1384 507 1541 554 pullulans
1569 504 1707 539 schisma
1734 501 1838 536 extin—

1086 569 1234 607 guantur,
1252 556 1530 602 reformationiqne
1555 564 1678 588 morum
1703 559 1763 585 tam
1785 562 1838 584 ec-

1087 609 1334 645 clesiasticarum
1362 619 1455 653 qnam
1491 602 1697 639 saecularium
1730 611 1840 647 perso-

1089 671 1211 698 narum,
1236 669 1316 704 quae
1335 655 1373 689 dc
1397 656 1463 689 iure
1480 662 1510 687 ct
1532 650 1774 691 consuetudine,
1788 660 1840 683 re-

1089 707 1264 743 formationi
1281 706 1326 739 vel
1345 702 1600 738 determinationi
1617 699 1741 735 concilii
1757 698 1842 732 sub-

1090 759 1258 799 iiciuntur,
1287 754 1505 799 bellorumque
1534 749 1767 785 imminentium
1790 759 1842 781 se-

1089 806 1204 841 dationi
1228 805 1420 842 consulatur,
1444 801 1618 847 unicuique
1640 798 1724 846 qnod
1748 809 1840 832 sunm

1090 864 1136 890 est
1168 855 1317 889 reddatur
1333 881 1340 891 ,
1371 852 1487 886 institia
1511 858 1540 884 et
1570 862 1628 896 pax
1651 860 1684 883 se
1707 847 1840 881 invicem

1090 905 1287 947 osculentur,
1314 902 1496 946 Christique
1525 899 1633 933 fideles
1656 899 1686 932 in
1711 908 1785 943 pace
1813 904 1843 930 et

1093 956 1224 993 unitate,
1239 954 1268 987 in
1293 952 1349 986 Dei
1365 950 1505 993 nomine,
1520 961 1582 982 non
1597 960 1635 982 ex
1659 946 1842 994 passionum

1093 1005 1280 1051 privatarum
1306 1000 1425 1043 fomite,
1447 999 1515 1045 qui,
1556 1005 1589 1031 ut
1617 1009 1655 1031 ex
1678 995 1775 1042 gestis
1793 995 1844 1028 di-

1093 1065 1255 1088 versorum
1285 1049 1489 1085 conciliorum
1518 1054 1664 1093 apparet,
1689 1045 1844 1091 pessimos

1092 1102 1222 1137 effectus
1263 1111 1371 1147 parere
1393 1096 1572 1135 consuevit,
1600 1093 1781 1139 congregati
1806 1092 1845 1126 ad

1093 1151 1272 1186 faciendum
1296 1147 1527 1193 expeditionem
1560 1152 1667 1179 contra
1701 1141 1846 1176 infideles

1095 1203 1154 1235 iam
1180 1212 1308 1245 regnum
1332 1196 1457 1232 Siciliae
1480 1194 1665 1229 infestantes
1680 1219 1689 1235 ,
1716 1191 1846 1225 meliora

1093 1263 1128 1285 ac
1153 1249 1306 1284 nobiliora
1330 1248 1396 1281 loca
1418 1245 1661 1279 christianorum
1686 1252 1847 1286 occupan-

1096 1309 1161 1342 tes,
1190 1298 1375 1346 praesertim
1403 1293 1600 1329 Hierusalem
1631 1301 1762 1326 matrem
1790 1301 1850 1323 no-

1095 1358 1189 1383 stram
1212 1349 1400 1394 antiquam,
1428 1353 1457 1378 et
1486 1356 1522 1377 ex
1551 1343 1678 1388 antiqua
1702 1340 1849 1373 christia-

1097 1411 1207 1433 norum
1244 1395 1432 1441 negligentia
1470 1391 1694 1439 deperditam,
1729 1388 1850 1423 facilius

1096 1458 1125 1482 et
1149 1448 1326 1495 promptius
1350 1443 1538 1482 intendant3
1567 1442 1595 1474 in
1626 1439 1753 1474 nomine
1776 1450 1851 1472 sau-

1098 1508 1162 1532 ctae
1190 1506 1219 1531 et
1253 1494 1434 1530 individuae
1467 1490 1656 1529 Trinitatis,
1689 1487 1791 1522 Patris
1821 1495 1851 1521 et

1098 1548 1168 1582 Filii
1191 1556 1220 1581 et
1243 1546 1383 1591 Spiritus
1398 1542 1518 1579 Sancti,
1543 1539 1729 1574 auctoritate
1745 1536 1851 1571 omni·

1100 1597 1234 1644 potentis
1262 1595 1318 1629 Dei
1360 1605 1395 1627 ac
1422 1592 1584 1626 beatorum
1608 1588 1691 1623 Petri
1716 1595 1743 1621 et
1762 1585 1850 1620 Pauli

1098 1646 1311 1693 apostolorum
1340 1645 1432 1681 eius,
1465 1652 1525 1687 qna
1563 1639 1592 1672 in
1622 1637 1712 1672 terris
1747 1635 1853 1681 fungi-

1100 1709 1182 1739 mur,
1204 1695 1243 1729 110
1267 1693 1362 1727 simili
1386 1689 1571 1726 eorumdem
1597 1688 1724 1722 fratrum
1747 1685 1854 1720 consi-

1099 1746 1141 1779 lio
1164 1754 1194 1779 et
1216 1756 1347 1778 assensu
1362 1770 1369 1781 ,
1393 1739 1653 1776 oecumenicum,
1678 1734 1854 1769 universale

1100 1805 1128 1830 et
1154 1793 1300 1840 generale
1323 1790 1510 1833 concilium,
1534 1788 1563 1821 in
1586 1787 1665 1821 alma
1689 1784 1776 1821 Urbe
1795 1796 1855 1818 no—

1100 1853 1175 1888 stra,
1195 1842 1358 1878 communi
1381 1840 1523 1875 omnium
1549 1837 1659 1884 patria,
1674 1835 1743 1869 loco
1757 1834 1855 1881 aptis-

1101 1895 1180 1928 simo
1208 1901 1237 1928 et
1273 1891 1443 1933 tutissimo,
1465 1887 1547 1935 apud
1576 1886 1779 1925 Lateranum,
1803 1882 1855 1917 ubi

1104 1944 1237 1991 plurima
1260 1941 1393 1976 concilia
1421 1951 1476 1985 per
1498 1937 1644 1982 antiquos
1672 1942 1775 1981 patres
1797 1945 1857 1967 no-

1102 2003 1184 2028 stros
1210 1992 1312 2026 hahita
1342 1989 1490 2027 fuerunt,
1513 1995 1543 2021 et
1566 1984 1747 2019 Altissimus
1770 1982 1855 2016 Petri

1102 2043 1218 2077 Sedem
1241 2039 1388 2075 collocari
1417 2037 1524 2076 voluit,
1540 2036 1799 2079 literatorumque
1825 2039 1857 2065 et

1105 2097 1275 2143 peritorum
1293 2104 1445 2128 numerus
1464 2090 1615 2136 copiosus
1627 2086 1770 2125 habetur,
1787 2094 1856 2130 post

1104 2151 1218 2185 festum
1236 2146 1490 2183 Resurrectionis
1516 2142 1644 2178 Domini
1668 2140 1765 2174 nostri
1787 2139 1858 2174 Iesu

1104 2205 1222 2239 Christi
1264 2202 1406 2250 proxime
1444 2200 1585 2233 futurum
1622 2193 1858 2237 inchoandum,

1105 2272 1187 2294 anno
1200 2258 1330 2293 Domini
1348 2255 1516 2290 millesimo
1530 2248 1788 2299 quingentesimo
1802 2247 1859 2282 de-

1106 2314 1188 2347 cimo
1202 2310 1353 2350 secundo,
1370 2309 1420 2343 die
1433 2308 1526 2341 lunae
1549 2305 1758 2339 decimanona
1773 2313 1861 2336 men-

1106 2367 1150 2402 sis
1176 2366 1286 2413 aprilis
1302 2392 1311 2409 ,
1339 2374 1420 2411 quae
1443 2361 1501 2395 erit
1524 2358 1598 2393 feria
1621 2356 1759 2392 secunda
1789 2362 1860 2402 post

1107 2428 1247 2456 octavam
1263 2417 1406 2453 eiusdem
1418 2411 1685 2450 Resurrectionis,
1703 2408 1860 2444 celebran-

1107 2474 1250 2517 dum,et,
1279 2480 1311 2506 ut
1333 2469 1490 2516 sequitur,
1509 2473 1635 2500 auctore
1658 2463 1808 2502 Domino,
1825 2461 1862 2494 fi-

1109 2528 1273 2570 niendum,
1286 2524 1485 2562 nunciamus,
1497 2520 1733 2568 {convocamus,
1748 2514 1863 2551 statui-

1110 2596 1193 2624 mus,
1208 2581 1378 2616 indicimus
1393 2585 1423 2612 et
1435 2575 1631 2613 ordinamus,
1641 2572 1712 2607 licet
1726 2582 1782 2606 nos
1796 2581 1860 2605 nou

1110 2639 1201 2673 lateat
1217 2636 1296 2670 lianc
1318 2644 1429 2668 novem
1444 2630 1601 2666 mensium
1621 2625 1857 2675 praefixionem,

1853 249 1902 274 An.
1921 248 1949 274 C.
1970 248 2031 275 1511

1899 316 1994 336 *rumque
2016 315 2025 327 Ρ
