2281 3251
221 247 273 275 An.
290 246 317 275 C.
338 247 404 275 15¹6

242 655 403 684 interdictaque

223 688 382 712 tcrletinticn,

220 1751 403 1780 &sign-tionibus

234 1784 392 1806 beneficiorum.

467 235 539 268 674

418 300 518 347 fragio
536 300 691 337 excusari,
707 310 778 333 eum
800 309 816 332 a
839 297 1061 332 communione
1085 296 1167 329 illius

419 351 574 386 abstinere
602 350 767 387 r,olumus
792 348 874 382 iuxta
903 346 1071 380 canonicas
1093 357 1167 379 san-

419 402 549 436 ctiones.
573 399 633 434 Per
651 399 708 433 hoc
726 406 828 431 tamen
846 396 1026 430 huiusmodi
1043 407 1167 430 excom-

419 451 607 489 municatos,
623 459 805 494 suspensOS,
817 446 1000 480 interdictos
1023 457 1076 480 seu
1092 457 1166 492 pro—

419 500 536 536 liibitos
550 511 610 533 uon
630 496 850 532 intendimus
845 509 872 529 tu
891 496 997 543 aliquo
1016 495 1165 538 relevare,

419 562 478 586 nec
504 550 549 584 eis
575 546 813 596 quomodolibet
839 545 1012 592 suffragari.

467 600 487 647 g
508 600 566 634 25.
591 598 630 633 Et
653 609 801 645 quoniam
825 608 862 631 ex
886 594 1168 630 indiscretainter-

419 650 572 685 dictorum
597 647 846 702 promulgatione
864 646 960 680 multa
984 656 1167 680 consueve—

417 708 490 735 runt
528 697 673 733 scandala
705 697 857 739 evenire,
884 695 1051 730 statuimus
1078 693 1161 742 quod

418 749 502 784 nulla
530 748 648 790 civitas,
671 746 838 794 oppidum,
855 755 1005 785 castrum,
1023 744 1094 779 xilla
1115 753 1167 778 aut

417 799 506 834 locus
532 798 745 833 ecclesiastico
779 796 917 843 supponi
942 795 1040 842 possit
1069 795 1168 828 inter-

417 849 516 892 dicto,
539 848 596 882 nisi
621 859 660 882 ex
686 858 779 881 causa
806 859 830 880 5
837 858 872 880 ve
900 846 990 892 culpa
1026 845 1165 891 ipsorum

417 899 557 934 locorum
580 906 632 932 aut
655 896 774 931 domini
797 908 852 931 seu
877 895 1006 930 rectoris
1029 894 1076 928 iel
1099 893 1168 928 offi-

417 948 555 987 cialium;
585 956 710 994 propter
738 946 861 992 culpam
885 954 988 980 antem
1012 957 1069 979 seu
1097 957 1168 978 cau-

417 1010 481 1033 sam
510 998 638 1032 alterius
661 997 890 1043 cuiuscumque
925 997 1060 1041 prii-atae
1097 1007 1168 1040 per-

416 1060 511 1083 sonae
534 1047 713 1081 huiusmodi
730 1047 793 1080 loca
810 1045 951 1079 interdici
968 1057 1166 1092 nequaquam

418 1105 552 1145 POSSllss,
576 1097 762 1132 auclOrilalss'
788 1108 990 1143 quaculllqtle
1012 1095 1167 1128 Ottllnat'la

416 1147 582 1194 delegata,
610 1147 667 1181 nisi
706 1147 773 1181 talis
802 1158 934 1192 persona
963 1145 1049 1192 prius
1076 1144 1168 1179 fuerit

415 1174 686 1233 excommiinicata
709 1208 745 1231 ac
766 1195 954 1230 denunciata
977 1207 1035 1230 seu
1058 1195 1088 1229 in
1112 1207 1168 1229 ec-

416 1247 510 1282 clesia
535 1247 703 1293 publicata,
726 1254 778 1280 aut
804 1246 922 1280 doniini
945 1257 1000 1280 sen
1032 1253 1169 1279 rectores

415 1298 462 1331 vel
485 1296 633 1332 officiales
655 1297 794 1341 ipsorum
810 1296 964 1334 locorum,
980 1295 1168 1330 auctoritate

416 1346 528 1381 indicis
551 1347 705 1395 requisiti,
730 1345 911 1380 huiusmodi
937 1357 1102 1393 personam
1119 1357 1170 1380 ex·

416 1397 690 1435 communicatam,
707 1396 783 1431 infra
799 1396 942 1435 biduum,
959 1396 1032 1430 inde
1045 1395 1169 1430 cumef-

416 1446 499 1482 sectu
517 1459 578 1481 non
594 1447 753 1486 eiecerint,
780 1455 833 1480 aut
852 1446 888 1481 ad
912 1445 1166 1480 satisfaciendum

416 1496 638 1543 compulerint3
650 1509 722 1543 tina,
734 1496 824 1530 etiam
838 1505 904 1542 post
915 1495 1044 1530 biduum
1055 1496 1166 1536 eiecta,

417 1548 582 1581 recedente
606 1546 651 1580 vel
674 1546 897 1589 satisfaciente,
914 1558 985 1580 mox
1003 1546 1040 1580 ad
1064 1546 1167 1581 divina

417 1598 531 1631 resumi
549 1597 656 1642 possit,
683 1596 767 1643 quod
784 1597 876 1631 etiam
896 1596 925 1630 in
956 1596 1168 1643 pendentibus

416 1645 521 1681 locum
551 1646 667 1681 habere
695 1647 906 1681 decernimus.

465 1696 485 1744 ἓ
507 1698 564 1731 26.
601 1696 731 1731 Necnon
761 1696 1030 1741 constitutionem,
1046 1696 1084 1731 (le
1107 1708 1168 1731 eo-

418 1746 561 1780 rumdem
590 1745 717 1781 fratrum
742 1756 922 1780 nostrorum
954 1755 1080 1781 sanctae
1102 1746 1169 1781 Ro-

418 1808 528 1830 manae
552 1796 709 1831 Ecclesiae
726 1796 934 1830 cardinalium
957 1797 1089 1831 consilio
1106 1797 1169 1831 edi-

418 1855 492 1886 tam,
505 1858 598 1893 quain
614 1858 686 1880 cum
704 1846 834 1880 irritanti
852 1846 979 1881 decreto
1002 1847 1168 1881 statuimus

417 1904 447 1930 et
469 1895 665 1930 decrevimus
680 1904 710 1931 et
726 1896 910 1931 ordinamus
929 1896 1013 1943 quod
1030 1905 1167 1941 extunc,

418 1945 457 1980 de
484 1954 619 1990 caetero,
642 1947 803 1994 perpetuis
824 1945 936 1980 futuris
958 1946 1168 1993 temporibus,

418 1995 612 2031 decessione
640 1996 803 2044 regiminis
825 2004 855 2030 et
885 1996 1169 2033 administrationis

418 2046 623 2082 ecclesiarum
647 2055 677 2082 et
701 2045 964 2081 monasteriorum
1007 2046 1084 2081 facta
1115 2060 1169 2094 pei

418 2114 484 2145 eos,
503 2102 556 2149 qui
585 2101 738 2142 ecclesiis,
768 2101 967 2135 monasteriis
990 2100 1066 2147 ipsis
1089 2114 1169 2148 prae-

419 2166 537 2201 erunt,
559 2169 616 2191 seu
644 2156 695 2191 illa
723 2157 753 2191 in
781 2155 1085 2191 administrationem
1113 2168 1169 2191 seu

420 2211 653 2251 commendam,
680 2219 732 2246 aut
755 2218 787 2245 ut
809 2210 878 2245 aliis
893 2210 991 2250 unita,
1014 2218 1068 2245 aut
1095 2210 1170 2245 alias

420 2266 616 2311 obtinebant,
638 2278 693 2301 seu
718 2266 928 2313 resignatione
951 2264 1081 2300 aliorum
1096 2277 1171 2312 quo-

421 2333 627 2368 rumcumque
642 2321 867 2356 beneficiorum
882 2319 1169 2355 ecclesiasticorum

421 2388 477 2411 seu
500 2376 641 2410 cessione
664 2376 740 2410 iuris
764 2375 793 2409 in
821 2375 866 2409 eis
893 2374 939 2409 vel
967 2374 1006 2409 ad
1029 2386 1063 2409 ea
1091 2386 1172 2422 quo-

422 2430 595 2466 modolibet
617 2430 837 2478 competentis,
852 2438 906 2465 aut
929 2429 1112 2477 privationis
1125 2429 1170 2464 rel

423 2485 629 2534 depositionis
644 2493 697 2520 aut
711 2497 915 2520 censurarum
940 2484 1172 2529 fulminatione,

424 2543 515 2577 etiam
546 2541 644 2577 literis
670 2540 850 2588 apostolicis
872 2553 888 2576 a
911 2540 1002 2576 nobis
1028 2548 1058 2575 et
1089 2539 1171 2575 Sede

424 2595 616 2644 Apostolica,
638 2597 731 2632 etiam
756 2604 840 2630 motu
865 2596 991 2644 proprio
1015 2602 1172 2643 protem-

424 2662 500 2700 pore
521 2650 684 2698 emanatis,
713 2662 793 2700 quae
817 2650 848 2686 in
870 2650 1017 2686 manibus
1038 2649 1172 2686 Romani

993 241 1131 265 numm
1137 241 1180 263 ΠΜ

1207 240 1370 263 ΒΟΜΑΝΠΜ

1211 295 1371 329 pontificis
1399 295 1495 329 factae
1522 294 1714 339 dicerentur,
1742 294 1910 336 contentis,
1925 308 1962 330 e-

1210 345 1281 379 tiam
1305 345 1330 379 si
1354 356 1449 392 super
1476 344 1536 379 illis
1559 345 1690 380 narratis
1716 344 1904 380 fundaretur
1919 345 1964 380 in-

1210 395 1319 435 tentio,
1349 403 1494 429 constare
1515 402 1546 429 et
1572 407 1724 442 apparere
1751 394 1880 430 deberet
1908 406 1964 442 per

1211 444 1335 492 publica
1371 444 1579 479 instrumenta
1612 445 1656 479 vel
1686 444 1877 480 documenta
1903 456 1964 480 au-

1210 495 1364 535 tlientica3
1397 494 1552 541 alioquin,
1577 502 1637 529 tam
1666 495 1697 529 in
1727 494 1845 530 iudicio
1867 506 1964 542 quarn

1209 553 1294 579 extra
1318 543 1410 589 illud,
1437 545 1610 579 narrativae
1626 551 1657 580 et
1674 544 1838 579 assertioni
1854 544 1966 580 huius-

1209 593 1293 629 modi
1317 594 1348 628 in
1377 593 1605 641 praeiudicium
1627 594 1708 628 tertii
1732 595 1863 629 minime
1877 596 1964 635 stari.

1210 656 1267 679 nec
1289 656 1327 678 ex
1350 644 1412 679 illis
1433 644 1526 679 alicui
1551 644 1778 691 praeiudicium
1793 644 1897 680 afferri
1915 645 1966 681 de·

1210 693 1296 735 bere,
1325 694 1383 729 uisi
1406 694 1445 729 de
1469 693 1652 729 huiusmodi
1681 694 1836 729 narrativa
1863 702 1894 729 et
1914 707 1967 730 as-

1209 745 1361 788 sertione,
1384 745 1475 779 etiam
1497 744 1528 778 in
1549 743 1649 778 literis
1672 744 1852 790 apostolicis
1874 743 1966 790 facta,

1209 794 1307 829 altero
1323 806 1360 828 ex
1383 793 1567 841 praemissis
1595 793 1697 828 modis
1723 793 1905 838 doceretur,
1923 794 1968 829 in-

1210 844 1538 891 novamus,illamque
1567 843 1726 890 perpetuis
1749 842 1862 879 futuris
1883 853 1966 880 tem-

1211 894 1340 942 poribus
1356 894 1576 928 inviolabiliter
1590 893 1747 928 observari
1765 894 1964 929 mandamus.

1258 945 1278 992 g
1299 946 1358 978 27.
1382 943 1422 979 Et
1443 944 1515 990 quia
1539 943 1576 978 ad
1604 943 1815 990 supradictam
1831 956 1965 979 concor·

1210 993 1294 1029 diam
1323 1006 1393 1028 cum
1416 993 1553 1041 praefato
1577 1005 1661 1039 rege,
1687 993 1728 1028 ob
1751 994 1835 1029 illius
1861 994 1967 1029 since-

1210 1057 1274 1078 ram
1299 1043 1500 1079 devotionem
1523 1055 1595 1089 erga
1619 1056 1676 1078 nos
1698 1051 1729 1078 et
1747 1042 1861 1079 Sedem
1881 1057 1964 1091 prae-

1211 1094 1326 1128 dictam
1355 1103 1531 1134 ostensam,
1565 1105 1637 1128 cum
1673 1093 1711 1128 ad
1745 1094 1965 1141 praestandam

1212 1144 1303 1179 uobis
1320 1144 1526 1179 reverentiam
1548 1151 1578 1178 et
1600 1143 1724 1178 filialem
1753 1143 1964 1180 obedientiam

1210 1194 1247 1228 ad
1276 1194 1433 1229 civitatem
1459 1201 1595 1228 nostram
1619 1193 1784 1229 Bononiae
1807 1206 1969 1241 persona-

1211 1244 1281 1279 liter
1296 1244 1437 1285 accessit,
1460 1244 1690 1283 consentimus,
1705 1244 1853 1291 illamque
1872 1244 1969 1279 invio-

1212 1294 1345 1329 labiliter
1363 1293 1522 1329 observari
1545 1293 1776 1338 desideramus,
1797 1294 1882 1329 illam
1902 1295 1967 1329 veri

1211 1353 1391 1379 contractus
1412 1353 1442 1378 et
1464 1343 1666 1390 obligationis
1689 1345 1769 1378 inter
1792 1356 1850 1379 nos
1871 1344 1968 1380 etSe-

1211 1394 1282 1430 dem
1305 1393 1522 1442 Apostolicam
1557 1393 1748 1441 praedictam
1771 1406 1809 1428 ex
1833 1406 1892 1429 una
1907 1422 1915 1436 ‚
1937 1403 1968 1430 et

1212 1444 1385 1491 praefatum
1415 1456 1520 1491 regem
1548 1453 1579 1478 et
1601 1455 1733 1490 regnum
1756 1456 1850 1478 suum
1874 1456 1912 1480 ex
1926 1444 1969 1479 al-

1211 1504 1274 1529 tera
1298 1494 1453 1542 partibus,
1474 1493 1613 1535 legitime
1641 1493 1710 1528 initi
1733 1493 1795 1529 vim
1818 1501 1850 1529 et
1871 1494 1969 1530 robur

1210 1544 1366 1580 obtinere.

1259 1595 1279 1643 ,ξ
1301 1596 1359 1630 28.
1386 1594 1435 1629 Ac
1454 1593 1498 1629 illi
1520 1602 1551 1628 et
1573 1593 1824 1641 praesentibus
1817 1607 1847 1629 tn
1862 1593 1967 1643 aliqua

1210 1645 1259 1680 sui
1291 1654 1388 1692 parte,
1417 1657 1471 1692 per
1489 1656 1707 1692 quascumque
1729 1644 1835 1679 literas
1851 1653 1967 1692 etgra-

1211 1695 1268 1729 tias
1280 1707 1334 1742 per
1350 1707 1406 1729 nos
1424 1703 1455 1730 et
1469 1706 1670 1729 successores
1685 1702 1810 1729 nostros
1828 1694 1967 1742 desuper

1210 1745 1612 1791 concedendas,derogari,
1635 1743 1874 1792 clausulamque
1892 1757 1965 1780 cum

1210 1795 1394 1830 earumdem
1418 1795 1623 1842 derogatione
1645 1795 1860 1841 praesentium
1884 1794 1966 1831 latis·

1210 1846 1291 1880 sime
1318 1844 1530 1885 extendenda,
1554 1857 1589 1879 ae
1616 1844 1700 1891 quod
1729 1844 1848 1880 eaedem
1868 1857 1967 1892 prae—

1211 1904 1316 1930 sentes
1332 1896 1438 1930 literae
1457 1903 1489 1929 et
1504 1906 1610 1929 earum
1630 1903 1719 1929 tenor
1736 1907 1792 1943 pro
1807 1895 1968 1942 expressis

1212 1945 1405 1986 habeantur,
1434 1945 1463 1979 in
1486 1944 1651 1992 quibusvis
1679 1945 1966 1992 supplicationibus

1212 2007 1268 2043 pro
1291 2005 1431 2043 tempore
1454 1995 1587 2041 signatis
1608 1995 1798 2050 appositam,
1822 1995 1899 2030 nihil
1916 2007 1968 2043 pe·

1211 2046 1295 2081 nitus
1331 2045 1479 2093 operari3
1502 2053 1532 2080 et
1554 2045 1638 2080 illius
1665 2044 1772 2092 vigore
1807 2046 1836 2080 in
1867 2045 1967 2080 literis

1211 2100 1407 2148 apostolicis,
1433 2111 1531 2148 super
1565 2099 1640 2147 ipsis
1676 2099 1967 2148 supplicationibus

1212 2155 1441 2200 conficiendis,
1463 2154 1634 2202 quicquam
1650 2181 1659 2199 ,
1682 2166 1737 2202 per
1763 2154 1848 2203 quod
1875 2166 1968 2203 prae-

1212 2209 1355 2245 sentibus
1376 2217 1431 2245 aut
1452 2208 1547 2244 alicui
1566 2208 1736 2257 particulae
1754 2209 1794 2245 de
1808 2210 1967 2245 contentis

1213 2265 1242 2299 in
1266 2265 1312 2300 eis
1334 2264 1539 2313 derogaretur
1557 2275 1612 2299 seu
1631 2263 1776 2311 derogari
1793 2264 1967 2305 videretur,

1213 2320 1331 2355 narrari
1356 2333 1417 2356 non
1441 2319 1552 2368 possit,
1574 2328 1604 2355 et
1631 2320 1689 2364 sic,
1717 2332 1772 2367 per
1793 2331 1967 2367 quoscum-

1213 2388 1275 2423 que
1298 2374 1440 2420 iudices,
1468 2375 1560 2409 etiam
1588 2374 1848 2419 commissarios,
1870 2373 1965 2408 etiam

1213 2442 1380 2466 causarum
1403 2430 1513 2465 Palatii
1539 2428 1716 2477 Apostolici
1747 2429 1908 2465 auditores
1935 2435 1967 2465 et

1215 2487 1369 2534 praefatae
1393 2486 1555 2522 Romanae
1577 2484 1740 2521 Ecclesiae
1766 2484 1965 2530 cardinales,

1215 2541 1244 2575 in
1272 2540 1436 2588 quibusvis
1457 2540 1560 2576 causis
1588 2551 1684 2588 super
1711 2539 1895 2587 praemissis
1916 2538 1965 2575 vel

1215 2607 1324 2630 eorum
1344 2595 1448 2644 aliquo
1467 2607 1524 2643 pro
1544 2603 1685 2643 tempore
1705 2594 1798 2629 motis
1821 2593 1965 2636 iudicari,

1214 2649 1339 2686 definiri
1361 2658 1392 2687 et
1418 2650 1599 2687 sententiari
1623 2649 1752 2697 debere,
1777 2648 1900 2686 sublata
1919 2648 1966 2686 eis

1978 243 2028 270 Αυ-
2045 243 2073 270 C.
2093 242 2160 269 15¹6

1994 959 2164 982 stabilimentum

1980 993 2050 1014 dietae
2073 997 2167 1014 coneor-

1980 1024 2027 1044 diae
2043 1029 2089 1044 cum
2104 1024 2166 1051 ipso-

1981 1057 2024 1075 met
2047 1060 2107 1081 rege,
2128 1055 2162 1082 qui

1981 1085 2079 1107 Bononioe
2091 1091 2165 1113 perso-

1980 1117 2040 1138 nalit.
2052 1117 2100 1138 huic
2112 1116 2167 1138 Pou-

1980 1149 2032 1170 uitet
2061 1149 2167 1170 obedien-

1982 1180 2032 1201 tiam
2050 1179 2165 1207 praefluit,

2007 1603 2044 1626 Cui
2068 1603 2166 1632 ‹toros-rt

1980 1641 2024 1657 non
2039 1641 2104 1662 poue
2127 1636 2168 1658 do·

1980 1668 2059 1689 carnit.
