2281 3251
151 260 199 288 An.
219 262 246 287 C.
266 261 325 289 1501

175 492 305 513 Prooeniiuni.

160 1188 181 1209 Β
205 1188 266 1210 Fraut
294 1197 330 1211 ·ιιε

147 1223 262 1242 eremitarii
251 1229 283 1242 ιιι
310 1224 329 1243 ιιι

148 1251 180 1272 lot·
171 1258 195 1271 to
219 1254 243 1273 de
268 1253 331 1274 muta

147 1283 262 1303 aeduin-,ex
277 1290 315 1305 rou

147 1315 245 1334 cessione
259 1315 330 1335 aretii-

148 1345 241 1372 episcopi
253 1346 330 1366 Cusen-

147 1375 192 1395 tini.

943 263 1141 286 At.t‹1x.txt›t‹;it
1172 264 1200 286 Vl
1230 263 1276 286 ΡΙ).

381 320 530 349 Alexander
548 320 687 356 episcopus
711 326 807 348 servus
831 327 971 350 sei-vorum
994 322 1054 355 Dei.

479 369 512 397 ad
543 370 702 405 perpetuam
728 369 768 398 roi
789 371 956 399 memoriam.

393 438 441 473 Ad
464 450 512 483 ea,
527 450 609 485 quae
631 439 712 473 circa
729 438 874 474 decorem
897 452 1003 475 sacrae
1025 440 1091 474 Re-

345 488 526 535 ligionishac
548 497 662 522 statum
687 501 893 535 personarum
921 490 980 524 sub
1008 490 1090 524 illius

344 538 433 573 suavi
461 539 534 584 iugo
568 538 597 571 in
622 538 793 573 voluntaria
824 547 1005 586 paupertate
1028 540 1089 575 de—

343 588 485 635 gentium
508 587 675 622 salubriter
702 588 934 634 dirigendarum
962 590 1089 624 tendere

345 646 539 682 noscuntur,
574 646 699 685 paterna
736 639 944 674 sollicitudine
966 640 1090 687 prospi-

344 688 477 728 cientes,
506 687 561 728 its,
583 700 664 734 quae
697 688 733 722 ad
767 689 826 723 hoc
860 698 919 723 tam
951 702 988 724 ex
1010 690 1090 735 Apo-

344 737 472 772 stolicae
493 736 586 772 Sedis
607 738 823 778 concessione,
845 751 938 785 quam
965 739 1088 785 provida

345 787 558 822 ministrorum
581 787 721 822 eiusdem
748 788 929 834 Religionis
961 789 1090 823 ordina-

344 837 428 872 tione
454 846 651 877 emanarunt,
687 837 829 878 libenter,
861 851 932 873 cum
960 851 976 873 a
1000 838 1091 873 nobis

345 887 483 932 petitur,
516 887 676 934 apostolici
713 887 880 923 adiicimus
907 889 1090 922 muniminis

344 936 535 974 firmitatem,
562 946 591 970 et
614 937 670 971 alia
693 949 788 984 super
806 937 867 972 hoc
894 938 1088 976 ordinamus

344 994 436 1032 prout
457 986 495 1021 ad
510 985 683 1032 Religionis
704 986 803 1033 ipsius
818 988 1088 1022 conservationem

343 1043 373 1070 et
394 1036 570 1070 animarum
598 1037 729 1071 salutem
755 1037 783 1070 in
811 1037 949 1072 Domino
972 1049 1089 1083 cogno-

343 1086 462 1120 scimus
489 1085 657 1121 salubriter
683 1086 841 1133 expedire.

393 1135 412 1182 g
435 1138 465 1169 t.
489 1135 617 1169 Dudum
640 1136 809 1182 siquidem,
828 1149 882 1183 pro
906 1144 990 1182 parte
1013 1136 1091 1170 dile-

345 1185 385 1220 cti
413 1185 466 1219 filii
493 1184 651 1219 Francisci
673 1185 712 1220 de
740 1185 849 1230 Paula,
873 1185 1001 1220 Ordinis
1028 1186 1090 1219 Mi-

346 1235 502 1269 nimorum
529 1235 660 1269 ministri
684 1235 849 1282 generalis,
873 1244 946 1270 tunc
976 1236 1090 1270 eremi-

320 1296 330 1299 ·
345 1292 392 1318 tae
405 1283 596 1318 Cusentiuae
608 1284 772 1324 dioecesis,
795 1285 845 1319 fel.
861 1285 982 1319 record.
1002 1285 1090 1319 Sixto

345 1333 447 1380 Papae
465 1343 588 1381 quarto,
611 1334 843 1381 praedecessori
867 1344 984 1379 nostro,
998 1347 1091 1381 expo-

344 1383 403 1418 sito
425 1384 510 1430 quod
538 1384 613 1418 olim
647 1392 736 1419 antea
759 1384 857 1420 bonae
889 1397 983 1419 niem.
1012 1385 1091 1432 Pyr-

346 1433 433 1477 rhus,
455 1433 710 1481 archiepiscopus
732 1433 938 1479 Cusentiuus,
963 1443 1037 1469 tunc
1059 1435 1089 1469 in

345 1483 490 1518 humanis
503 1495 610 1530 agens,
625 1483 727 1518 eidem
743 1483 924 1529 Francisco,
943 1492 975 1518 ut
989 1484 1091 1531 quod-

344 1532 414 1567 dam
438 1533 606 1568 oratorium
634 1534 699 1568 sive
726 1534 901 1578 ecclesiam,
924 1534 983 1568 sul)
1000 1547 1091 1569 voca-

346 1581 419 1617 bulo
446 1582 552 1618 Sancti
578 1582 763 1628 Fraiicisci,
790 1584 819 1617 in
850 1584 1019 1619 tenimento
1052 1584 1091 1618 de

345 1631 442 1667 Paula
465 1632 565 1667 dictae
589 1632 742 1667 dioecesis
776 1633 939 1668 aedificare
963 1643 1090 1681 posset

345 1680 501 1716 licentiam
517 1692 727 1724 concesseram
744 1683 810 1730 ipse
820 1683 1010 1718 Fiauciscus
1025 1697 1092 1718 oia-

345 1731 457 1766 torium
487 1732 693 1776 huiusmodi,
729 1734 864 1780 propriis
891 1734 1040 1768 manibus
1062 1742 1090 1768 et

344 1782 514 1828 expensis,
542 1794 615 1816 eum
637 1782 820 1817 dormitorio
844 1795 899 1830 pro
935 1784 1033 1830 ipsius
1056 1796 1090 1818 ac

343 1831 500 1866 sociorum
524 1844 654 1866 suorum
679 1845 736 1866 usu
757 1841 787 1867 et
808 1832 1011 1878 habitatione,
1035 1846 1090 1879 pro

343 1893 453 1936 magna
482 1890 569 1936 parte
595 1881 835 1937 aedificaverat,
864 1891 895 1917 et
922 1884 1090 1918 nonnullos

343 1931 445 1965 socios
467 1932 560 1966 vitam
585 1932 776 1967 eremiticam
793 1933 943 1967 ducentes
966 1945 1090 1980 recepe—

343 1988 399 2014 rat·
393 1980 539 2027 ‚ipseque
552 1981 821 2029 archiepiscopus,
838 1994 884 2029 pr
876 1983 1010 2017 testitum
1025 1995 1091 2017 oia-

343 2030 456 2064 torium
480 2031 543 2065 sive
566 2031 743 2075 ecclesiam,
765 2044 827 2066 una
846 2045 917 2067 cuin
941 2033 1090 2068 omnibns

343 2079 493 2115 membris
526 2088 556 2116 et
593 2080 790 2127 pertinentiis
821 2083 886 2116 suis
906 2111 914 2127 ,
953 2083 1090 2138 praef-ito

342 2128 510 2164 Francisco
541 2139 570 2165 et
599 2142 674 2165 suae
701 2132 934 2177 congregationi
965 2133 994 2166 in
1019 2145 1090 2180 pei-

343 2187 473 2234 petuuni
496 2180 677 2224 (Ιοῐιῑιιειῑιι,
704 2189 734 2215 et
761 2182 912 2216 nonnulla
934 2182 992 2216 alia
1015 2195 1090 2217 suae

342 2237 373 2264 et
387 2242 547 2265 sociorum
565 2230 798 2277 praedictorum
815 2231 972 2266 devotioni
995 2240 1025 2267 et
1041 2245 1091 2267 sa-

342 2278 399 2314 luti
422 2280 651 2324 convenientia,
678 2280 837 2315 salutifera
862 2290 892 2315 et
914 2291 1088 2328 opportuna

343 2339 554 2373 concesserat,
577 2330 693 2365 fecerat
714 2339 743 2365 et
759 2331 968 2373 ordinaverat,
988 2333 1090 2379 quod—

342 2396 404 2431 que
430 2385 598 2419 oratorium
638 2385 743 2433 ipsum
775 2385 878 2420 adhuc
911 2400 967 2433 pro
1001 2388 1089 2422 sulli—

342 2437 436 2473 cienti
457 2438 648 2474 habitatione
663 2439 825 2475 Francisci
847 2449 875 2475 et
889 2441 1088 2476 eremitarum

345 2492 573 2538 praedictorum
589 2494 762 2541 perfectum
778 2495 908 2530 omnino
932 2508 995 2531 non
1014 2505 1090 2541 erat,

344 2546 484 2594 illudque
506 2547 757 2584 christifidelium
780 2549 989 2597 eleemosynis
1019 2563 1089 2585 cuni

345 2601 529 2637 necessariis
545 2602 678 2638 officinis
702 2603 851 2639 continuo
873 2604 1090 2649 aedificabant,

344 2655 533 2704 ampliabant
557 2664 586 2691 et
605 2657 696 2693 etiam
713 2658 917 2703 exornabant,
936 2658 1091 2706 praefatus

1761 254 1824 287 581

1134 320 1243 354 Sixtus
1259 318 1490 366 praedecessor,
1513 326 1588 353 tunc
1609 318 1759 366 episcopo
1773 319 1878 354 Sancti

1134 369 1241 413 Mai-ci,
1256 369 1325 403 eins
1349 369 1476 415 proprio
1499 369 1626 404 nomine
1642 380 1704 403 non
1719 381 1879 416 expresso,

1133 419 1197 452 suis
1229 418 1314 453 dedit
1352 418 1448 453 literis
1476 419 1505 452 in
1543 418 1696 453 mandatis
1734 426 1768 453 ut
1797 419 1822 453 si
1850 428 1879 454 et

1135 477 1299 515 postquam
1323 469 1450 513 vocatis,
1468 468 1520 514 qui
1544 468 1645 503 forent
1666 468 1827 513 evocandi,
1842 469 1880 504 de

1134 518 1314 564 praemissis
1341 518 1399 552 silii
1424 519 1559 564 legitime
1582 526 1767 557 constaret,
1797 530 1880 553 con-

1135 568 1308 602 cessionem
1336 576 1366 602 et
1385 568 1489 602 literas
1509 568 1581 602 dicti
1605 567 1831 616 archiepiscopi
1851 577 1880 603 et

1134 617 1223 652 ineis
1238 625 1383 652 contenta
1398 630 1468 652 cum
1486 617 1686 664 suppletione
1700 618 1879 652 defectuum

1132 667 1318 713 approbaret
1344 676 1375 701 ct
1396 667 1609 708 confirmare13
1638 668 1767 714 ipseque
1796 679 1881 715 prae-

1133 717 1279 751 decessor
1302 717 1330 750 in
1348 725 1493 751 eventum
1507 717 1742 763 approbationis
1760 725 1790 752 et
1803 729 1881 752 con-

1134 767 1320 800 firmationis
1338 778 1372 800 ae
1389 767 1596 813 suppletionis
1612 766 1804 807 huiusmodi,
1824 767 1882 801 eis-

1133 816 1203 850 dem
1232 816 1395 855 eremitis,
1432 824 1467 850 ut
1500 816 1648 850 omnibus
1683 825 1713 851 et
1746 816 1881 863 singulis

1134 865 1313 911 privilegiis,
1337 866 1464 899 indultis
1483 866 1644 912 etgratiiS,
1659 866 1773 913 quilius
1788 866 1882 901 frater

1134 915 1245 949 Petrus
1273 915 1311 949 de
1346 915 1428 949 Pisis
1457 917 1616 962 ceterique
1643 917 1791 950 eremitae
1820 928 1882 962 po—

1133 964 1290 999 tiebantui
1316 972 1346 998 et
1379 964 1580 1010 gaudebant
1609 965 1651 998 uti
1681 973 1711 999 et
1743 965 1881 1011 gaudere

1134 1023 1261 1060 possent
1284 1015 1438 1049 concessit
1460 1027 1515 1062 per
1533 1014 1683 1061 quasdam
1705 1016 1822 1060 primo:
1851 1023 1881 1049 et

1132 1064 1257 1105 deinde
1281 1076 1351 1098 cuin
1375 1073 1449 1098 tunc
1466 1064 1634 1119 episcopus
1661 1063 1767 1098 Sancti
1784 1064 1880 1099 Marci

1134 1114 1303 1161 piaetatus,
1325 1114 1361 1148 ad
1378 1122 1595 1149 executionem
1612 1114 1776 1148 literarum
1797 1126 1883 1161 prae-

1132 1163 1285 1197 dictarum
1309 1164 1446 1210 legitime
1475 1163 1673 1211 procedens,
1701 1163 1881 1209 licentiam,

1133 1190 1357 1253 donationem?
1371 1215 1622 1251 concessionem
1649 1212 1879 1249 ordinationem

1133 1271 1163 1297 et
1186 1264 1292 1297 literas
1313 1263 1542 1311 archiepiscopi
1570 1256 1766 1307 huiusmodi,
1793 1275 1829 1298 ac
1851 1263 1881 1298 in

1133 1314 1178 1348 eis
1202 1322 1348 1348 contenta
1371 1326 1443 1348 cum
1477 1312 1675 1360 suppletione
1702 1312 1882 1348 defectuum

1133 1363 1339 1410 approbasset
1353 1371 1384 1397 et
1405 1363 1666 1407 confirmavisset,
1688 1362 1883 1410 approbatio-

1133 1425 1218 1457 nem,
1233 1413 1502 1448 confirmationem
1524 1421 1555 1448 et
1572 1413 1804 1459 suppletionem
1821 1413 1883 1447 hu-

1134 1462 1269 1497 iusmodi
1284 1463 1385 1498 eidem
1407 1463 1496 1498 Sixto
1512 1463 1759 1518 praedecessori3
1778 1463 1883 1509 quod-

1133 1525 1194 1559 que
1222 1512 1380 1558 piaefatus
1414 1513 1692 1560 archiepiscopus,
1720 1513 1802 1547 inter
1823 1512 1881 1548 alia

1135 1574 1190 1609 per
1217 1575 1287 1597 eum
1316 1571 1391 1597 tunc
1405 1563 1522 1597 eisdem
1538 1563 1699 1597 heremitis
1721 1574 1880 1606 concessa,

1135 1612 1326 1658 praedictum
1361 1613 1530 1648 oratorium
1559 1613 1623 1647 sive
1650 1611 1815 1647 eeclesiam
1846 1611 1879 1647 S.

1132 1661 1293 1697 Francisci
1322 1671 1352 1696 et
1378 1662 1434 1697 alia
1453 1675 1671 1709 quaecumque
1692 1662 1758 1697 loca
1781 1669 1811 1697 et
1828 1674 1882 1697 ec-

1134 1712 1243 1747 clesias
1275 1724 1329 1759 per
1354 1724 1408 1747 eos
1438 1714 1645 1760 imposterum
1680 1711 1880 1767 recipienda,

1132 1774 1204 1796 cum
1221 1762 1370 1797 omnibus
1384 1762 1535 1796 membris
1548 1770 1578 1797 et
1595 1762 1792 1809 pertinentiis
1803 1761 1881 1801 suis

1132 1812 1333 1859 eiemitisque
1356 1821 1386 1848 et
1405 1812 1547 1859 personis
1567 1811 1644 1846 inibi
1667 1824 1723 1859 pro
1742 1820 1884 1859 tempore

1133 1861 1334 1907 degentibus,
1361 1874 1397 1896 ac
1415 1862 1510 1896 rebus
1531 1861 1680 1897 omnibus
1702 1861 1739 1896 ad
1767 1873 1821 1896 eos
1835 1861 1883 1896 lo-

1132 1923 1231 1958 caque
1253 1911 1319 1958 ipsa
1343 1911 1582 1958 quomodolibet
1604 1911 1837 1959 pertinentibus
1852 1919 1883 1945 et

1133 1961 1360 2008 spectantibus,
1383 1961 1421 1996 ab
1444 1961 1529 1996 omni
1557 1961 1784 2002 iurisdictione,
1804 1960 1883 1999 sub-¹

1133 2011 1265 2046 iectione
1289 2020 1319 2046 et
1336 2011 1555 2059 superioritate
1571 2019 1705 2045 matrum
1728 2010 1882 2045 Ecclesia-

1134 2073 1216 2106 ium,
1237 2073 1272 2096 ac
1295 2074 1349 2096 sua
1377 2073 1518 2108 suaeque
1544 2061 1705 2096 Ecclesiae
1732 2059 1881 2095 Cusenti-

1134 2128 1203 2161 nae,
1225 2124 1391 2164 ceteraque
1419 2129 1624 2164 personarum
1644 2116 1674 2150 in
1693 2124 1880 2163 perpetuum

1133 2179 1290 2205 exemerat
1317 2179 1346 2205 et
1368 2171 1563 2211 liberaverat,
1585 2183 1621 2205 ac
1636 2170 1696 2205 suh
1712 2171 1879 2217 protectio-

1133 2225 1406 2269 ne,submissione
1421 2233 1450 2260 et
1465 2225 1682 2260 iurisdictione
1694 2224 1787 2260 Sedis
1798 2225 1881 2273 Apo-

1133 2278 1260 2315 stolicae
1294 2280 1456 2315 remiserat
1490 2288 1520 2315 et
1547 2279 1793 2325 reclamaverat,
1825 2293 1880 2327 pro

1135 2342 1220 2381 parte
1253 2334 1414 2370 Francisci
1450 2342 1480 2369 et
1517 2335 1721 2369 eremitarum
1756 2334 1880 2382 praedi-

1133 2397 1254 2423 ctorum
1282 2388 1443 2436 expositis,
1465 2389 1538 2435 quia
1565 2401 1581 2423 a
1611 2388 1772 2424 nonnullis
1793 2400 1880 2424 asse-

1134 2442 1260 2478 rebatur
1282 2444 1384 2478 literas
1411 2443 1586 2490 praedictas
1613 2451 1644 2478 et
1665 2442 1880 2479 confirmatio-

1133 2509 1224 2542 nem,
1247 2497 1504 2545 approbationem
1533 2507 1561 2532 et
1589 2497 1767 2533 defectuum
1795 2509 1880 2545 sup-

1134 2551 1300 2597 pletioneni
1336 2559 1501 2598 ceteraque
1528 2551 1585 2586 alia
1612 2559 1642 2586 et
1669 2551 1789 2598 singula
1825 2563 1880 2597 per

1134 2605 1305 2652 praefatum
1333 2606 1515 2652 episcopum
1543 2605 1649 2640 Sancti
1685 2605 1778 2640 'Marci
1808 2605 1877 2640 illa-

1134 2673 1202 2694 rum
1219 2661 1322 2707 vigore
1346 2660 1422 2695 faeta
1445 2669 1474 2695 et
1490 2660 1560 2694 ιιιιιιι
1576 2670 1680 2695 secuta
1704 2672 1878 2708 quaecum-

1894 264 1944 292 Αιι.
1959 265 1987 291 C.
2007 265 2069 292 ¹50¹

1905 1073 1967 1094 Haecs
1971 1073 2031 1094 edulo
2044 1079 2079 1094 ex-

1896 1111 1934 1124 anii
1931 1105 1991 1128 nari,
1999 1105 2078 1125 conflr-

1896 1142 1926 1155 ma
1930 1137 2026 1163 rtaquem
2017 1136 2082 1155 anda-

1896 1173 1913 1186 vi
1910 1168 1924 1187 it
1934 1166 2003 1187 Sinti·
2014 1166 2041 1186 iv
2053 1172 2079 1186 e-

1896 1204 1949 1225 pisc.
1966 1197 1986 1217 S.
2006 1197 2078 1222 Murci,

1909 1521 1947 1548 Qui
1964 1522 1991 1541 eti
1988 1527 2026 1541 iam
2043 1526 2079 1541 re-

1896 1555 1950 1578 perit
1979 1552 2078 1572 donatio-

1896 1588 1942 1603 nem
1968 1588 2018 1603 νει-ο
2045 1582 2081 1602 ta-

1896 1618 1965 1639 ctam,
1991 1614 2079 1641 locaque

1896 1647 1998 1666 iurisdiet.
2011 1644 2031 1665 S
2041 1644 2081 1665 Se-

1896 1678 1927 1697 dis
1943 1682 2029 1698 reserva
2019 1680 2060 1697 αμα
