2281 3251
242 273 293 300 An.
307 272 337 300 C.
358 273 423 300 rste

250 888 367 910 Contrariis
383 889 422 909 de-

238 924 305 946 rogae

491 261 560 294 752

441 333 523 361 teras
545 332 575 360 et
598 324 628 359 in
651 324 696 359 eis
718 330 863 358 contenta
882 321 1193 368 quaecumque,ubi,
1213 319 1217 361 ἵ

441 374 568 422 quando
595 381 624 407 et
648 373 772 420 quoties
799 383 881 418 opus
904 371 1008 414 suerit,
1031 370 1193 416 requisiti,

441 424 625 459 solemniter
645 422 854 469 publicantes,
875 420 989 454 saciant
1011 419 1194 454 auctoritate

443 481 545 508 nostra
594 484 648 518 per
695 481 930 518 quemcumque
975 469 1194 503 inviolabiliter

441 522 626 566 observari,
676 520 924 555 contradictores
966 518 1124 564 quoslibet
1164 526 1193 552 et

440 571 597 614 rebelles,
633 582 688 617 per
723 581 875 604 censuras
903 567 1134 602 ecclesiasticas
1163 575 1193 601 et

439 620 497 654 alia
532 620 608 655 iuris
640 627 817 666 opportuna
853 617 1014 658 remedia,
1053 616 1194 664 appella-

440 670 523 704 tione
560 669 747 717 postposita,
769 666 1019 715 compescendo,
1049 666 1194 701 invocato

438 719 533 754 etiam
557 719 593 753 ad
617 719 689 758 boe,
712 718 737 752 si
761 730 842 765 opus
865 716 969 761 luerit,
991 715 1108 751 auxilio
1122 715 1194 750 bra-

439 769 498 803 chii
519 768 699 803 saecularis.

487 817 507 864 S
531 821 586 852 11.
606 817 675 852 Non
689 816 890 851 obstantibus
912 814 1194 851 constitutionibus

438 875 467 901 et
497 866 750 901 ordinationibus
776 865 980 913 apostolicis,
1007 876 1042 899 ac
1068 864 1194 898 statutis

437 925 467 951 et
499 916 797 959 consuetudinibus,
821 915 913 950 etiam
934 913 1192 962 municipalibus,

437 966 540 1002 dictae
569 966 685 1010 Urbis,
712 965 883 1013 privilegiis
916 976 1043 1012 quoque
1079 973 1106 998 et
1144 963 1193 997 in-

437 1016 533 1050 dultis
568 1016 771 1063 apostolicis,
795 1014 996 1060 gubernatori
1035 1021 1064 1048 et
1104 1013 1193 1046 bari-

437 1065 515 1101 sello
545 1065 689 1112 praefatis
707 1073 738 1099 et
756 1064 879 1099 dilectis
902 1064 974 1098 liliis
998 1062 1113 1111 populo
1132 1062 1193 1097 Ro-

438 1127 543 1159 mano,
577 1127 699 1150 necnon
728 1114 894 1161 quibusvis
921 1113 992 1148 aliis
1028 1112 1192 1160 personis,

437 1165 670 1212 cuiuscumque
697 1164 883 1211 dignitatis,
911 1171 1035 1207 status,
1062 1162 1191 1209 gradus,

437 1214 573 1256 ordinis,
602 1214 808 1258 conditionis,
833 1213 1017 1252 nobilitatis,
1041 1212 1193 1258 praeemi—

438 1265 562 1298 nentiae
576 1263 799 1306 existentibus,
821 1262 880 1297 sub
898 1262 1061 1308 quibusvis
1084 1261 1193 1296 formis

437 1321 467 1347 et
490 1312 652 1348 tenoribus
675 1312 848 1355 concessis,
877 1311 1070 1346 confirmatis
1091 1320 1119 1345 et
1144 1311 1193 1344 in-

438 1363 571 1407 novatis,
594 1362 713 1408 quibus
727 1362 888 1405 omnibus,
910 1362 1003 1396 etiam
1027 1361 1066 1400 si,
1082 1372 1138 1407 pro
1155 1360 1193 1394 il—

437 1412 538 1446 lorum
555 1412 722 1447 sufficienti
739 1412 956 1458 derogatione,
980 1411 1018 1444 de
1047 1409 1110 1444 illis
1135 1421 1191 1444 eo-

436 1478 571 1513 rumque
594 1467 668 1501 totis
703 1466 868 1501 tenoribus
899 1464 1058 1512 specialis,
1085 1463 1193 1511 speci-

434 1519 510 1564 fica,
533 1532 699 1568 expressa,
728 1520 888 1554 individua
916 1531 951 1553 ac
973 1518 1011 1553 de
1037 1517 1131 1553 verbo
1153 1517 1190 1552 ad

434 1574 580 1618 verbum,
616 1587 676 1609 non
711 1582 817 1609 autem
842 1586 896 1621 per
918 1572 1083 1620 generales
1105 1571 1192 1607 clau-

433 1628 519 1663 sulas
534 1629 617 1664 idem
635 1629 854 1676 importantes,
865 1628 984 1663 mentio
993 1640 1049 1662 seu
1062 1626 1192 1674 quaevis

433 1681 491 1716 alia
525 1683 691 1730 expressio
722 1682 867 1717 habenda
903 1689 956 1717 aut
978 1681 1036 1716 alia
1063 1681 1192 1728 quaevis

433 1738 590 1784 exquisita
626 1738 725 1772 l'orma
759 1737 911 1772 servanda
947 1744 1042 1780 esset,
1066 1736 1190 1770 illorum

434 1799 574 1832 tenores,
598 1804 652 1838 pro
680 1791 874 1826 sufficienter
904 1791 1066 1837 expressis
1087 1799 1117 1825 et
1141 1791 1192 1824 in-

434 1846 528 1880 sertis
565 1845 738 1889 babentes,
758 1846 819 1880 illis
846 1845 922 1879 alias
946 1846 975 1878 in
999 1856 1056 1879 suo
1080 1844 1192 1878 robore

435 1900 671 1946 permansuris,
703 1901 760 1934 lrac
787 1900 852 1934 vice
881 1899 1042 1933 dumtaxat
1070 1899 1192 1944 specia-

435 1953 505 1988 liter
536 1962 565 1988 et
588 1965 738 2001 expresse
769 1953 972 2000 derogamus,
995 1953 1192 1999 eaeterisque

435 2008 601 2043 contrariis
624 2008 894 2055 quiliuwrnnfflre,
913 2015 967 2042 aut
983 2007 1005 2041 si
1030 2007 1191 2053 aliquibus

435 2062 648 2096 communiter
671 2062 715 2096 vel
740 2061 864 2096 divisim
889 2060 927 2095 ab
956 2060 1137 2106 Apostoliea
1154 2061 1190 2095 sit

436 2114 518 2149 Sede
547 2115 705 2150 indultum
741 2115 825 2162 quod
851 2114 1014 2153 interdici,
1039 2115 1190 2160 suspendi

437 2168 482 2203 vel
511 2170 777 2204 excommunicari
808 2182 869 2204 non
900 2169 1022 2216 possint
1045 2182 1099 2215 per
1123 2169 1214 2203 li¹e-,

436 2234 487 2257 ras
521 2224 721 2270 apostolicas,
751 2236 811 2258 nou
841 2224 992 2258 facientes
1016 2223 1138 2269 plenam
1164 2231 1191 2256 et

436 2288 618 2322 expressam
656 2290 691 2312 ac
726 2277 764 2312 de
797 2277 892 2312 verbo
923 2278 959 2311 ad
995 2277 1124 2312 verbum
1154 2276 1192 2311 de

438 2329 561 2366 indulto
584 2331 764 2366 liuiusmodi
789 2331 992 2366 mentionem.

486 2384 570 2419 Nulli
595 2398 671 2432 ergo
698 2395 749 2421 etc.

486 2438 601 2474 Datum
626 2440 746 2475 Romae
772 2440 855 2488 apud
882 2440 1033 2475 Sanctum
1052 2438 1192 2483 Petrum,

436 2505 520 2528 auno
548 2493 777 2529 incarnationis
817 2494 994 2529 dominicae
1024 2492 1192 2527 millesimo

437 2547 692 2595 quingentesimo
715 2549 943 2593 decimonono,
965 2560 999 2582 ιν
1023 2546 1092 2581 idus
1119 2559 1192 2594 sep-

437 2601 581 2647 tembris,
605 2602 807 2649 pontificatus
831 2602 927 2637 nostri
952 2613 1035 2636 anno
1058 2612 1115 2635 vn.

453 2656 513 2688 Dat.
530 2659 576 2689 die
597 2659 631 2690 lO
647 2659 822 2699 septembris
844 2660 926 2697 1519,
944 2663 1022 2698 pont.
1036 2667 1112 2688 auno
1129 2666 1175 2687 vir.

1213 2073 1214 2091 l
1235 2065 1302 2092 ctos
1317 2057 1522 2104 singulasque
1539 2056 1676 2102 ipsorum
1690 2055 1847 2089 Ordinum
1864 2055 1960 2089 dorne

1235 2107 1288 2141 ubi
1311 2107 1454 2151 religiose
1479 2106 1605 2145 vivitur,
1626 2105 1853 2142 insliss‘erenun-,
1869 2104 1989 2151 absque
2003 2107 2176 2130 ”eumenum-

1021 265 1147 289 minan
1153 267 1158 287 Ι
1165 266 1210 289 tm
1239 264 1399 288 nonnam!

1490 317 1653 353 xxxvnr
1679 319 1735 362 (r),

1239 400 1482 434 Commum'catr'o
1499 400 1635 433 omnium
1647 398 1883 444 privi'leyiorum
1899 395 1991 430 Men-

1284 451 1467 489 dicantium,
1488 457 1552 482 tam
1572 459 1777 482 concessorum
1800 458 1893 492 quam
1923 457 1993 479 con-

1285 500 1485 532 cedendorum
1502 525 1510 538 ,
1544 499 1622 531 inter
1647 498 1784 542 sr'nqulos
1817 496 1992 530 eorumdem

1289 548 1434 591 Ordines,
1460 558 1624 592 eorumque
1650 548 1732 590 loca,
1752 547 1904 584 ecclesias,
1921 545 1992 589 fra-

1285 606 1359 640 tres,
1386 598 1553 636 moniales,
1580 597 1753 635 tertiarios,
1780 607 1938 630 conversos
1965 600 1992 628 et

1285 648 1414 681 oblatos.

1503 724 1720 756 SUMMARIUM

1236 793 1329 823 Causa
1354 794 1443 824 huius
1467 792 1696 823 constitutionis.
1719 808 1758 813 —
1778 791 1804 821 1.
1823 790 1995 821 Communi-

1276 839 1350 868 catio
1380 838 1602 876 privilegiorum
1630 837 1707 867 inter
1727 835 1854 866 Ordines
1882 834 1994 865 Mendi-

1275 883 1416 913 cantium.
1445 899 1484 904 —
1508 882 1536 912 2.
1560 881 1688 911 Dubium
1712 881 1868 911 excitatum
1903 888 1994 919 super

1276 927 1471 966 indulgentiis
1494 926 1590 966 quoad
1615 925 1794 956 saeculares.
1820 941 1860 947 -
1884 923 1913 955 3.
1938 924 1994 954 De-

1275 972 1398 1002 claratio
1421 972 1490 1001 dicti
1520 970 1603 1000 dubii
1626 974 1726 999 contra
1751 969 1932 1000 saeculares.
1955 985 1994 992 -

1273 1017 1303 1046 4.
1325 1016 1421 1046 iussio
1444 1017 1530 1046 aliter
1549 1025 1606 1044 non
1623 1015 1778 1045 suadendi.
1796 1031 1836 1036 —
1857 1014 1884 1043 5.
1903 1013 1993 1044 Dero-

1275 1062 1352 1101 gatio
1375 1062 1600 1092 contrariorum.
1622 1078 1662 1083 —
1683 1061 1712 1090 6.
1737 1060 1825 1090 Fides
1845 1064 1994 1090 transum-

1276 1112 1402 1146 ptorum.

1234 1182 1284 1212 Leo
1303 1182 1374 1218 Papa
1392 1182 1416 1210 X
1430 1181 1566 1210 universis
1585 1182 1615 1210 et
1634 1180 1752 1216 singulis
1766 1179 1994 1208 christifidelibus

1279 1237 1441 1273 praesentes
1451 1236 1554 1265 literas
1566 1234 1745 1271 inspecturis,
1754 1234 1875 1263 salutem
1886 1234 1916 1263 et
1927 1240 1995 1270 apo-

1280 1291 1409 1319 stoticam
1428 1289 1654 1319 benedictionem.

1285 1362 1412 1397 Dudum
1434 1374 1490 1409 per
1513 1374 1569 1396 uos
1595 1369 1725 1408 accepto
1748 1360 1834 1408 quod
1853 1359 1990 1395 Romani

1235 1412 1407 1447 Pontifices
1431 1411 1689 1458 praedecessores
1711 1409 1931 1456 nostri,aliqui
1951 1409 1991 1444 ad

1234 1461 1410 1506 Minorum,
1432 1461 1480 1495 alii
1506 1473 1578 1495 vero
1594 1461 1632 1495 ad
1651 1460 1863 1495 Eremitarum
1877 1459 1912 1494 S.
1927 1459 1992 1494 Au-

1235 1511 1366 1557 gustini,
1387 1511 1438 1544 alii
1460 1511 1498 1545 ad
1522 1510 1558 1544 B.
1582 1510 1698 1544 Mariae
1725 1509 1765 1544 de
1789 1509 1896 1544 Monte
1911 1507 1991 1544 Car-

1235 1560 1330 1604 melo,
1356 1561 1468 1607 reliqui
1488 1560 1525 1595 ad
1549 1559 1808 1594 Praedicatorum
1831 1558 1990 1594 Ordinum

1235 1610 1346 1645 fratres
1373 1618 1403 1644 et
1426 1610 1549 1654 domos,
1566 1610 1649 1644 iuxta
1665 1609 1806 1656 ipsorum
1834 1616 1916 1646 vota,
1932 1607 1992 1643 de-

1235 1660 1370 1695 votionis
1385 1660 1532 1694 affectum
1549 1659 1842 1706 gereriteS,illorum
1857 1657 1991 1704 singulis

1235 1710 1407 1745 nonnullas
1419 1709 1547 1756 gratias,
1563 1709 1799 1753 concessiones,
1823 1707 1992 1754 indulgen-

1235 1761 1304 1801 tias,
1329 1767 1528 1806 peccatorum
1553 1758 1769 1803 remissiones,
1798 1757 1992 1804 praerogati-

1235 1822 1299 1851 vas,
1328 1810 1466 1849 l'avores,
1495 1809 1710 1843 immunitates
1726 1835 1736 1852 ,
1759 1807 1991 1854 exemptiones,

1235 1858 1410 1899 facultates,
1424 1858 1598 1906 privilegia,
1620 1857 1740 1892 indulta
1756 1869 1792 1892 ac
1807 1856 1902 1900 dona,
1928 1864 1989 1890 tam

1235 1908 1407 1956 spiritualia
1443 1920 1536 1955 quam
1562 1907 1759 1954 temporalia,
1779 1919 1834 1953 per
1849 1906 1991 1941 diversas

1235 1959 1375 2005 ipsorum
1405 1958 1530 2000 literaS,
1555 1957 1729 2003 respective
1751 1962 1988 1991 concesserunt.

1283 2012 1298 2051 ξ
1326 2013 1352 2041 l.
1382 2006 1447 2041 Nos
1469 2006 1506 2041 ad
1531 2007 1674 2052 singulos
1701 2006 1839 2040 Ordines
1864 2005 1990 2051 praedi-

1235 2154 1987 2203 acceptionepersonarum,detntIOnisass'eetum

1235 2218 1335 2253 aequa
1361 2205 1448 2240 lance
1471 2214 1631 2250 gerentes,
1659 2216 1770 2239 omnes
1797 2212 1825 2238 et
1848 2203 1989 2249 singulas

1214 2256 1362 2302 gratias,
1388 2255 1633 2299 concessiones,
1662 2253 1887 2299 indulgentias,
1913 2264 1988 2298 pec-

1235 2314 1377 2340 catorum
1402 2305 1618 2348 remissiones,
1643 2302 1883 2350 praerogativas,
1903 2301 1989 2337 savo-

1237 2368 1296 2394 res,
1313 2354 1541 2398 immunitates,
1563 2353 1793 2400 exemptiones,
1815 2351 1988 2393 facultates,

1237 2405 1409 2451 privilegia,
1433 2403 1564 2443 indulta,
1599 2411 1660 2437 tam
1689 2401 1864 2448 spiritualia
1892 2413 1988 2449 quam

1237 2453 1430 2501 temporalia,
1446 2453 1689 2500 qualiacumque
1705 2451 1753 2486 illa
1777 2460 1895 2495 essent,
1909 2462 1989 2498 quae

1237 2503 1505 2544 praedicatorum,
1527 2502 1696 2545 Minorum,
1720 2501 1933 2535 Eremitarum
1953 2499 1987 2534 S.

1236 2552 1418 2599 Augustini,
1438 2551 1692 2594 Carmelitarum,
1720 2551 1890 2585 Servorum
1909 2549 1990 2584 Bea-

1271 2623 1309 2657 (t)
1328 2623 1400 2649 lianc
1410 2625 1495 2650 coust.
1508 2622 1558 2649 sub
1570 2630 1682 2649 numero
1699 2629 1776 2647 xxxv
1794 2621 1818 2647 in
1828 2620 1897 2647 Edit.
1912 2619 1988 2647 Rom.

1212 2649 1216 2683 l
1236 2663 1352 2696 reperies
1368 2663 1406 2698 (a.
1426 2662 1476 2697 T.).

2005 259 2055 287 An.
2072 260 2102 286 C.
2122 259 2188 287 1519

2048 1370 2116 1392 Causa
2129 1369 2191 1391 butu·

2006 1401 2172 1424 constitutionis.

2024 2014 2190 2038 Communicntte

2017 2046 2177 2074 privilegiorum

1963 2067 1989 2098 ς7
2004 2079 2060 2099 inter
2099 2077 2191 2099 omine·
