2281 3251
201 266 251 292 An.
270 269 299 295 C.
317 268 381 295 ta57

202 974 374 998 Attritipiraron

201 1008 217 1023 «t
230 1008 318 1023 tutionis
329 1004 386 1023 ritca

201 1041 285 1061 proc-As.

318 1034 386 1060 Spiri-

452 257 519 290 tto

398 324 564 359 doctorum
582 324 737 359 sententia
760 324 1016 371 comprobatum,
1041 333 1072 358 ιιι
1091 324 1153 358 siu-

399 374 472 419 guia
497 374 636 409 membra
664 375 770 420 capiti,
796 374 875 408 idest
900 374 1046 409 Romano
1070 373 1154 407 Pon-

400 425 473 458 utici
498 423 683 471 apostolico,
706 437 739 458 se
761 424 893 457 debeant
912 436 967 470 per
982 423 1088 457 omnia
1106 436 1154 456 re-

399 474 609 516 censui-mare,
631 486 645 507 a
670 486 734 520 qno
763 483 903 507 nostrum
932 481 977 507 est
1001 484 1154 518 quaerere.

400 523 475 569 quid
504 523 657 560 eredere;
692 523 767 570 quid
811 531 917 556 tenere
954 521 1153 564 debeamus,

400 573 550 619 quoniam
576 573 676 619 ipsius
692 573 790 606 solius
806 580 853 606 est
876 580 1029 616 statuere,
1045 571 1154 617 dispo-

402 635 488 666 nere,
508 622 629 657 solxere
658 631 687 655 et
712 622 819 668 tina-‚10
842 622 894 676 qni
933 622 999 656 tice
1034 621 1153 656 Christi

401 672 554 718 l'·nngitui,
579 680 609 706 ιι
631 671 670 706 ιιΙι
693 685 730 705 ιυ
755 671 842 705 iobis
868 684 897 704 ιιι
923 680 1080 718 pastorem
1105 670 1157 705 de-

400 721 523 756 dicatus
539 722 653 760 existit
671 721 720 755 cui
737 733 848 755 ornnes
866 721 1028 767 ptitnateS,
1051 720 1155 755 atclii-

400 771 728 817 episcopittepiscopi
746 782 800 804 ea(
804 771 927 817 teiique
943 771 1071 805 eluisti(
1076 770 1155 811 olae,

401 829 549 867 tauquam
580 820 755 854 indubitato
780 819 996 855 vicariotcsu
1024 820 1155 860 Christi,

398 870 628 915 obtemperant.

448 920 468 965 g
494 920 527 952 ΕΞ.
556 918 706 959 Demuni,
731 928 763 954 ut
786 919 834 953 illa
865 920 1075 954 vetustissima
1101 932 1156 965 pe-

378 981 386 985 ·
401 968 601 1015 riculosaquo
615 977 645 1003 ct
661 968 842 1003 damnanda
858 969 980 1016 opinio,
998 969 1027 1003 in
1044 970 1155 1004 eodem

400 1026 430 1052 et
457 1017 529 1052 aliis
551 1018 696 1053 conciliis
718 1019 871 1052 contiuno
896 1019 1073 1066 reprobata,
1094 1030 1156 1065 qua

402 1067 546 1102 nonnulli
567 1068 684 1102 quinus
707 1069 858 1102 veraciter
879 1068 1035 1103 affirmare
1065 1080 1155 1115 prae-

401 1117 570 1152 sumebant
599 1117 752 1164 Spiritum
769 1118 923 1152 Sanctum
944 1131 959 1152 a
978 1118 1070 1152 Patre
1089 1118 1157 1152 solo

402 1167 586 1213 procedere,
598 1168 723 1214 penitus
738 1167 890 1202 eradicari
906 1168 1016 1208 valeat,
1029 1176 1057 1201 et
1071 1168 1155 1213 quod

400 1225 599 1252 sacrosancta
624 1216 766 1251 Romana
800 1216 941 1251 Ecclesia
971 1217 1155 1264 profitetur,

402 1275 486 1301 tenet
510 1267 626 1312 pariter
649 1275 679 1301 et
701 1266 848 1306 affirmat,
871 1267 1018 1301 eumdem
1044 1266 1157 1301 videti-

401 1323 450 1350 eet
485 1316 638 1362 Spiritum
667 1316 820 1351 Sanctum
856 1315 895 1349 ab
927 1316 1039 1351 eodem
1064 1316 1156 1351 Patre

401 1373 431 1399 et
454 1364 534 1400 Filio
558 1366 731 1412 aequaliter
754 1365 937 1412 procedere.
961 1366 1052 1400 sicuti
1083 1365 1156 1400 bea-

402 1423 454 1448 tus
476 1414 681 1459 Athanasius,
705 1415 826 1449 lumine
848 1415 992 1449 eiusdem
1016 1415 1156 1462 Spiritus

402 1464 587 1508 illustratus,
610 1465 749 1508 edocuit,
773 1464 882 1499 dicens
904 1464 1052 1499 eumdem
1081 1464 1156 1511 Spi-

401 1514 496 1547 ritum
524 1514 678 1548 Sanc-tum
716 1527 777 1548 non
808 1513 938 1552 sactum,
975 1527 1037 1548 uon
1065 1526 1156 1549 crea-

401 1570 480 1603 tum,
509 1576 570 1597 uon
594 1564 749 1610 genitum,
769 1564 824 1598 sed
848 1575 886 1598 ex
909 1563 1001 1598 Patre
1025 1573 1054 1598 et
1076 1563 1156 1598 Filio

400 1613 598 1647 aeternaliter
621 1613 805 1660 procedere,
828 1613 1014 1660 pectoribus
1036 1615 1156 1660 singu-

402 1661 505 1697 lorum
534 1662 690 1707 fidolium,
715 1676 770 1710 pro
793 1675 903 1697 eorum
927 1663 1029 1697 salute
1051 1671 1082 1698 et
1105 1663 1154 1697 di-

401 1712 566 1756 rectione,
600 1713 773 1756 inseratur,
801 1712 951 1748 similiter
987 1713 1158 1749 statuimus

400 1773 437 1795 ae
459 1762 553 1796 etiam
582 1762 768 1797 ordinamus
790 1762 875 1810 quod
905 1763 1000 1797 iidem
1031 1762 1158 1810 presby-

404 1811 461 1845 teri
490 1819 520 1845 et
543 1811 736 1850 sacerdotes,
767 1811 842 1846 dum
869 1812 945 1846 iufra
970 1811 1156 1847 earumdem

402 1872 490 1895 sacra
526 1862 695 1896 missarum
724 1861 878 1896 solemnia
901 1861 1091 1909 Symbolum
1120 1874 1156 1896 ex

402 1909 602 1945 ordinatione
633 1911 796 1945 Ecclesiae
819 1920 937 1946 canunt
959 1920 1011 1946 aut
1034 1912 1157 1956 dicunt,

404 1958 481 1993 illud
505 1959 636 2007 integre,
672 1960 848 1995 secundum
885 1961 976 1995 ritum
1012 1960 1156 1996 eiusdem

403 2008 566 2045 Romanae
588 2010 765 2051 Ecclesiae,
790 2010 1030 2056 intelligibiliter
1052 2010 1157 2045 dicere

402 2067 569 2094 teneantur
609 2068 639 2094 et
666 2059 819 2099 debeant,
854 2059 999 2095 videlicet
1028 2062 1093 2102 Qui
1120 2074 1159 2096 cx

402 2116 497 2149 Patre
533 2116 675 2161 Filioque
700 2117 848 2162 procedit,
877 2115 1018 2162 alioquin
1047 2129 1158 2151 omnes

402 2177 433 2202 et
454 2169 610 2216 singulos,
632 2169 684 2217 qui
715 2170 791 2204 liuic
813 2170 947 2204 articulo
975 2169 1158 2205 orilnodoxae

403 2222 488 2263 lidei,
511 2224 548 2257 ad
574 2232 711 2259 nostram
737 2224 877 2272 profecto
900 2224 1033 2259 salutem
1047 2237 1158 2260 neces-

402 2277 499 2321 sario,
525 2286 555 2313 et
579 2280 608 2314 in
638 2288 682 2314 tot
713 2287 896 2314 sanctorum
922 2278 1049 2313 Patrum
1078 2291 1158 2314 con-

403 2331 481 2365 ciliis
505 2332 620 2368 iteratis
643 2334 762 2368 vicibus
784 2333 969 2381 approbato,
997 2333 1158 2368 contradi-

403 2398 493 2431 cere,
525 2397 579 2422 aut
611 2388 752 2423 eiusdem
793 2387 967 2423 catholicae
996 2387 1158 2422 Ecclesiae

406 2441 620 2477 institutiones
652 2443 819 2477 observare
850 2442 1075 2482 recusaverint,
1111 2442 1156 2476 vel

405 2496 560 2531 malitiose
578 2497 785 2542 neglexerint,
804 2496 990 2536 sententias,
1005 2508 1157 2530 censuras

404 2557 433 2585 et
463 2563 592 2598 poenas,
622 2551 651 2585 in
680 2550 801 2585 eisdem
830 2560 860 2585 et
894 2550 1061 2597 praecipue
1084 2549 1159 2585 Flo-

405 2605 529 2639 rentiuo
551 2605 694 2640 conciliis
715 2605 882 2640 antedictis
906 2605 935 2639 in
965 2604 1042 2639 tales
1059 2616 1159 2651 genc-

407 2659 510 2695 raliter
538 2659 626 2704 latas,
659 2659 792 2694 iullictas
827 2667 856 2694 et
885 2659 1102 2708 promulgatas
1130 2666 1160 2695 et

995 268 1181 291 mmmmm!
1209 269 1372 292 ROMANUM

1195 324 1361 359 anatliema
1409 331 1626 359 trecentorum
1662 323 1773 359 decem
1819 333 1848 359 et
1881 333 1951 359 octo

1196 373 1338 414 Patrum,
1362 374 1421 408 nisi
1445 386 1460 408 a
1486 374 1668 420 praemissis
1690 374 1852 409 erroribus
1876 376 1950 408 res}-

1197 424 1330 469 piscere.
1359 432 1387 457 et
1417 423 1526 458 unitati
1555 423 1697 458 eiusdem
1727 423 1887 458 Ecclesiae
1916 436 1949 457 se

1198 485 1253 519 per
1279 473 1384 507 omnia
1410 473 1494 507 illico
1520 472 1718 507 conformare
1742 473 1948 517 studuerint,

1198 522 1357 557 incurrere
1386 522 1558 557 tolumus
1554 535 1622 569 ipso
1645 523 1736 557 sacto.

1967 268 2015 294 An.
2030 269 2057 294 C.
2087 269 2153 295 itus!

1245 577 1261 615 ᾗ·
1295 574 1327 605 ’5.
1359 572 1573 627 Quapropter,
1599 585 1637 606 ue
1666 584 1721 619 per
1749 572 1949 606 taciturnita-
1966 588 1987 606 v.
1998 587 2154 614 namecca.

1199 629 1259 655 tem
1280 622 1464 676 posterioris
1484 621 1635 668 temporis
1662 630 1786 657 mentes
1809 621 1947 656 lide-lium

1965 626 1975 639 a
1986 618 2013 639 t’..
2017 622 2048 639 tre
2058 617 2153 645 Filioque

1980 656 2015 669 τοι·
2006 650 2069 674 «edit,
2092 649 2155 676 δμη-

1197 670 1237 705 ab
1261 671 1350 705 istius
1368 670 1551 705 credulitate
1574 671 1695 706 anticuli
1720 671 1794 706 liant
1817 671 1950 706 damna
1966 681 1986 701 ¹11
1986 681 2014 701 to
2045 679 2151 707 merim*

1199 720 1301 755 bilitei
1325 721 1495 766 longiores
1523 720 1666 755 ‹tisuicte
1689 721 1930 768 praecipimus(
1922 731 1953 755 et

1199 770 1387 804 mandamus
1420 778 1578 817 quatenus
1620 770 1779 816 processio
1811 770 1953 816 Spiritus

1198 819 1304 854 Sancti
1333 832 1349 854 a
1375 818 1595 855 sacerdotibus
1609 819 1740 855 Graecis
1753 820 1901 866 explicite
1924 828 1953 854 et

1200 870 1364 904 manifeste
1394 877 1528 917 ponatur
1562 869 1592 903 iu
1616 868 1779 917 Symbolo,
1817 877 1849 904 ιιι
1878 870 1954 903 tides

1199 920 1236 953 ad
1262 919 1410 953 iustitiam
1437 927 1580 953 teneatur
1603 919 1633 953 in
1657 919 1765 963 corde,
1788 928 1820 954 et
1841 919 1878 953 ad
1903 932 1954 953 sa-

1200 969 1295 1003 lutem
1331 970 1475 1004 omnium
1500 969 1571 1002 eius
1600 970 1650 1003 liat
1683 969 1747 1003 oris
1781 969 1954 1007 consessio.

1199 1032 1244 1057 se,
1269 1027 1426 1065 tamquam
1452 1018 1506 1052 lilii
1524 1017 1724 1053 obedieutiae
1752 1031 1880 1066 semper
1902 1031 1955 1053 sa-

1199 1077 1382 1103 crosanctae
1402 1068 1564 1103 Ecclesiae
1584 1068 1746 1103 Romanae
1763 1069 1871 1102 matris
1890 1081 1954 1102 sua=

1201 1130 1255 1164 per
1282 1119 1386 1152 omnia
1415 1118 1668 1161 conformantes,
1705 1125 1737 1152 ut
1771 1118 1823 1152 liat
1857 1130 1953 1152 unum

1199 1168 1279 1203 ovile
1301 1177 1332 1202 et
1356 1181 1438 1203 unus
1463 1176 1580 1214 pastor,
1605 1167 1687 1203 iuxta
1705 1167 1804 1215 ipsius
1826 1176 1955 1202 senten-

1200 1218 1271 1252 tiam
1300 1217 1483 1252 Salvatoris.

1248 1268 1268 1314 g
1296 1270 1328 1301 [ι.
1354 1267 1438 1301 Nulli
1467 1279 1543 1313 ergo
1565 1266 1698 1301 omnino
1720 1266 1886 1302 bominum
1923 1267 1955 1301 li-

1199 1326 1265 1351 ceat
1302 1317 1382 1351 lianc
1423 1317 1568 1364 paginam
1609 1324 1788 1351 nostrorum
1823 1316 1953 1355 statuti,

1199 1366 1418 1407 ordinationis,
1439 1366 1620 1404 voluntatis,
1645 1366 1803 1413 praecepti
1821 1374 1850 1401 et
1870 1379 1956 1401 man-

1199 1416 1261 1450 dati
1287 1416 1471 1460 iufringere,
1494 1424 1548 1450 etc.

1249 1466 1364 1500 Datum
1381 1465 1503 1500 Romae
1526 1464 1609 1513 apud
1633 1464 1787 1505 Sanctum
1811 1465 1954 1504 Petrum,

1199 1528 1282 1550 auno
1307 1515 1536 1554 lncamationis
1572 1513 1754 1549 dominicae
1786 1515 1956 1549 millesimo

1199 1565 1514 1612 quadringentesimo
1529 1563 1796 1619 quinquagesimo
1807 1564 1956 1612 septimo,

1200 1615 1292 1649 tentio
1316 1627 1415 1649 nonas
1429 1623 1524 1662 sept.
1550 1613 1660 1661 pontis.
1685 1613 1782 1648 nostri
1803 1626 1887 1648 anno
1904 1626 1956 1649 ιιι.

1219 1676 1280 1706 1)ι.ιι
1297 1677 1344 1707 die
1361 1677 1379 1706 3
1399 1676 1577 1717 septembris
1597 1676 1685 1713 1457,
1701 1679 1781 1716 pont.
1800 1686 1877 1706 anno
1896 1685 1936 1709 ιιι.

1505 1752 1660 1762 -ι

1549 1861 1602 1896 ΙΧ.

1202 1953 1326 1987 Fratres
1357 1952 1487 1986 Ordinis
1528 1953 1566 1985 B.
1607 1951 1731 1985 Mariae
1757 1952 1793 1984 de
1821 1952 1959 1985 Mercede

1251 2002 1477 2046 Redemptiom's
1507 2001 1707 2046 Captivorum
1739 2002 1782 2034 ad
1824 2002 1958 2035 Ordines

1251 2052 1495 2085 Mendicancium
1510 2052 1642 2084 transire
1656 2063 1716 2084 non
1730 2051 1860 2095 possint,
1877 2063 1957 2092 cunii,

1250 2109 1382 2146 respectu
1403 2102 1511 2146 quarti
1529 2102 1601 2140 voti,
1619 2101 1683 2135 illis
1700 2101 1837 2135 strictior
1862 2102 1957 2146 possit

1250 2152 1364 2185 censeri
1385 2153 1439 2195 (l).

1471 2234 1686 2265 SUMMAttttJM

1201 2306 1368 2336 Exordium.
1396 2323 1435 2328 —
1465 2307 1490 2335 1.
1513 2306 1630 2336 Fratres
1660 2305 1752 2346 aliqui
1786 2306 1875 2337 liuius
1897 2306 1955 2337 Or-

1241 2351 1318 2381 dinis
1357 2351 1392 2381 ad
1433 2351 1632 2381 ll'lendicautes
1661 2355 1691 2380 et
1722 2351 1796 2381 alios
1829 2351 1955 2382 Ordines

1242 2397 1367 2426 transire
1387 2396 1549 2426 voluerunt.
1567 2413 1606 2418 —
1623 2396 1652 2426 2.
1677 2396 1728 2426 llic
1745 2397 1831 2426 modo
1851 2396 1956 2428 Pontis.

1243 2441 1397 2470 transitum
1422 2440 1568 2480 prohibet,
1581 2445 1607 2470 et
1631 2441 1790 2471 translatos
1814 2442 1958 2482 praecipit

1242 2486 1276 2515 ad
1295 2485 1405 2515 dictum
1423 2484 1562 2515 Ordinem
1576 2485 1683 2521 redire,
1695 2485 1850 2516 declarans
1862 2486 1956 2521 illum.

1242 2535 1378 2569 respectu
1395 2530 1491 2568 quarti
1516 2530 1582 2565 voti,
1604 2530 1729 2560 caeteris
1746 2528 1812 2560 aliis
1828 2531 1957 2561 strictio-

1241 2583 1302 2603 rem
1322 2584 1398 2603 esse.
1417 2591 1454 2596 ——
1477 2575 1503 2604 3.
1527 2573 1691 2604 Ordiuariis
1710 2578 1738 2604 et
1761 2574 1828 2604 aliis
1851 2584 1957 2604 execu-

1237 2632 1275 2665 (t)
1293 2632 1330 2658 De
1351 2635 1403 2658 tota
1432 2631 1541 2659 materia
1570 2631 1648 2659 buius
1673 2631 1782 2660 Ordinis
1808 2630 1869 2658 vide
1893 2640 1955 2669 sup·

1203 2673 1227 2698 in
1248 2673 1328 2707 Greg.
1350 2672 1398 2699 IX.

1967 712 2091 733 iiishreuda

2002 1279 2121 1300 mausum.
