2281 3251
220 256 271 283 An.
289 256 318 283 C.
338 257 404 284 ¹515

234 514 288 535 Pur>
301 520 342 535 non
358 518 403 534 ιυιιι

221 547 403 569 neommunirati,

221 577 260 596 nisi
282 582 327 596 cnm
356 581 404 602 spe-

221 607 302 627 riabter
323 606 400 627 ‹lenun-

220 639 280 658 einis
311 644 404 658 cornuin-

221 671 298 690 nitentv

233 963 324 984 Praetaui
357 968 402 983 runi

221 995 328 1016 montenis
339 999 363 1015 cx
375 994 402 1013 le-

221 1028 291 1052 gitima
341 1031 403 1045 [utl‘ss

221 1060 307 1083 possunt
319 1057 401 1082 dispen-

219 1094 265 1109 uare
276 1094 286 1107 n
295 1088 400 1108 recitatio-

220 1125 245 1140 ne
257 1118 317 1140 officii
330 1119 401 1141 divini.

234 1953 314 1980 Sepult.
331 1960 350 1973 ιιι
364 1959 402 1973 rno-

221 1985 320 2005 nuteriis
335 1985 405 2004 omni-

221 2015 258 2035 bus
266 2021 307 2035 non
318 2021 405 2036 excom-

221 2047 332 2066 munio-atis
370 2049 405 2066 aut

222 2077 309 2103 publicis
330 2083 406 2098 untra-

222 2110 258 2129 rii<
274 2110 340 2130 datin·⁴

239 2376 334 2397 facultas
343 2382 407 2403 prac-

225 2408 313 2428 latorum
322 2411 408 2428 contra-

225 2443 279 2459 rtum
322 2440 407 2460 ineundi

226 2476 288 2495 §uper
305 2475 409 2492 moira-⁴10-

226 2504 262 2523 rna
278 2508 345 2523 novae
362 2507 405 2523 ere-

226 2536 272 2553 ctae
289 2538 408 2559 congreg-i-

227 2566 297 2585 ὶιυιιίι.

470 243 540 277 552

421 308 603 346 huiusmodi
623 307 834 346 devotionem,
849 314 1031 347 recurrent,
1044 303 1172 339 Eucba-

420 361 525 396 ristiae
547 365 777 395 sacramentum
799 356 975 391 ministrare
991 353 1088 389 libere
1103 366 1172 401 pos—

419 411 492 446 sint.

468 461 559 507 341.
574 457 704 492 Necnon
722 454 878 502 praelatis,
893 453 1035 488 monacis
1056 460 1085 486 et
1100 464 1171 498 per-

419 510 505 545 sonis
529 505 782 553 congregationis
805 504 945 538 buinsm.
969 513 1172 556 quocumque

421 559 548 594 nomine
570 562 770 594 censeantur,
787 566 838 597 nc,
853 560 981 600 propter
1000 560 1172 598 participa-

420 605 657 652 tionem,etiam
683 604 712 638 in
736 603 860 647 divinis,
882 614 955 638 cum
979 613 1173 636 excommu-

419 657 542 698 nicatis,
558 653 723 701 suspensis
745 662 774 688 et
796 651 972 687 interdictis
997 663 1013 685 a
1035 651 1100 685 iure
1123 650 1171 685 vel

417 707 542 742 statutis
564 703 808 747 ordinariorum,
831 702 967 749 aliquam
985 712 1172 736 excommu-

417 756 594 799 nicationis,
619 765 771 789 censurae
793 760 846 787 aut
873 751 991 799 peccati
1016 749 1170 785 maculam

418 807 590 846 incurrant,
610 803 669 838 nisi
693 802 754 850 ipsi
782 800 1047 837 excommunicati
1067 808 1169 835 essent

417 855 594 903 specialiter
620 852 815 888 denunciati.

467 910 482 950 ἓ
505 907 563 939 42.
580 904 625 938 Ac
640 902 724 950 quod
740 902 783 937 illi
799 914 837 937 ex
855 900 1003 950 praefatis
1017 900 1171 944 monacis,

417 955 471 1003 qui
500 954 578 990 adeo
601 952 864 988 monasteriorum
903 963 1031 986 suorum
1061 949 1173 985 officiis

418 1004 562 1052 occupati
589 1011 674 1046 sunt,
702 1010 735 1036 ut
763 1002 792 1036 in
820 1002 916 1037 choro
945 1002 1110 1044 interesse,
1137 1012 1172 1034 ac

418 1054 560 1089 divinum
576 1052 714 1088 officium
736 1052 784 1086 vix
808 1052 877 1086 sine
896 1049 1001 1085 labore
1024 1058 1053 1084 et
1071 1049 1172 1084 taedio

418 1103 535 1148 dicere,
557 1115 593 1139 ac
616 1103 682 1148 ipsa
704 1101 760 1145 cis,
776 1101 897 1136 ratione
915 1099 1087 1135 officiorum
1111 1099 1173 1134 bu-

419 1153 568 1194 iusmodi,
591 1150 805 1186 incumbentia
828 1150 965 1185 caritatis
988 1161 1083 1196 opera
1107 1149 1173 1183 im-

420 1203 505 1250 plere
517 1209 686 1249 nequeant;
704 1200 801 1247 etqui
825 1200 862 1235 ad
879 1199 1019 1235 divinum
1035 1198 1172 1233 officium

419 1251 601 1288 huiusmodi
629 1250 798 1285 dicendum
822 1249 901 1285 adeo
919 1248 966 1284 vel
994 1260 1056 1283 non
1090 1247 1171 1282 docti

419 1303 465 1338 vel
488 1303 595 1337 minus
617 1300 735 1348 experti
766 1311 822 1346 pro
851 1306 993 1346 tempore
1022 1297 1172 1338 existunt,

419 1351 593 1387 dummodo
609 1351 639 1385 in
655 1350 753 1385 sacris
767 1361 829 1384 non
841 1349 902 1384 sint
916 1347 1082 1383 ordinibus
1095 1359 1174 1382 eon-

418 1402 528 1442 stituti,
544 1401 617 1435 licet
632 1399 863 1446 professionem
878 1397 1054 1437 emiserint,
1069 1404 1172 1431 tamen

418 1451 455 1486 ad
476 1449 722 1498 persolvendum
739 1456 840 1483 totum
855 1448 1013 1495 integrum
1036 1446 1172 1481 officium

417 1501 559 1535 divinum
596 1499 727 1533 minime
755 1506 946 1538 teneantur,
977 1496 1032 1532 sed
1064 1508 1172 1531 eorum

418 1550 564 1598 praelatis,
576 1549 680 1584 liabita
692 1548 929 1596 suppositorum
949 1558 1079 1582 suorum
1097 1558 1174 1580 con-

417 1599 606 1634 sideratione
633 1598 724 1643 (ultra
753 1597 889 1632 officium
918 1597 1034 1632 Beatae
1055 1595 1174 1630 Mariae

418 1648 612 1696 Virginis‚ad
628 1648 713 1696 quod
729 1647 856 1694 obligati
874 1646 1172 1690 remaneant),iuxta

418 1698 687 1745 dispensationem
701 1698 748 1732 eis
763 1697 920 1738 traditam,
934 1697 959 1732 si
975 1708 1085 1731 eorum
1100 1695 1174 1729 ani-

418 1748 532 1783 mabus
558 1747 709 1795 expedire
732 1746 898 1787 videbitur,
920 1745 1040 1793 aliquid
1063 1745 1174 1780 dicen-

418 1798 495 1832 dum
511 1797 689 1844 iniungant,
711 1797 796 1844 quod
812 1808 885 1831 cum
899 1796 996 1831 animi
1016 1795 1174 1830 alacritate

419 1847 518 1882 valeat
539 1846 716 1894 adimpleri.

467 1897 488 1944 5
514 1899 572 1931 45.
597 1896 774 1940 Praeterea,
798 1894 946 1930 omnibus
959 1893 1174 1929 christifideli-

419 1946 490 1986 bus,
513 1946 653 1994 exceptis
688 1944 968 1980 excommunicatis
990 1952 1044 1979 aut
1072 1944 1173 1979 inter-

419 1995 512 2031 dictis
533 1995 580 2031 vel
604 1995 738 2042 publicis
760 1995 921 2035 usurariis,
938 2002 971 2028 ut
995 1994 1024 2028 in
1049 1993 1125 2029 locis
1143 2003 1174 2029 ct

421 2046 619 2081 monasteriis
631 2045 669 2080 dc
687 2056 769 2080 novo
783 2052 906 2080 erectae
921 2044 1175 2091 congregationis

419 2099 614 2145 huiusmodi,
638 2099 855 2147 praesentibus
877 2106 908 2134 et
930 2098 1056 2140 futuris,
1084 2111 1172 2134 suam

421 2154 542 2202 possint
568 2154 683 2201 eligere
707 2154 929 2202 sepulturam,
956 2153 1041 2188 salvo
1070 2162 1171 2189 tamen

422 2210 491 2244 iure
510 2208 634 2244 illarum
648 2208 854 2245 ecclesiarum
869 2220 885 2244 a
901 2208 1018 2256 quibus
1032 2208 1172 2256 ipsorum

421 2263 641 2299 decedentium
671 2276 801 2311 corpora
829 2271 1045 2298 assumuntur.

474 2322 489 2362 ξ
509 2322 566 2352 44.
594 2318 724 2354 Necnon
749 2318 885 2365 generali
908 2316 1039 2352 Ordinis
1061 2325 1091 2351 et
1113 2318 1175 2352 ab-

422 2372 559 2413 batibus,
589 2372 747 2419 prioribus
774 2373 820 2407 vel
840 2371 984 2419 praelatis
1011 2379 1064 2406 aut
1094 2372 1173 2416 aliis,

425 2438 480 2475 per
500 2427 776 2473 congregationem
800 2427 838 2461 de
859 2438 939 2462 novo
961 2434 1096 2460 erectam
1115 2426 1176 2459 Ιιυ-

424 2481 559 2516 iusmodi
584 2480 621 2516 ad
646 2480 675 2516 id
705 2493 760 2528 pro
783 2489 924 2528 ternpore
943 2480 1101 2526 deputatis
1116 2507 1123 2520 ,
1145 2480 1173 2514 in

425 2535 616 2580 unionibus,
643 2534 889 2580 annexionibns,
911 2535 1176 2582 incorporationi-

424 2589 485 2624 hus
511 2601 545 2625 ac
563 2589 839 2625 reformationibus
866 2601 920 2624 seu
942 2587 1176 2636 receptionibus

426 2644 713 2690 monasteriorum,
737 2644 932 2692 prioratuum
962 2643 1007 2679 vel
1042 2642 1175 2679 aliorum

999 245 1188 272 actutum!
1214 245 1377 270 ROMAN'UM

1216 302 1445 337 beneficiorum
1469 300 1768 339 ecclesiasticorum,
1782 312 1837 347 pro
1852 299 1918 347 ipsa
1931 299 1970 336 de

1216 365 1297 387 novo
1320 359 1423 387 erecta
1446 351 1689 398 congregatione
1718 349 1880 394 faciendis,
1895 361 1968 385 cum

1217 401 1364 449 praelatis
1387 409 1416 436 et
1440 402 1605 448 personis,
1628 399 1818 436 monasteria
1841 411 1897 434 seu
1914 399 1972 434 be-

1215 451 1325 486 neficia
1349 450 1533 485 huiusmodi
1554 462 1609 497 per
1624 462 1680 486 eos
1696 449 1835 489 obtenta,
1848 449 1877 483 in
1892 461 1971 484 con-

1214 498 1895 547 gregationisliuiusmodiseualicuiusillius
1906 510 1972 546 par-

1215 550 1355 585 ticularis
1383 549 1563 584 monasterii
1592 548 1795 584 commodum
1811 547 1971 583 dimittere

1214 599 1415 643 volentibus,
1438 598 1664 633 conventiones
1691 606 1721 634 et
1750 604 1861 645 pacta,
1890 609 1970 644 quae

1216 649 1323 684 illicita
1336 657 1379 694 et,
1394 647 1522 696 quando
1545 647 1716 695 apostolica
1732 646 1971 683 confirmatione

1215 707 1369 743 carerent,
1397 709 1546 745 expresse
1569 697 1725 744 prohibita
1752 704 1970 739 censerentur,

1216 749 1307 789 inire3
1324 760 1360 783 ac
1378 747 1584 791 monasteria,
1600 747 1756 793 prioratus
1777 753 1807 780 et
1833 745 1893 780 alia
1915 746 1972 781 be-

1216 799 1325 834 neficia
1344 795 1852 845 quaecumque,conventionibus
1869 803 1900 830 et
1917 808 1972 843 pa-

1215 849 1273 884 ctis
1302 847 1483 883 buiusmodi
1517 845 1816 890 intervenientibus,
1838 845 1974 892 acquisi-

1217 907 1351 941 verunt,
1372 897 1519 941 retinere,
1535 896 1666 943 ipsaque
1689 895 1918 932 conventiones
1943 903 1974 930 et

1216 956 1304 995 pacta
1329 947 1507 986 observare,
1527 946 1647 993 absque
1666 958 1704 981 eo
1727 944 1810 992 quod
1834 944 1971 991 aliquam

1215 997 1369 1033 simoniae
1392 996 1493 1032 labem
1517 996 1693 1037 incurrant,
1715 995 1813 1031 libere
1835 1003 1866 1030 et
1890 995 1973 1030 licite

1217 1048 1349 1083 valeant.

1265 1098 1285 1145 g
1311 1098 1369 1131 45.
1394 1096 1432 1130 Et
1454 1094 1727 1143 quandocumque
1749 1106 1806 1142 per
1834 1093 1971 1142 aliquem

1215 1155 1268 1181 aut
1292 1146 1399 1193 plures
1427 1154 1528 1186 actus,
1556 1153 1663 1180 contra
1692 1157 1726 1180 ea
1755 1153 1806 1180 aut
1830 1144 1971 1191 ipsorum

1215 1196 1353 1243 aliquod,
1367 1208 1383 1230 a
1399 1206 1614 1242 quocumque,
1626 1194 1857 1242 cuiuscumque
1871 1193 1975 1240 digni-

1217 1247 1302 1290 tatis,
1319 1245 1528 1284 conditionis,
1546 1244 1661 1290 gradus
1676 1257 1732 1280 seu
1749 1252 1850 1279 status
1869 1242 1973 1288 fuerit,

1216 1308 1252 1330 cx
1273 1295 1463 1342 negligentia
1482 1295 1529 1329 vel
1546 1294 1720 1340 ignorantia
1745 1293 1973 1341 praesentium,

1216 1345 1333 1392 quibus
1357 1345 1433 1380 baec
1455 1344 1686 1388 conceduntur,
1709 1351 1762 1379 aut
1788 1343 1847 1378 alia
1862 1343 1974 1390 quavis

1216 1408 1322 1439 causa,
1342 1395 1478 1429 scienter
1491 1394 1540 1430 rel
1569 1394 1748 1440 ignoranter
1762 1393 1907 1428 attentari
1926 1393 1972 1428 vel

1218 1457 1275 1492 pro
1299 1453 1441 1491 tempore
1465 1443 1624 1479 observari
1653 1443 1827 1489 contingat,
1850 1442 1973 1478 nullum

1218 1503 1323 1529 tamen
1346 1502 1511 1542 propterea
1535 1493 1806 1540 exemptionibus,
1821 1492 1974 1527 immuni-

1217 1544 1345 1589 tatibus,
1362 1544 1569 1588 libertatibus,
1582 1543 1702 1589 gratiis,
1719 1542 1850 1577 indultis
1865 1551 1894 1577 et
1909 1542 1974 1589 pri-

1216 1594 1337 1640 vilegiis
1362 1593 1546 1629 huiusmodi
1578 1592 1805 1640 praeiudicium
1837 1603 1974 1639 genere-

1218 1652 1284 1684 tur3
1307 1644 1361 1679 sed
1391 1656 1426 1679 ea
1449 1643 1555 1678 omnia
1577 1651 1607 1678 et
1630 1642 1753 1689 singula
1782 1642 1811 1676 in
1835 1642 1902 1677 suis
1923 1654 1975 1678 ro-

1218 1694 1292 1729 bore
1319 1702 1349 1728 et
1376 1694 1522 1728 firmitate
1545 1701 1761 1740 permaneant.

1265 1748 1280 1787 g
1309 1747 1367 1778 46.
1387 1744 1433 1778 Ac
1447 1742 1532 1790 quod
1549 1742 1713 1790 deinceps,
1727 1754 1782 1790 per
1795 1753 1974 1789 quascum—

1216 1805 1277 1840 que
1295 1794 1505 1828 revocatorias
1525 1805 1582 1827 seu
1600 1792 1677 1827 alias
1689 1792 1878 1838 apostolicas
1894 1804 1972 1827 eon—

1217 1843 1377 1878 cessiones
1404 1842 1451 1877 vel
1480 1842 1607 1883 literas,
1634 1842 1694 1876 sub
1716 1841 1973 1889 quibuscumque

1216 1892 1385 1927 verborum
1401 1892 1510 1927 formis
1524 1900 1554 1927 et
1571 1891 1734 1926 tenoribus
1748 1899 1802 1927 aut
1824 1891 1974 1927 clausulis

1217 1941 1434 1988 derogatoriis,
1448 1942 1542 1977 etiam
1560 1942 1584 1976 si
1603 1942 1673 1977 illae
1687 1949 1774 1976 motu
1793 1950 1823 1977 et
1841 1940 1973 1976 scientia

1217 1991 1375 2027 similibus
1390 1991 1616 2036 emanaverint,
1640 1991 1725 2026 nulla
1749 2003 1786 2027 ex
1802 1990 1973 2039 praedictis

1217 2042 1388 2084 concessis,
1405 2050 1435 2077 et
1457 2054 1536 2090 quae
1559 2041 1662 2077 eidem
1686 2040 1726 2076 de
1749 2053 1830 2076 novo
1852 2048 1973 2076 erectae

1218 2097 1455 2143 congregationi
1489 2109 1543 2144 pro
1567 2104 1709 2144 tempore
1737 2095 1972 2136 concedentur,

1217 2152 1486 2199 exemptionibus,
1499 2150 1767 2192 immunitatibus,
1789 2150 1909 2197 gratiis,
1925 2150 1974 2184 in-

1218 2205 1325 2247 dultis,
1351 2207 1521 2254 privilegiis
1543 2215 1573 2241 et
1596 2205 1866 2246 concessionibus,
1889 2216 1972 2252 quo-

1219 2261 1389 2297 modolibet
1404 2262 1555 2306 revocari,
1567 2260 1681 2296 cassari
1691 2267 1721 2295 et
1734 2258 1890 2294 annullari
1903 2271 1974 2295 cen-

1218 2324 1357 2358 seantur,
1372 2329 1426 2351 seu
1441 2316 1606 2364 quibusvis
1629 2315 1658 2349 in
1678 2314 1722 2349 eis
1738 2313 1894 2349 contentis
1907 2326 1975 2362 par-

1219 2370 1323 2405 ticulis
1338 2379 1390 2406 aut
1407 2370 1557 2406 clausulis
1568 2369 1711 2416 derogari
1731 2369 1842 2411 valcat,
1858 2369 1928 2414 nisi,
1943 2369 1973 2403 in

1219 2424 1428 2471 derogatoriis
1451 2424 1497 2460 vel
1520 2425 1589 2467 aliis
1615 2423 1714 2458 literis
1743 2435 1798 2458 seu
1821 2423 1974 2458 cassatio-

1221 2479 1315 2514 nibus
1337 2478 1532 2524 huiusmodi,
1556 2479 1605 2513 illa
1634 2478 1680 2512 vel
1709 2477 1778 2513 illae
1801 2489 1838 2512 cx
1865 2477 1973 2522 literis,

1220 2545 1299 2580 quae
1326 2534 1462 2569 revocari
1479 2541 1532 2568 aut
1553 2533 1667 2568 cassari
1685 2532 1731 2567 vel
1754 2531 1909 2567 annullari
1924 2531 1972 2566 vi-

1221 2587 1382 2630 derentur,
1405 2596 1458 2623 aut
1485 2588 1534 2623 cui
1566 2587 1611 2622 rel
1627 2586 1742 2634 quibus
1757 2585 1899 2632 derogari
1917 2598 1974 2634 ap-

1221 2650 1356 2690 pareret,
1383 2653 1555 2690 eorumque
1583 2649 1667 2677 totus
1695 2648 1784 2676 tenor
1811 2640 1850 2676 de
1878 2640 1973 2676 verbo

1987 243 2038 271 An.
2059 243 2088 270 C.
2103 243 2169 271 ¹515

1988 1105 2088 1127 Defectus
2103 1106 2124 1126 iu
2146 1106 2173 1127 ii·

1989 1136 2132 1158 intercedent.
2140 1143 2172 1158 v·-

1988 1167 2064 1188 lidituti
2071 1173 2113 1188 non
2123 1174 2172 1195 pr·-

1987 1198 2088 1220 iudicant.

2003 1748 2116 1775 Privttegia
2134 1749 2176 1770 hu-

1989 1780 2174 1806 tuscongregntio·

1988 1812 2021 1832 nis
2041 1816 2113 1832 revoc.
2131 1817 2174 1832 non

1989 1846 2113 1868 censentur,
2135 1848 2174 1870 por

1989 1879 2109 1901 quascumq.
2118 1872 2139 1895 S.
2147 1873 2171 1895 Δ.

1989 1904 2132 1931 disposition..
2141 1905 2174 1925 ni-

1989 1936 2005 1956 si
2015 1935 2137 1962 specialiter
2146 1934 2175 1955 ta-

1989 1969 2023 1988 eta
2038 1967 2153 1987 mentione.
