2281 3251
96 268 145 294 An.
163 266 193 294 C.
214 267 280 294 tsi-2

957 261 1063 284 ltlms
1085 261 1109 283 11
1133 261 1179 283 ΡΡ,

1712 246 1781 279 519

295 328 362 356 ctae
378 317 632 365 congregationis
646 315 753 351 Sancti
769 315 940 351 Salvatoris
954 315 1044 351 insti·
1088 315 1183 356 modi,
1199 321 1290 362 prout
1313 313 1553 348 convenientius
1567 311 1836 360 poterit,exequa-

296 370 370 405 tutis
395 377 425 404 et
451 366 727 402 constitutionibus
750 377 811 400 non
835 365 998 401 obsistant.

342 423 358 463 ἓ
381 421 412 452 7.
436 417 475 452 Et
489 416 590 452 dictae
605 416 856 463 congregationis
871 415 1042 463 capitulum

104 467 449 514 cainumaene-generale,
476 467 540 502 sive
568 467 596 500 in
625 478 661 501 eo
689 477 795 500 rocem
820 477 874 513 pro
903 474 1044 513 tempore

97 506 457 563 {21¹7sl31„.‘.“⁰l¹.¹{t1abentes,
481 528 536 563 pro
558 516 641 551 felici
665 527 816 550 successu
846 515 947 562 ipsius
965 527 1042 550 eon-

97 569 203 620 ’ξξῑᾞζξυθῃ
226 572 280 618 ⁰22ss
293 566 483 614 gregationis
497 566 601 602 Sancti
618 565 805 610 Salvatoris,
820 572 934 600 statuta
947 593 954 606 ,
969 578 1043 600 con·

96 605 279 651 fagnaula„-
293 617 471 652 stitutiones
513 623 543 650 et
570 615 782 650 ordinationes
815 627 850 650 ac
883 615 987 650 omnia
1015 623 1044 650 et

95 662 198 684 “¹¹¹“''‘¹¹*³
292 667 427 714 singula,
450 677 532 713 quae
554 666 585 699 in
608 664 826 712 spiritualibus
847 672 877 699 et
892 673 1046 712 tempora-

293 717 375 752 libus
401 716 500 763 ipsius
527 714 783 762 congregationis
805 723 834 749 et
853 714 921 749 eius
943 727 1044 762 regu-

292 766 366 802 laris
387 765 574 813 disciplinae
596 773 724 805 statum,
741 763 981 805 observantiam,
1000 764 1044 799 in-

293 816 509 859 demnitatem,
527 823 556 849 et
575 815 658 849 circa
674 814 770 848 divini
793 813 886 848 officii
902 813 1045 849 celebra-

293 867 422 910 tionem,
442 865 648 899 directionem
663 872 693 899 et
714 863 942 898 ordinationem
960 863 1045 907 (abs-

291 928 352 964 que
372 924 474 950 tamen
492 914 590 961 ipsius
604 913 744 960 Regulac
758 913 787 947 in
811 912 981 947 substantia
998 913 1044 948 vel

293 968 323 1000 in
339 965 454 1000 effectu
470 964 664 1008 variatione),
688 962 978 1010 interpretationem
998 963 1044 998 vel

292 1015 534 1050 declarationem
552 1012 777 1059 quoquomodo
790 1024 979 1047 concernere
993 1025 1046 1059 po-

294 1065 433 1108 tuerint,
456 1063 640 1099 auctoritate
664 1062 821 1109 praedicta
849 1061 1044 1107 instituendi,

292 1114 472 1153 ordinandi,
496 1112 721 1159 interpretandi
744 1120 773 1146 et
800 1111 990 1153 declarandi,
1010 1123 1045 1146 ac

293 1177 341 1203 ea,
364 1176 446 1211 quae
469 1162 514 1198 sic
537 1163 690 1202 instituta,
712 1161 867 1205 ordinata,
889 1161 1045 1208 interpre-

295 1222 354 1249 tata
378 1213 424 1248 vel
451 1211 606 1247 declarata
635 1211 774 1249 fuerint.
798 1210 828 1244 in
852 1218 917 1245 toto
939 1211 985 1245 vel
1014 1211 1044 1245 in

295 1271 392 1311 parte,
415 1269 507 1309 prout
523 1273 627 1296 rerum
649 1260 696 1295 vel
719 1268 898 1307 temporum
912 1259 1046 1306 qualitas

294 1313 447 1360 exegerit,
474 1310 615 1351 tollendi,
638 1309 802 1353 alterandi,
831 1309 1045 1355 modificandi,

296 1361 478 1401 innovandi,
492 1359 684 1407 corrigendi,
697 1359 900 1401 emendandi,
916 1371 1046 1406 suspen-

295 1411 390 1447 dendi
411 1419 441 1446 et
463 1411 494 1445 in
509 1409 624 1445 melius
639 1408 865 1450 commutandi,
881 1409 1003 1456 plenam
1017 1418 1047 1444 et

296 1462 426 1496 liberam
456 1461 488 1495 in
515 1459 665 1495 omnibus
692 1458 826 1494 habeant
854 1458 1044 1494 facultatem.

295 1512 339 1546 lta
358 1519 462 1546 tamen
484 1509 567 1558 quod
584 1509 688 1545 nullae
710 1509 923 1544 ordinationes
938 1509 968 1543 iu
984 1521 1046 1544 uno

295 1560 432 1609 capitulo
454 1559 593 1606 generali
627 1559 770 1594 decretae
807 1558 900 1593 ullam
931 1558 994 1594 vim
1017 1566 1047 1593 et

296 1612 400 1646 locum
428 1609 543 1644 babere
571 1609 693 1656 possint
714 1608 964 1653 constitutionis,
988 1609 1045 1643 nisi

296 1662 376 1696 duae
398 1659 507 1695 saltem
531 1671 568 1694 ex
588 1659 687 1693 tribus
707 1658 849 1705 partibus
864 1658 1046 1693 huiusmodi

296 1722 402 1746 vocem
419 1710 450 1744 in
466 1709 533 1756 ipso
556 1709 693 1755 capitulo
712 1707 896 1743 habentium
911 1720 1048 1743 concur-

297 1760 406 1801 rerint,
421 1766 450 1794 et
464 1758 524 1793 hoc
533 1748 767 1793 ordinesuerint
782 1770 837 1805 per
851 1758 980 1793 duoalia
993 1759 1049 1792 im-

297 1809 430 1845 mediata
455 1807 589 1855 capitula
605 1808 761 1855 generalia
779 1807 945 1855 sequentia
959 1820 1048 1843 com-

297 1859 457 1906 probatae;
479 1869 561 1905 quae
575 1858 620 1892 sic
633 1868 668 1892 ut
683 1858 904 1904 comprobatae
919 1859 1048 1902 suerint,

297 1916 485 1944 censeantur
500 1919 572 1942 mox
593 1907 766 1955 apostolico
781 1907 893 1942 robore
908 1919 1049 1942 commu-

297 1959 390 1993 nitae.
413 1957 540 2000 Quibus
567 1957 866 2002 constitutionibus,
896 1957 1048 2002 decretis,

296 2007 559 2049 ordinationibus,
570 2006 833 2042 declarationibus
846 2016 875 2042 et
885 2008 1047 2042 correctio-

298 2058 392 2094 nibus
405 2057 521 2104 singuli
537 2057 576 2092 de
593 2057 837 2104 congregatione
851 2057 1047 2103 huiusmodi,

297 2113 528 2159 cuiuscumque
549 2111 723 2159 dignitatis,
757 2119 855 2147 status
881 2124 938 2147 seu
965 2124 1048 2147 con-

299 2167 430 2203 ditionis
445 2167 591 2209 existant,
605 2166 771 2201 efficaciter
794 2179 902 2214 parere
916 2167 1048 2203 omnino

299 2230 474 2258 teneantur.

346 2278 366 2325 g
393 2279 426 2312 8.
449 2276 606 2311 Nolumus
629 2283 732 2311 tamen
766 2275 851 2323 quod
874 2275 910 2310 ad
935 2287 1050 2323 pecca-

302 2340 380 2374 tum,
402 2331 460 2367 nisi
476 2330 639 2366 contrafiat
651 2343 689 2366 ex
703 2338 898 2378 contemptu,
913 2330 1048 2378 aliquem

299 2386 448 2433 obligent.

347 2442 368 2489 ἓ
387 2443 420 2476 9.
444 2440 485 2476 Et
506 2441 651 2489 quotiens
673 2439 832 2488 praelatus
847 2439 971 2487 aliquis,
987 2451 1051 2474 mo-

301 2495 483 2540 nasterium,
502 2495 552 2530 cui
573 2494 753 2542 praefuerit,
773 2493 953 2538 reformare,
967 2500 998 2528 et
1012 2492 1049 2529 ad

301 2547 1050 2597 ipsiuscongregationisobservantiamreducere

301 2602 484 2646 decreverit,
501 2604 755 2640 reformationem
771 2602 977 2651 ipsam,iuxta
994 2602 1051 2638 de-

301 2664 395 2700 creta,
407 2658 619 2694 ordinationes
635 2666 663 2693 et
679 2657 920 2693 constitutiones
935 2657 1049 2692 huius—

110 2341 184 2363 Peccat
195 2343 281 2370 quisque

102 2373 222 2394 rontrataett
256 2379 282 2394 cx

104 2407 229 2431 contemptu.

115 2496 206 2524 Quisque
221 2504 284 2524 prae-

102 2527 156 2547 latus
182 2527 284 2548 reforma-

103 2559 154 2579 ttoni
174 2560 229 2579 iuna
245 2558 284 2579 Or-

103 2589 157 2609 dinis
173 2590 237 2609 instit.
250 2590 285 2609 in-

103 2619 192 2639 rumh-ti.

1086 376 1145 399 llll*-

1133 419 1148 458 g
1178 417 1189 448 4
1201 416 1232 449 Ο.
1256 413 1437 461 Capitulum
1453 421 1556 448 autem
1571 411 1717 459 generale
1733 411 1836 446 nomi-

1087 476 1208 506 namus,
1231 464 1316 511 quod
1347 464 1374 498 in
1401 463 1483 498 dicta
1506 462 1749 508 congregatione
1767 461 1835 496 sin-

1085 514 1167 559 gulis
1183 515 1274 548 annis
1289 513 1478 557 celebratur,
1502 513 1532 546 in
1556 524 1618 559 quo
1646 522 1757 546 omnes
1772 510 1836 545 ele-

1085 564 1206 599 ctiones
1230 563 1341 611 prioris
1359 562 1514 609 generalis
1529 570 1558 597 et
1579 561 1773 597 visitatorum
1801 572 1837 595 ac

1086 613 1246 657 abbatum,
1271 614 1422 661 priorum,
1449 611 1698 660 praepositorum
1713 618 1743 646 et
1757 610 1838 645 alio-

1087 676 1155 697 rum
1179 674 1455 711 quorumcumque
1477 661 1656 697 officialium
1680 667 1839 696 monaste-

1088 713 1203 747 riorum
1226 721 1257 747 et
1285 712 1425 747 locorum
1449 711 1550 746 dictae
1571 710 1838 757 congregationis;

1088 774 1208 797 necnon
1231 762 1336 796 omnia
1358 762 1414 796 alia
1435 769 1548 796 statuta
1571 768 1602 796 et
1623 760 1775 801 ordinata,
1804 767 1836 794 ut

1088 812 1310 859 praemittitur,
1334 812 1416 846 iuxta
1445 811 1523 846 ritus
1544 819 1574 845 et
1595 809 1838 845 constitutiones

1089 861 1252 908 praefatas,
1274 873 1311 896 eo
1333 861 1401 908 ipso
1419 860 1535 908 quibus
1559 860 1598 895 de
1620 871 1778 894 consensu
1797 860 1838 907 ip-

1086 912 1151 946 sius
1172 911 1313 958 capituli,
1336 923 1392 945 seu
1411 912 1478 946 eius
1500 910 1703 945 definitorum
1723 909 1754 944 in
1774 909 1838 944 sor-

1087 973 1168 995 mam
1199 960 1359 1008 publicam
1387 960 1512 996 redacta
1539 959 1665 1000 suerint,
1693 958 1838 995 eiusdem

1086 1011 1248 1058 apostolici
1284 1010 1471 1045 muniminis
1502 1009 1699 1044 declaramus
1726 1008 1839 1044 robore

1086 1060 1287 1095 communiri.
1300 1060 1487 1095 Huiusmodi
1497 1071 1570 1106 ergo
1585 1059 1840 1106 congregationis

1086 1118 1115 1144 et
1137 1109 1264 1157 capituli
1299 1110 1456 1156 generalis
1477 1108 1689 1156 dispositioni,
1711 1108 1840 1143 ordina-

1087 1160 1177 1204 tioni,
1193 1159 1406 1194 reformationi
1422 1167 1452 1194 et
1467 1158 1679 1203 obedientiae,
1695 1158 1839 1193 universa

1088 1210 1287 1250 monasteria,
1313 1209 1482 1257 prioratus,
1503 1210 1631 1254 domus,
1653 1215 1840 1252 conventus,

1087 1259 1165 1300 loca,
1184 1271 1307 1294 necnon
1330 1271 1378 1294 res
1400 1267 1429 1294 et
1452 1259 1531 1294 bona
1554 1271 1626 1293 cum
1649 1258 1717 1293 suis
1739 1270 1841 1292 mem-

1088 1308 1164 1350 bris,
1180 1308 1300 1344 iuribus
1315 1316 1346 1343 et
1357 1308 1553 1356 pertinentiis
1569 1307 1840 1356 quibuscumque,

1087 1371 1168 1405 quae
1191 1358 1337 1394 videlicet
1365 1359 1458 1393 iustis
1485 1358 1589 1393 modis
1615 1357 1770 1393 hactenus
1796 1357 1841 1392 eis

1087 1408 1188 1443 oblata
1213 1409 1386 1456 traditaque
1407 1408 1494 1443 fuere
1507 1416 1552 1448 et,
1575 1407 1668 1442 dante
1689 1406 1842 1451 Domino,

1088 1458 1236 1506 applicari
1267 1466 1412 1506 poterunt
1435 1457 1673 1506 quomodolibet
1694 1457 1725 1491 in
1750 1457 1841 1491 futu—

1089 1524 1170 1551 rum,
1185 1525 1219 1548 ac
1234 1525 1344 1548 eorum
1368 1524 1532 1560 personae,
1548 1520 1610 1546 tam
1628 1511 1731 1547 clerici
1747 1523 1840 1559 quam

1088 1568 1231 1602 conversi
1248 1576 1278 1603 et
1293 1567 1465 1611 commissi,
1476 1567 1504 1601 in
1515 1566 1609 1602 dictis
1626 1565 1838 1607 monasteriis,

1090 1621 1279 1667 prioratibus
1304 1630 1334 1657 et
1360 1621 1566 1657 conventibus
1599 1633 1635 1656 ac
1661 1620 1740 1655 locis
1776 1619 1842 1655 sive

1089 1676 1240 1711 membris
1253 1676 1404 1723 degentes
1423 1688 1477 1723 pro
1495 1684 1647 1723 ternpore,
1664 1675 1844 1710 cuiuscum-

1089 1743 1150 1777 que
1173 1730 1347 1777 dignitatis,
1370 1738 1469 1764 status
1496 1737 1549 1764 aut
1567 1729 1758 1764 conditionis
1780 1728 1842 1764 fue-

1092 1775 1214 1829 rint,⁰in
1243 1784 1392 1819 omuibus
1413 1784 1556 1820 subiecta
1578 1791 1790 1831 perseverent.

1137 1839 1158 1886 S
1186 1841 1240 1873 ll.
1265 1838 1414 1874 Universi
1442 1851 1515 1874 vero
1542 1837 1670 1886 praelati
1699 1837 1840 1873 eiusdem

1090 1892 1342 1939 congregationis
1355 1892 1416 1928 sub
1439 1892 1551 1939 prioris
1561 1892 1730 1940 generalis;
1745 1900 1775 1928 et
1788 1892 1840 1927 alii

1091 1947 1246 1988 canonici,
1269 1947 1413 1982 conversi
1433 1955 1462 1982 et
1484 1946 1657 1988 commissi,
1673 1946 1733 1981 sub
1748 1957 1841 1994 prae-

1091 2001 1237 2044 latorum,
1253 2001 1284 2036 in
1299 2013 1434 2050 quorum
1450 2010 1583 2037 monast.
1600 2009 1655 2036 aut
1677 2001 1746 2036 aliis
1764 2000 1842 2036 locis

1090 2055 1281 2104 deputantur
1302 2069 1357 2092 seu
1381 2065 1561 2098 morantur,
1588 2055 1778 2092 obedientiis
1793 2055 1840 2090 vi-

1091 2120 1173 2152 vant,
1189 2120 1218 2146 et
1246 2124 1299 2147 eas
1323 2111 1386 2147 illis
1412 2111 1576 2147 humiliter
1597 2118 1765 2159 praestent.

1138 2170 1154 2210 g
1178 2170 1233 2201 12.
1258 2166 1297 2201 Et
1319 2167 1395 2201 nulli
1415 2166 1623 2214 praelatorum
1647 2166 1692 2201 vel
1712 2165 1842 2201 eanoni-

1091 2231 1198 2255 corum
1223 2220 1452 2268 praedictorum
1474 2220 1513 2256 ab
1530 2220 1691 2261 institutis,
1713 2220 1842 2256 ordina-

1092 2273 1240 2321 tionibus,
1258 2275 1506 2311 correctionibus
1528 2283 1558 2310 et
1581 2274 1736 2311 mandatis
1751 2275 1841 2323 capi-

1092 2329 1147 2364 tuli
1171 2342 1228 2365 seu
1243 2330 1354 2378 prioris
1369 2329 1522 2377 generalis
1536 2338 1589 2365 aut
1601 2329 1734 2365 aliorum
1749 2341 1842 2378 prae-

1092 2384 1225 2421 latorum
1249 2385 1349 2433 ipsius
1376 2384 1640 2432 congregationis⁷
1667 2384 1706 2420 ad
1729 2396 1841 2432 quem-

1091 2440 1342 2488 cumque,etiam
1355 2439 1392 2474 ad
1408 2452 1465 2474 nos
1473 2448 1503 2475 et
1512 2439 1626 2475 Sedem
1637 2438 1840 2487 praedictam,

1092 2494 1150 2529 nisi
1174 2494 1213 2529 de
1239 2494 1367 2542 speciali
1390 2493 1514 2529 Summi
1529 2493 1841 2533 Pontificislicentia,

1091 2549 1248 2597 appellare
1271 2549 1376 2589 liceat3
1396 2548 1682 2596 appellationesque
1705 2547 1842 2594 desuper

1093 2616 1149 2650 pro
1179 2612 1319 2651 tempore
1348 2604 1549 2651 interpositae
1571 2612 1601 2639 et
1623 2602 1696 2638 inde
1721 2609 1841 2648 secuta,

1094 2658 1176 2693 irrita
1200 2657 1383 2693 habeantur.

1850 258 1900 283 An.
1919 256 1948 282 C.
1968 255 2031 282 test-2

1864 424 1952 449 Capituli
1968 431 1983 443 ,Μ
1995 428 2035 441 nt·—

1851 455 1888 474 rat.
1905 461 1951 473 vius
1961 463 1972 468 ’ν
1983 458 1986 471 Ι
1999 460 2033 472 nur

1955 462 1960 470 0

1851 489 1871 505 et
1901 485 2034 504 nltedtrmtae

1852 522 1925 536 enims
1944 516 2032 535 suti-mr

1865 1851 1931 1873 Priori
1947 1852 2040 1877 *generali

1857 1889 1930 1904 ornnes
1941 1884 2040 1910 praelati.

1857 1919 1877 1936 et
1893 1916 1923 1935 ets
1935 1916 2001 1935 reteri
2017 1921 2040 1934 o-

1856 1946 1948 1967 bomani.

1856 2173 1886 2193 Ad
1897 2172 1972 2193 §edem
1984 2173 2041 2199 Apo-

1857 2203 2040 2231 stnttcam‚absque

1857 2237 1902 2255 eius
1918 2235 1981 2255 licen.
1998 2241 2040 2255 non

1857 2265 1977 2293 appellent;
