2281 3251
242 262 294 289 An.
314 260 425 290 01516

282 1365 399 1387 Exordium.

489 249 558 283 654

769 310 855 346 XIX.

442 398 582 431 Fac-ultas
616 396 807 428 visitatorum
843 391 1089 437 conqreqati'onis
1115 402 1190 423 mo—

490 448 655 480 nachorum
666 445 779 478 Bcalae
790 443 910 476 „llari‘ae
926 442 1041 475 Montis
1064 440 1187 477 Oli'ueti'

494 496 622 530 Ordinis
655 494 689 527 S.
720 493 887 530 Benedicti,
918 493 999 524 circa
1028 490 1191 523 locationes

491 553 516 579 et
538 545 736 579 alienationes
759 544 907 576 bonorum
922 541 1127 574 immobilium
1141 540 1193 573 di·-

492 604 555 629 ctae
587 594 832 639 congregationis
866 593 898 624 ιἰι
930 591 1094 624 evidentem
1131 590 1194 623 eius

491 646 655 679 utilitatem
672 645 728 686 (1).

711 720 925 753 summatum

444 791 609 822 Exordium.
631 807 670 812 —
687 790 712 820 1.
735 788 800 819 Iulii
817 787 1032 818 llconstitutio.
1051 786 1129 816 -2,
1142 785 1198 815 Pe-

486 837 547 866 titio
570 844 706 874 congreg.
727 851 767 856 —
785 834 811 863 3.
828 832 965 863 Facultas
988 831 1077 861 unius
1097 831 1198 860 visita-

484 881 555 910 toris
578 881 653 909 circa
683 878 890 908 alienationem
910 876 1054 906 bonorum
1078 884 1199 913 congre-

485 925 620 963 gationis,
646 941 685 946 —
711 924 738 953 4.
764 922 907 952 Validatio
930 921 1142 951 alienationum
1163 918 1198 949 ab

485 979 518 999 eo
532 969 705 999 fiendarum.
716 984 755 990 —
765 968 792 997 5.
805 966 958 1005 Derogatio
971 966 1198 995 contrariorum.

444 1045 492 1074 teo
512 1045 581 1081 Papa
599 1045 632 1078 Χ,
653 1043 762 1072 dilectis
780 1042 846 1071 filiis
865 1041 960 1071 abbati
976 1041 1098 1077 generati
1116 1041 1143 1069 et
1158 1039 1201 1068 vi-

490 1095 657 1124 sitatoribus
674 1092 895 1130 congregationis
911 1098 1086 1120 monacorum
1099 1091 1200 1120 Beatao

490 1144 591 1173 mariae
610 1145 642 1173 do
670 1144 760 1173 monte
779 1143 893 1175 oliveto.
914 1141 1018 1169 ordinis
1043 1140 1136 1170 Sancti
1154 1141 1200 1169 Be·

490 1194 602 1227 nedicti.
624 1193 742 1223 satutem
774 1193 803 1221 et
833 1191 1015 1227 apostolicam
1033 1190 1200 1219 henedictio-

490 1250 561 1272 nem.

500 1312 546 1346 Ex
569 1311 674 1346 debito
703 1310 869 1359 pastoralis
897 1309 990 1344 officii
1015 1308 1051 1343 ad
1069 1321 1104 1343 ea
1128 1320 1201 1356 pro-

450 1362 557 1396 videre
581 1375 636 1395 nos
659 1362 819 1401 convenit.
834 1369 867 1395 ut
890 1359 1154 1394 monasteriorum
1171 1366 1201 1392 et

1025 253 1125 277 BULLA
1131 253 1211 276 11th!
1236 252 1398 275 ROMANUM

1229 320 1298 342 rum
1319 308 1511 342 visitatorum
1529 306 1635 342 omnia
1658 305 1846 341 monasteria
1864 305 1983 340 liuius-

1231 357 1314 392 modi
1339 356 1513 392 incedendo
1536 357 1660 392 visitare
1683 368 1744 391 non
1768 363 1912 404 possunt,
1928 353 1984 391 sed

1232 407 1392 442 multoties
1414 406 1530 453 singuli
1559 406 1598 440 ad
1626 406 1818 441 visitandum
1848 406 1985 440 mittan-

1233 467 1308 497 tur·
1352 456 1630 503 οιιΙίιιιιιιιιιίιιιῳιιἱ
1675 464 1835 512 praeterea
1870 454 1986 503 quod,

1233 485 1360 555 quaiido
1381 520 1411 541 ιιι
1415 519 1463 541 ιιι5
1485 506 1570 541 solus
1591 505 1728 541 visitator
1746 506 1893 548 mittitur,
1909 506 1987 552 ipsc,

1234 570 1280 592 sic
1299 569 1354 604 pro
1373 565 1513 612 tempore
1535 556 1660 599 ιιιί55ιι5,
1673 569 1771 590 unum
1787 533 1986 591 sacerdotem

1235 607 1274 641 de
1301 607 1422 653 gremio
1446 614 1548 641 vestro
1567 605 1649 640 sibi
1643 618 1673 639 ιιι
1688 606 1810 640 socium
1826 617 1989 640 assumere

1238 658 1348 712 possit,
1363 656 1429 711 qui,
1444 655 1528 690 dicta
1545 663 1722 690 visitatione
1739 655 1885 697 durante,
1901 654 1988 689 omni

1237 707 1407 741 visitatoris
1441 706 1626 740 auctoritate
1663 704 1826 751 fungatur·
1856 713 1886 740 et
1916 717 1987 739 cum

1237 769 1330 803 graie
1356 755 1526 790 admodum
1553 763 1583 790 et
1604 754 1842 800 dispendiosum
1879 766 1991 789 mona-

1238 807 1353 847 steriis,
1372 806 1563 853 prioratibus
1578 813 1607 839 et
1623 805 1701 839 locis
1719 803 1884 839 visitandis
1899 803 1991 847 soret,

1238 857 1276 897 si,
1300 856 1341 891 ob
1363 856 1459 891 unius
1478 855 1647 890 visitatoris
1663 854 1835 893 defectum,
1864 853 1993 888 abbates

1239 919 1293 941 seu
1323 906 1444 953 priores
1465 913 1519 940 aut
1546 905 1611 950 alii,
1646 903 1811 939 obtinendi
1835 903 1993 938 licentiam

1240 955 1398 991 vendendi
1426 968 1482 990 seu
1510 955 1588 990 alias
1615 954 1787 999 alienandi,
1816 954 1900 988 iuxta
1931 953 1995 988 sor-

1241 1019 1323 1041 mam
1339 1006 1537 1052 singularum
1561 1005 1722 1039 literarum
1748 1004 1994 1052 praedictarum,

1240 1056 1466 1091 commoditate
1494 1063 1653 1099 carerent,
1689 1067 1745 1102 pro
1777 1061 1864 1101 parte
1892 1061 1996 1088 vestra

1242 1107 1334 1141 nobis
1361 1106 1420 1140 fuit
1443 1105 1605 1140 humiliter
1631 1104 1851 1152 supplicatum
1875 1110 1909 1138 ut
1931 1114 1998 1138 mo-

1242 1157 1464 1197 nasteriorum,
1488 1156 1684 1202 prioratuum
1704 1162 1735 1189 et
1762 1154 1896 1188 aliorum
1916 1165 1995 1188 con-

1241 1207 1435 1253 gregationis
1470 1205 1651 1240 huiusmodi
1687 1204 1829 1239 locorum
1869 1202 1995 1238 utilitati

1242 1256 1423 1300 consulere,
1449 1255 1589 1302 aliasque
1618 1255 1648 1289 in
1674 1254 1857 1301 praemissis
1872 1264 1997 1300 oppor—

1242 1316 1318 1341 tune
1347 1306 1522 1353 providere,
1545 1305 1584 1340 dc
1608 1304 1802 1352 benignitate
1824 1303 1996 1351 apostolica

1243 1357 1458 1403 dignari-‚einim

1998 250 2046 277 An.
2067 248 2097 277 C.
2114 247 2182 276 11516

451 1413 583 1446 aliorum
620 1411 808 1457 rurularium
841 1410 982 1445 locorum
1011 1409 1135 1443 utilitati
1171 1416 1202 1443 et

453 1461 665 1523 commoditati
691 1460 789 1495 valeat
817 1460 982 1508 provideri.

501 1513 571 1555 3¹1.
600 1511 729 1545 Dudum
758 1510 915 1558 siquidem
936 1509 1037 1543 felicis
1056 1507 1203 1543 recorda-

1277 1385 1312 1453 og
1341 1409 1372 1441 5
1395 1406 1460 1441 Nos
1488 1405 1583 1452 igitur
1607 1417 1661 1439 vos
1683 1412 1713 1439 et
1735 1403 1910 1450 singulares
1925 1414 1998 1450 per·
2025 1414 2199 1437 ι-ιωιιιιιιηιιιι

1243 1469 1338 1491 5οιιιι5
1361 1468 1398 1491 ex
1427 1454 1514 1490 vobis
1541 1467 1556 1489 ιι
1586 1454 1750 1510 quibusvis
1777 1432 1999 1488 οῦιιοοιιιιιιιιιιί-
2013 1446 2200 1500 ζῖξὲξζῧῖξοζξ·

1245 1507 1390 1550 tationis,
1414 1505 1630 1552 suspensionis
1645 1512 1675 1539 el.
1686 1503 1842 1538 interdicti
1867 1502 1999 1549 allisque
2013 1512 2199 1568 ἓὲιῐζὶἱίξῦοΰῑῐὺ

269 1567 314 1589 tuin
335 1568 439 1590 conutitu-

259 1722 336 1743 Pontio
346 1725 439 1747 oonzre-

251 1753 349 1782 gationis.

454 1561 548 1596 tionis
570 1560 648 1595 Iulio
676 1561 780 1608 Papae
813 1559 852 1601 ll,
881 1558 1115 1607 praedecessori
1145 1570 1203 1593 no-

453 1620 517 1647 stro
539 1619 591 1646 etc.
615 1614 669 1654 (2).

502 1662 576 1709 gx).
603 1661 683 1696 Cum
707 1668 823 1701 autern,
841 1661 923 1695 sieut
944 1658 1083 1693 exbibita
1112 1657 1205 1692 uobis

453 1725 554 1759 nuper
577 1724 632 1759 pio
657 1720 743 1758 parte
767 1719 867 1745 vestra
888 1710 994 1757 petitio
1012 1708 1204 1752 continebat,

453 1763 554 1797 dictae
575 1761 828 1808 congregationis
852 1761 1038 1800 visitatores,
1066 1771 1082 1794 a
1104 1758 1205 1793 multo

454 1821 595 1860 tempore
622 1813 710 1856 citra,
727 1823 795 1846 esse
811 1810 1033 1845 consueverint
1049 1821 1103 1844 sex
1119 1820 1206 1856 piae-

452 1861 526 1903 lati,
553 1874 687 1909 quorum
717 1861 850 1895 consilio
872 1869 902 1894 et
925 1872 1082 1895 consensu
1104 1870 1206 1905 nene-

452 1911 526 1946 ralis
548 1911 688 1946 ciusdem
711 1911 812 1945 dictae
832 1909 1086 1956 congregationis
1109 1908 1206 1943 abbas

454 1974 510 2009 pro
533 1970 674 2008 ternpore
697 1961 835 1995 existens
859 1972 976 2005 congre
980 1959 1138 2005 gationcn]
1165 1959 1208 2005 ip·

453 2023 518 2046 sain
543 2011 711 2057 gubernat
733 2019 762 2045 et
785 2010 840 2057 qui
869 2009 948 2048 bini,
970 2008 1080 2043 saltem
1110 2008 1205 2042 bisin

453 2073 554 2105 anno,
580 2061 617 2095 ad
655 2060 843 2094 visitandum
877 2059 982 2093 omnia
1017 2066 1048 2093 et
1082 2057 1207 2104 singula

454 2111 642 2146 monasteria
666 2111 767 2145 dictae
790 2108 1044 2155 congregationis
1064 2108 1142 2141 mitti
1157 2120 1209 2142 so-

455 2159 531 2200 leur,
546 2169 684 2207 etsaepe
706 2160 811 2194 contin
817 2168 881 2206 rat,
897 2160 961 2193 sive
982 2166 1109 2205 propter
1125 2157 1205 2191 mul-

457 2210 624 2244 titudinem
654 2211 918 2245 monasteriorum
955 2207 1208 2247 v,isitandoruin

457 2259 521 2294 sive
551 2268 677 2307 propter
699 2260 875 2306 aliquorum
900 2271 936 2293 ox
959 2257 1079 2292 eisdem
1105 2257 1210 2291 visita-

459 2309 579 2344 toribus
615 2310 775 2344 adversam
813 2307 1025 2344 valetudinem
1058 2315 1111 2341 aut
1134 2306 1209 2340 alios

459 2359 601 2394 sinistros
623 2367 770 2403 eventus,
793 2359 878 2406 quod
903 2358 966 2392 ιΙιιο
990 2357 1083 2391 simul
1107 2356 1210 2391 dicto-

495 2431 533 2466 (l)
551 2431 619 2457 llaec
636 2430 745 2457 facultas
770 2430 899 2457 hactenus
916 2431 971 2456 erat
990 2428 1107 2454 duorum
1128 2435 1206 2462 prae-

462 2470 573 2497 latorum
598 2471 817 2504 congregationis,
837 2475 865 2496 ut
882 2478 942 2504 sup.
964 2469 988 2495 in
1010 2467 1067 2494 Iulii
1082 2468 1101 2493 ll
1120 2468 1210 2493 Const.

462 2518 521 2543 xiv,
543 2512 583 2537 Ex
600 2514 729 2541 iniuncto,
756 2519 814 2545 pag.
841 2511 902 2537 ΜΩ.
922 2509 1115 2536 institutionem
1137 2515 1211 2538 vei-0,

462 2556 488 2578 et
503 2556 601 2578 statum
622 2551 704 2585 ipsius
724 2551 934 2585 congregationis
956 2549 1069 2575 indicavi
1092 2552 1154 2574 tom.
1174 2554 1211 2578 iv,

463 2592 488 2617 in
506 2591 618 2617 Constit.
641 2598 668 2617 ιιι
683 2591 764 2617 Clem.
785 2590 828 2621 Vl,
848 2592 1038 2619 Solicitndi'nis,
1060 2596 1119 2623 pag.
1150 2587 1211 2613 1⁸71.

463 2632 503 2665 (2)
518 2631 653 2657 Omittitur
669 2630 778 2657 insertio
799 2630 877 2657 liuius
889 2630 988 2661 Bullae,
1004 2636 1072 2663 quae
1083 2631 1122 2655 est
1133 2634 1214 2661 supe-

465 2673 530 2705 rius,
545 2681 601 2707 pag.
620 2673 681 2699 ΙιΙιΞ.

1244 1556 1469 1592 ecclesiasticis
1487 1555 1665 1599 sententiis,
1675 1553 1818 1589 censuris
1832 1560 1863 1588 ct
1877 1553 2000 1608 poenis,

1245 1619 1261 1642 a
1285 1607 1351 1641 iure
1378 1606 1424 1640 vel
1459 1605 1498 1640 ab
1534 1605 1679 1645 bomine,
1702 1604 1812 1651 quavis
1835 1603 2000 1638 occasione

1245 1657 1292 1692 vel
1321 1669 1413 1691 causa
1443 1656 1536 1697 latis,
1565 1655 1589 1690 si
1619 1655 1735 1702 quibus
1761 1652 2002 1701 quomodolibet

1247 1706 1386 1742 innodati
1404 1706 1551 1749 existitis,
1566 1705 1602 1739 ad
1621 1704 1768 1739 effectum
1787 1703 2001 1751 praesentium

1246 1757 1407 1791 dumtaxat
1429 1755 1702 1802 consequendum,
1722 1755 1833 1788 barum
1856 1754 1937 1788 serie
1952 1752 2004 1787 ab·

1247 1806 1427 1849 solventes,
1454 1817 1483 1841 et
1511 1805 1672 1841 absolutos
1709 1804 1775 1839 sore
1810 1811 2003 1846 censentes,

1247 1856 1431 1891 huiusmodi
1443 1854 1729 1902 supplicationibus
1742 1853 1893 1893 inclinati,
1904 1852 2003 1895 vobis,

1249 1915 1281 1942 ut
1303 1907 1395 1942 etiam
1419 1919 1502 1940 unus
1526 1918 1564 1940 ex
1587 1904 1680 1939 dictis
1699 1903 1926 1947 visitatoribus,
1949 1903 2003 1950 qui

1247 1957 1336 1992 solus
1357 1956 1449 1991 suerit
1477 1954 1516 1990 ad
1544 1954 1733 1989 visitandum
1771 1966 1828 2001 pro
1860 1961 2003 2000 tempore

1250 2007 1366 2041 missus
1384 2034 1391 2047 ,
1421 2018 1480 2040 una
1514 2017 1587 2040 cum
1616 2005 1703 2039 socio
1730 2005 1918 2043 sacerdote,
1950 2001 2002 2049 qui

1249 2065 1354 2091 tamen
1383 2055 1540 2103 praelatus
1567 2066 1604 2089 ex
1639 2054 1721 2089 dicta
1757 2053 2004 2099 congregatione

1249 2111 1382 2154 existat,
1411 2121 1464 2156 per
1486 2121 1559 2143 eum
1597 2109 1626 2142 in
1659 2108 1912 2143 convisitatorem
1948 2117 2004 2154 pro

1251 2174 1392 2212 tempore
1426 2164 1540 2205 eleeto,
1564 2164 1592 2197 in
1622 2162 1772 2198 omnibus
1806 2172 1835 2197 et
1869 2160 2005 2207 singulis

1251 2218 1487 2254 venditionibus
1508 2225 1538 2252 et
1560 2217 1631 2252 aliis
1658 2215 1918 2256 alienationibus,
1947 2226 2002 2262 per

1250 2274 1377 2309 abbates
1394 2302 1403 2319 ,
1427 2273 1579 2321 praelatos
1595 2301 1604 2317 ,
1628 2273 1748 2320 priores
1775 2280 1804 2306 et
1827 2278 2006 2306 conventus

1252 2328 1446 2369 huiusmodi,
1471 2329 1552 2362 iuxta
1577 2327 1731 2362 dictarum
1755 2327 1914 2361 literarum
1931 2337 2005 2360 con·

1252 2383 1427 2423 tinentiam,
1446 2381 1607 2422 faciendis,
1624 2393 1814 2416 consensum
1833 2390 2004 2427 praestare,

1252 2446 1283 2471 ct
1306 2437 1463 2472 licentiam
1488 2435 1644 2470 vendendi
1668 2444 1698 2470 et
1724 2436 1800 2470 alias
1822 2433 2005 2477 alienandi,

1254 2500 1286 2526 ut
1310 2492 1496 2538 praefertur,
1523 2490 1617 2526 dictis
1645 2490 1821 2534 abbatibus,
1846 2488 2005 2537 praelatis,

1255 2546 1414 2592 prioribus
1435 2554 1466 2581 et
1494 2545 1702 2580 conventibus
1725 2545 1910 2591 respective,
1936 2556 2004 2578 ser-

1256 2609 1319 2633 vat.»
1337 2601 1412 2635 :ilias
1428 2600 1622 2646 singularum
1639 2599 1797 2634 literarum
1817 2597 1999 2633 earumdem

1232 2655 1364 2714 ¹forma,
1383 2655 1557 2690 concedere
1584 2654 1683 2690 libere
1705 2662 1735 2689 et
1758 2654 1840 2689 licite
1866 2652 2002 2699 valeant,

2270 2543 2277 2599 ἱ

2262 2609 2277 2719 l
