2281 3251
103 286 154 314 Αιι.
173 286 199 313 C.
219 285 283 313 trum

124 2280 197 2301 Divina
206 2284 245 2306 ope
256 2281 297 2299 tur—

115 2316 185 2331 carum
213 2315 297 2331 exer-cr—

116 2344 148 2361 tus
168 2341 298 2368 profligatur.

924 286 960 307 CA
967 285 1093 308 {JirSTt'S

302 339 502 386 omnipotens
528 338 624 377 Deus,
654 346 819 385 postquam
849 338 920 373 inde
936 339 1049 373 coh-hri
1071 343 1073 352 ¹

303 389 466 422 beatorum
505 387 720 435 apostolorum
763 388 844 422 Petri
883 398 912 422 ct
949 388 1051 432 Pauli,

302 438 377 470 dum
404 449 489 472 sacra
514 437 678 471 missarum
711 437 863 472 solemnia
890 438 919 471 in
943 450 1050 471 eorum

304 486 428 520 basilica
460 498 643 532 ageremus,
675 486 779 521 literas
809 495 930 521 nostr-as
957 499 1053 534 super

303 535 439 581 generali
471 535 613 569 oratione
637 548 691 582 per·
729 536 892 569 univer-sos
925 536 1052 570 christi-

303 585 388 618 colas
409 584 550 619 facienda
575 584 669 619 lectas
692 593 734 623 et,
762 585 882 619 favente
905 585 1052 625 Domino,

305 633 422 681 ubique
469 634 648 668 observatas
702 634 834 668 fecimus
878 634 1051 681 publicari:

306 683 365 727 piis
407 683 602 717 orationibus
643 692 673 718 et
717 683 867 729 operibus
910 685 957 718 sui
1002 684 1053 717 as-

305 733 376 766 llicti
401 732 507 779 populi
530 732 761 778 aliquantulum
786 733 960 779 mitigatus,
980 733 1054 767 seri-

306 790 398 815 tatem
449 782 547 828 ipsius
597 781 701 828 viperii
756 790 786 815 et
834 782 1053 817 immanissimi

303 830 436 874 Tur-chi,
463 830 595 864 cultoris
635 831 821 865 execrabilis
855 831 1054 868 Maclromcti,

306 880 448 926 proxima
470 887 587 914 aestate
614 879 757 919 decursa,
785 892 858 914 cum
893 894 951 914 su«)
975 892 1055 927 pene

306 929 536 967 innumerabili,
552 929 581 962 in
597 942 659 976 quo
676 929 844 976 plurimum
865 929 1055 973 confidebat,

304 978 441 1012 exercitu
472 977 646 1012 infidelium
675 987 705 1012 et
741 978 941 1013 Turclrarum
978 991 1056 1013 con-

306 1028 401 1070 trivit,
417 1035 447 1062 et
474 1026 575 1061 Castri
599 1027 743 1073 Belgradi
760 1028 788 1061 in
813 1040 910 1073 regno
926 1027 1056 1073 ilunga-

307 1077 368 1110 riae
395 1076 432 1110 ad
457 1077 555 1123 ripam
584 1076 719 1111 Danubii
744 1077 864 1115 situati:
885 1077 970 1124 quod
998 1090 1057 1111 un-

305 1126 401 1173 dique
418 1125 583 1160 obsessum
607 1134 637 1161 et
659 1134 898 1171 coangustatum
922 1126 1057 1173 diripere

306 1175 479 1221 satagebat,
506 1175 672 1210 obsidione
707 1176 806 1209 soluta
837 1187 891 1223 per
917 1175 1057 1211 crucesi-

306 1233 416 1270 gnatos
438 1234 468 1259 et
490 1224 670 1271 Huugaros,
700 1225 874 1259 admodum
892 1226 1058 1271 populares

306 1274 449 1320 quamvis
467 1275 633 1321 pauciores
648 1287 780 1309 nrrmero
796 1282 825 1309 et
835 1274 897 1309 sere
908 1274 1057 1313 iuerrnes,

306 1336 343 1358 ex
367 1331 470 1358 nostra
498 1323 697 1359 ordinatione
719 1332 749 1358 et
775 1324 982 1358 instructione
1008 1324 1058 1357 di-

308 1373 390 1407 lecto
417 1373 481 1407 filio
516 1373 618 1419 legato
652 1381 759 1408 nostro
787 1374 825 1407 de
854 1373 948 1408 latere
984 1373 1058 1408 illuc

307 1422 465 1457 destinato
505 1423 659 1467 iniuncta,
686 1435 722 1458 ac
748 1424 875 1457 nunciis
902 1432 932 1458 et
960 1422 1059 1457 literis

307 1472 433 1519 saepius
456 1473 601 1518 repetita,
630 1485 666 1506 ex
695 1472 817 1507 sincera
851 1471 928 1517 side,
964 1485 1057 1519 quam

307 1531 467 1568 gestamus
490 1521 520 1555 in
545 1522 613 1569 ipso
631 1521 791 1557 Salvatore
824 1530 945 1566 nostro,
968 1522 1058 1556 cuius

307 1580 354 1605 est
377 1583 426 1606 res
447 1570 587 1606 adunare
615 1571 784 1618 dispersas,
812 1580 843 1606 et
879 1571 1059 1618 desperatas

309 1629 485 1668 protegere,
503 1629 534 1655 et
551 1621 777 1667 superborum,
802 1621 969 1667 praecipue
987 1621 1060 1655 inli-

308 1670 425 1704 delium
441 1679 471 1705 et
492 1670 681 1705 christianae
696 1671 766 1705 lidei
783 1671 879 1704 animi
897 1674 1060 1714 eor-urnii)

310 1720 480 1766 potentiam
504 1728 666 1755 conterere
693 1729 724 1754 et
759 1721 854 1754 etiam
891 1720 1059 1759 debellare,

308 1769 368 1803 sub
390 1778 520 1804 strenuo
540 1770 675 1817 vayvoda
690 1769 806 1804 Ioanne
837 1769 969 1804 celebris
993 1783 1060 1804 me-

310 1818 440 1862 moriae,
476 1818 546 1853 fidei
572 1827 696 1854 nostrae
718 1819 890 1854 catholicae
908 1819 1060 1853 acerrimo

310 1867 488 1908 defensore,
514 1876 545 1902 et
569 1881 624 1915 pro
652 1881 686 1903 ea
710 1877 803 1915 atque
833 1868 978 1903 fidelibus
995 1881 1061 1915 pro-

311 1926 496 1964 pugnatore,
530 1918 784 1964 christianaeque
807 1918 945 1952 eolrortis
981 1919 1060 1953 duce

310 1967 509 2013 dignissimo,
532 1967 582 2002 cui
606 1979 663 2002 nec
686 1968 762 2002 fides
790 1980 891 2014 neqrre
919 1980 993 2015 spes
1010 1980 1060 2015 po-

311 2016 436 2051 tiendae
451 2017 600 2051 victoriae
614 2017 753 2057 defuere,
769 2017 951 2061 militantes,
971 2030 1061 2062 prae-

310 2074 399 2101 sente
423 2065 536 2113 pariter
565 2066 724 2113 quondam
748 2066 864 2100 Ioanne
886 2066 925 2101 de
960 2065 1061 2111 Capi—

311 2124 431 2159 stran0,
452 2114 583 2150 Ordinis
604 2115 750 2150 Fratrum
764 2116 923 2150 Minorum
946 2116 1062 2162 profes-

312 2177 394 2204 sore,
422 2164 487 2199 viro
519 2165 646 2212 quidem
675 2166 794 2212 optimo
817 2173 847 2199 et
875 2166 1059 2200 meritorum

312 2215 394 2260 apud
411 2214 514 2249 Deum
537 2223 566 2248 et
583 2213 726 2249 homines
751 2215 878 2254 eximie,
894 2225 923 2249 et
946 2227 1059 2249 nomen

312 2263 428 2298 Christi
452 2263 534 2305 lesu,
558 2264 587 2298 in
611 2276 675 2311 quo
689 2264 774 2299 salus
790 2272 894 2299 nostra
907 2265 1061 2301 consistit.

315 2313 500 2348 fiducialiter
523 2321 553 2347 et
575 2313 701 2348 assidue
736 2325 809 2348 cum
833 2314 918 2348 omni
946 2315 1062 2361 populo

314 2363 528 2410 circumsepto
550 2375 626 2398 voce
651 2363 790 2397 unanimi
820 2363 994 2401 invocante
1018 2376 1062 2398 v·e

315 2413 389 2447 xillo
421 2425 548 2460 quoque
587 2414 817 2448 sacratissimae
850 2412 963 2447 Crucis
990 2425 1061 2447 cum

315 2462 436 2508 maguis
456 2461 647 2497 clamoribus
668 2472 698 2497 et
716 2462 852 2497 lacrimis
874 2463 994 2497 elevato
1025 2463 1062 2497 ad

314 2511 459 2557 Caelum,
496 2512 579 2546 unde
613 2511 788 2556 infallibile,
827 2512 869 2546 uti
905 2525 919 2545 a
943 2513 1064 2546 cunctis

316 2561 381 2595 dari
405 2561 600 2608 sperabatur,
636 2561 762 2596 advenit
779 2540 954 2595 ⁷auxilium:
986 2562 1064 2596 mira

317 2622 378 2653 res,
393 2610 444 2645 die
461 2611 655 2645 memorabili
673 2610 779 2645 beatae
797 2610 912 2644 Mariae
935 2610 1066 2657 Magda—

351 2668 390 2702 (l)
399 2668 458 2702 Leg.
468 2667 531 2694 fors.
541 2670 712 2694 inimicorum
720 2667 777 2694 loco
784 2669 867 2693 animi
876 2675 967 2692 eorum
975 2667 1066 2702 (ΚΤ.)

397 2711 471 2742 Bull.
495 2711 571 2742 Rom.
598 2711 652 2741 Vol.
681 2711 708 2740 V.
871 2711 906 2741 18
946 2742 949 2743 ⁷

1122 286 1155 307 ιιι
1187 285 1234 307 vr.
1733 274 1796 307 ¹57

1098 340 1195 376 lenae,
1207 338 1330 372 caelesti
1347 338 1504 384 pracsidio
1519 339 1736 373 communitus
1751 352 1847 386 popu-

1095 389 1142 422 lus
1186 388 1340 427 lideliurn,
1364 388 1483 434 impetu
1523 387 1552 421 in
1582 388 1687 422 hostes
1716 389 1847 423 viriliter

1096 438 1187 480 sacto,
1209 437 1358 471 eumdem
1383 438 1481 471 l'erum
1498 436 1662 471 Turehurn
1686 450 1759 471 curn
1783 439 1848 472 suis

1095 487 1256 533 sacrilegis
1278 486 1489 533 complicibus
1518 486 1547 520 in
1573 495 1696 532 turpem
1713 495 1743 521 et
1759 487 1850 521 ‹larn-

1097 549 1202 570 nosam
1238 536 1341 581 sugam
1377 535 1555 572 convertit,
1591 535 1741 583 deditque
1783 537 1849 583 ipse

1097 586 1260 620 miserator
1287 584 1442 619 Dominus
1479 593 1508 619 et
1543 585 1643 618 {idelis
1686 587 1714 619 in
1756 598 1848 619 manu

1098 647 1268 680 paricorum
1291 643 1350 668 tam
1377 634 1488 668 ferocis
1508 634 1626 668 inimici
1650 643 1678 668 et
1708 635 1852 668 innume-

1099 684 1203 717 rabilis
1222 684 1379 718 exercitus
1395 696 1465 717 curn
1486 683 1622 717 maxima
1638 691 1739 729 strage,
1752 684 1851 717 victo-

1099 733 1188 772 riam,
1213 734 1290 767 ultra
1320 745 1412 779 quam
1442 745 1531 766 mens
1565 733 1717 767 extimare
1753 733 1851 779 possit

1099 781 1246 815 humana.
1280 781 1437 816 Dominus
1464 782 1547 816 enirn
1573 790 1683 828 potens
1706 791 1735 816 et
1755 794 1851 828 super

1097 843 1209 864 omnes
1237 831 1392 865 exercitus
1419 839 1449 864 et
1471 839 1631 878 tyrannos,
1654 832 1706 877 qui
1724 831 1850 865 Madian

1098 888 1127 913 et
1150 880 1328 914 Orientales
1358 880 1491 925 populos
1517 880 1552 913 ad
1572 893 1737 914 numerum
1763 881 1852 914 locu-

1097 938 1215 963 starum
1241 930 1271 962 in
1300 941 1394 962 manu
1420 929 1734 969 tradidithdeonis,
1751 930 1852 963 Ouiae

1098 978 1192 1012 etiarn
1216 978 1370 1012 sacerdoti
1395 986 1501 1012 contra
1531 978 1752 1017 Heliodorum,
1775 979 1853 1013 civi-

1100 1035 1193 1062 tatem
1218 1036 1358 1061 sanctam
1378 1027 1546 1061 Ierusalem
1564 1027 1760 1074 prophanare
1785 1040 1855 1062 mo-

1101 1077 1240 1119 lientem,
1260 1076 1451 1123 praesidium
1477 1076 1620 1122 praebuit
1643 1085 1673 1110 et
1696 1077 1854 1119 iurameu,

1101 1138 1156 1172 pro
1181 1127 1272 1160 uobis
1308 1134 1415 1160 contra
1452 1126 1719 1160 insolentissimos
1748 1126 1855 1160 hostes

1101 1175 1287 1209 miraculose
1312 1176 1471 1222 pugnavit.
1495 1174 1523 1209 O
1547 1174 1628 1209 bone
1643 1174 1726 1215 lesrr,
1744 1175 1809 1209 dux
1827 1184 1857 1209 et

1099 1224 1244 1259 Salvator
1267 1232 1384 1267 noster,
1400 1224 1553 1258 fortitudo
1577 1236 1645 1258 vera
1669 1233 1699 1258 et
1726 1225 1857 1258 tutissi-

1101 1286 1187 1307 mum
1210 1282 1396 1320 certumque
1420 1273 1610 1320 praesidium
1639 1273 1677 1307 ad
1705 1273 1750 1307 Te
1778 1286 1856 1307 cou-

1101 1323 1289 1369 sugientium
1313 1323 1572 1362 christianorum,
1595 1334 1629 1356 ea
1648 1323 1776 1369 pietate,
1792 1335 1855 1369 qua

1102 1373 1185 1419 ipsos
1209 1372 1336 1419 proprio
1351 1373 1503 1418 sanguine
1518 1372 1692 1411 redemisti,
1714 1372 1853 1417 gladium

1102 1431 1189 1456 tuum
1209 1434 1305 1468 super
1321 1422 1521 1456 inimicorum
1540 1422 1641 1468 capita
1665 1421 1853 1467 fugientium

1102 1471 1325 1515 intromittens,
1361 1483 1422 1505 non
1462 1471 1626 1518 pauciores
1653 1483 1722 1505 sese
1745 1478 1853 1504 mutua

1101 1521 1196 1555 caede
1226 1528 1389 1561 necarunt,
1425 1533 1519 1567 quam
1543 1533 1557 1554 a
1583 1520 1699 1554 nostris
1734 1519 1855 1566 praelio

1103 1571 1280 1617 interempti
1305 1570 1449 1604 fuissent.
1473 1570 1564 1613 Nam,
1585 1579 1650 1603 uta
1676 1570 1736 1603 lide
1750 1569 1854 1615 dignis

1102 1621 1294 1666 accepimus,
1312 1620 1341 1653 in
1358 1631 1390 1653 ca
1411 1631 1513 1666 pugna
1533 1620 1740 1665 qnadraginta
1759 1618 1854 1652 millia

1102 1670 1197 1703 occisi
1222 1669 1418 1715 totidemque
1445 1669 1633 1715 superstites
1663 1670 1693 1702 in
1731 1677 1854 1715 turpem

1103 1718 1207 1764 sugam
1233 1719 1324 1757 versi,
1356 1731 1426 1753 sese
1451 1727 1561 1752 mutuo
1584 1719 1778 1753 trucidantes
1800 1718 1856 1752 de-

1104 1768 1255 1811 fecerunt,
1279 1776 1377 1803 castra
1407 1768 1546 1808 incensa,
1575 1767 1739 1802 machinae
1761 1776 1790 1801 et
1807 1767 1856 1801 in-

1103 1826 1275 1852 strumenta
1309 1817 1418 1851 bellica
1461 1817 1565 1851 omnia
1593 1829 1672 1864 aqua
1705 1828 1733 1852 et
1775 1825 1855 1851 terra

1103 1867 1226 1914 direpta
1254 1876 1347 1911 sunt,
1382 1875 1415 1900 ut
1460 1867 1611 1901 confusus
1646 1866 1754 1900 abiens
1789 1867 1856 1913 ipse

1105 1925 1265 1963 tyrannus,
1288 1926 1318 1951 et
1340 1917 1538 1963 praetimore
1553 1917 1613 1950 iam
1639 1915 1746 1950 multis
1764 1928 1856 1949 rnen-

1103 1965 1192 2000 sibus
1227 1979 1289 2000 non
1326 1978 1493 2012 apparens,
1531 1966 1612 1999 inter
1635 1965 1767 1999 latebras
1801 1977 1856 1999 seu

1104 2016 1225 2049 munita
1262 2016 1377 2062 oppida
1406 2028 1440 2049 se
1468 2016 1627 2061 recepisse
1654 2015 1788 2058 dicatur,
1826 2022 1857 2048 et

1103 2064 1241 2099 divinam
1278 2065 1496 2112 praesentiens
1525 2065 1675 2098 ultionem
1710 2064 1738 2097 in
1767 2075 1855 2097 suam

1105 2114 1315 2160 perditionem
1348 2114 1497 2154 futuram,
1522 2114 1599 2147 intra
1628 2112 1857 2147 Constantino-

1105 2163 1272 2209 politanam
1296 2163 1473 2211 Peramque
1503 2163 1645 2197 civitates
1667 2174 1699 2196 sc
1717 2162 1857 2196 recluse-

1105 2213 1153 2250 rit,
1180 2214 1310 2260 illasque
1335 2214 1433 2247 muris
1460 2221 1489 2246 et
1511 2211 1761 2246 antemuralibus
1784 2224 1857 2245 mu—

1106 2262 1170 2296 nire
1207 2263 1319 2297 frustra
1352 2263 1512 2302 decertem
1550 2262 1655 2295 minus
1690 2261 1857 2296 attendens

1104 2312 1188 2358 quod
1216 2314 1289 2345 Nrsi
1316 2313 1467 2345 Dominus
1493 2313 1667 2345 custodi-'erit
1694 2312 1856 2349 curtalem

1104 2364 1222 2407 frustra
1246 2363 1354 2406 ιιφῖαί
1372 2363 1425 2406 qui
1439 2362 1567 2395 custodit
1589 2373 1667 2394 eam.
1683 2359 1857 2406 Superbite

1105 2411 1175 2445 eius
1193 2411 1225 2445 fr
1221 2424 1334 2445 imnum
1360 2411 1527 2457 irrrponens
1544 2410 1609 2457 ipse
1633 2409 1785 2448 Saltator,
1805 2420 1859 2442 so—

1106 2461 1170 2495 lum
1195 2473 1309 2495 nomen
1333 2459 1446 2494 Vicarii
1470 2460 1540 2494 lesrr
1565 2459 1681 2493 Christi
1711 2459 1859 2493 inhumi-

1108 2511 1236 2544 nitatent
1266 2510 1335 2544 eius
1357 2510 1505 2548 deterrit,
1530 2510 1568 2543 ita
1593 2518 1624 2542 ut
1647 2521 1715 2542 ossa
1746 2509 1776 2541 in
1799 2520 1857 2541 suo

1107 2572 1239 2606 corpore
1277 2559 1522 2593 contremiscant
1558 2559 1854 2603 concutirnturque,

1109 2618 1140 2643 ut
1168 2609 1306 2643 Adrirno
1329 2608 1442 2642 accidit
1476 2608 1671 2662 Imperatori,
1699 2619 1764 2653 qur
1789 2606 1897 2657 postJs]¹

1109 2658 1368 2692 immanissimam
1393 2658 1642 2704 persecutionem
1665 2656 1859 2695 christiano-

1864 286 1912 312 Αιι.
1932 286 1958 310 (ἶ4
1978 283 2042 311 ΗιῖὶῚ

1892 1629 2033 1655 Quadraginta

1871 1664 1975 1681 turcarum
1992 1663 2056 1681 mitti-r

1871 1693 1994 1717 caeduntur,
2011 1699 2055 1712 cir»,-

1871 1724 1923 1743 toris
1943 1725 1963 1743 in
1988 1724 2054 1748 [ug-rm

1871 1756 1931 1774 urll'i.

1884 2569 1908 2619 Ali
1907 2569 1948 2619 lriixt
1966 2570 2055 2594 iimpe-
