2281 3251
207 262 260 288 An.
279 261 309 288 C.
325 261 392 289 (²185

211 1404 307 1425 etnuuut-
331 1404 383 1425 nub-

197 1435 239 1455 Ιιιι
253 1440 290 1456 uc.

208 1701 320 1728 nomento
332 1707 381 1723 eon·

195 1733 312 1753 umorum.

459 249 529 283 516

408 315 506 362 Igitur
532 314 751 362 scrupulosam
777 313 1013 360 ambiguitatem
1043 315 1158 350 liuius-

408 365 492 400 modi
515 364 689 403 succidere,
711 373 740 398 et
763 375 874 398 causas
901 375 998 409 snper
1020 363 1114 400 rebus
1129 372 1158 399 et

407 415 548 461 negociis
571 414 827 461 quibuscumque
850 412 880 447 in
904 412 986 448 dieta
1008 413 1157 456 Camera,

407 464 487 498 inter
507 464 647 511 quosvis,
669 471 698 497 et
715 463 898 510 praesertim
917 462 1087 509 praelatum
1105 464 1158 498 lis-

405 524 477 548 cum
500 522 530 548 et
557 512 634 547 alios
664 524 748 546 nunc
770 520 800 546 et
824 524 880 558 pro
902 520 1045 559 tempore
1074 524 1156 559 pen-

405 562 525 602 dentes,
541 561 724 596 eeleriorem
741 561 834 597 linem
847 562 990 609 accipere
1004 561 1155 605 volentes,

406 620 492 646 motu
520 612 648 659 proprio
674 620 703 646 et
732 624 769 646 ex
797 619 880 646 certa
911 611 1060 656 scientia,
1093 623 1155 646 no-

404 668 530 708 straque
552 660 777 695 deliberatione
798 669 828 696 et
856 660 1015 696 voluntate
1041 660 1155 696 decer-

404 710 520 750 nimus,
543 709 742 745 declaramus
764 718 792 745 et
812 710 1010 751 mandamus,
1034 710 1064 744 in
1087 723 1156 745 om-

404 760 496 795 nibus
527 768 557 795 et
584 759 719 806 singulis
752 761 856 795 causis
889 759 1070 795 huiusmodi
1100 773 1156 807 pro

403 818 544 857 tempore
563 809 770 847 vertentibus.
793 810 975 849 summarie,
995 810 1062 845 sine
1081 818 1154 845 stre-

403 859 466 905 pitu
499 867 529 893 et
551 859 650 906 figura
687 858 808 903 iudicii,
835 859 901 894 sola
928 858 998 894 sacti
1029 860 1155 894 veritate

401 908 555 955 inspecta,
578 908 745 956 omnisque
767 908 843 944 iuris
871 908 992 955 positivi
1015 917 1044 943 et
1071 908 1155 943 iudi-

400 957 468 992 ciali
488 957 686 993 solemnitate
709 959 894 1005 postposita,
911 970 966 1004 per
980 957 1081 993 dictos
1095 958 1155 993 cle-

399 1006 482 1042 ricos
501 1016 533 1042 et
554 1007 769 1054 praesidentes
791 1007 893 1042 dictae
912 1006 1064 1042 Camerae
1087 1021 1155 1055 pro-

399 1056 482 1097 cedi,
510 1057 642 1104 illasque
665 1057 826 1092 terminari
850 1066 879 1091 et
902 1057 1003 1092 decidi
1027 1057 1153 1098 deber‹·;

398 1106 632 1154 sententiasque
651 1119 706 1154 per
719 1106 844 1141 eosdem
862 1107 938 1141 latas
953 1115 983 1141 et
998 1106 1152 1152 serendas,

398 1156 566 1191 occasione
590 1156 772 1191 omissionis
795 1156 1003 1191 solemnitatis
1026 1156 1154 1191 iudicia-

398 1205 436 1239 lis
457 1213 487 1240 et
515 1205 594 1240 iuris
617 1206 760 1253 positivi,
783 1205 962 1240 nullatenus
989 1205 1027 1240 de
1049 1206 1151 1240 nulli—

398 1262 460 1289 tate
492 1254 670 1302 impugnari
699 1267 791 1302 posse
814 1254 860 1290 vel
894 1254 1028 1300 debere,
1051 1255 1152 1290 dum-

399 1303 494 1338 modo
517 1316 574 1351 pro
601 1305 729 1340 veritate
753 1303 832 1339 latae
854 1304 926 1339 sint.

446 1353 467 1400 g
493 1357 526 1387 2.
549 1353 666 1401 Sicque
689 1366 744 1401 per
767 1366 989 1409 quoscumque
1016 1353 1149 1397 iudices,

397 1413 502 1437 coram
535 1403 653 1449 quibus
676 1415 788 1438 causas
812 1404 894 1450 ipsas
918 1403 1020 1437 forsan
1040 1404 1151 1451 quoxis

397 1452 492 1486 modo
504 1453 622 1506 *agitari
651 1452 853 1500 postmodum
883 1453 1059 1498 contigerit,
1090 1453 1149 1487 ob-

396 1501 511 1536 servari
535 1501 680 1537 volumus
702 1509 732 1537 et
754 1501 952 1536 mandamus.
971 1502 1151 1537 Decernen-

396 1558 443 1585 tes
483 1550 604 1585 irritum
649 1559 680 1586 et
717 1551 810 1586 inane
849 1551 1001 1598 quicquid
1040 1559 1147 1586 contra

396 1599 560 1635 decretum
590 1600 672 1635 istud
697 1600 763 1635 lieri
786 1601 965 1647 contigerit.

444 1649 465 1696 S
483 1651 515 1684 5.
532 1648 822 1685 Constitutionibus
845 1657 875 1684 et
897 1649 1149 1684 ordinationibus

394 1699 578 1745 apostolicis
611 1710 648 1734 ac
672 1699 808 1746 legibus,
831 1699 910 1747 stylo
932 1698 1041 1733 Palatii
1064 1707 1149 1734 cete-

395 1748 501 1795 risque
520 1748 551 1783 in
573 1750 763 1784 contrarium
796 1748 989 1784 facientibus
1011 1760 1072 1783 non
1092 1749 1148 1783 ol)-

395 1796 551 1832 stantibus
583 1797 856 1845 quibuscumque,
883 1809 1048 1832 causarum
1076 1810 1147 1833 om-

395 1847 482 1881 nium
522 1847 727 1894 pendentium
760 1856 888 1888 statum,
923 1847 1067 1888 nomina,
1094 1855 1146 1881 etc.

394 1896 584 1943 cognomina
621 1909 676 1944 pro
697 1896 888 1933 sufficienter
909 1897 1066 1944 expressis
1092 1896 1145 1932 lia·

393 1944 516 1981 bentes.

442 1994 562 2037 Placet,
581 2003 612 2031 et
629 1995 669 2030 ita
689 2003 774 2031 motu
798 1995 926 2043 proprio
948 1995 1145 2030 mandamus

442 2044 559 2080 Datum
592 2043 713 2080 Romae
748 2045 831 2093 apud
864 2043 897 2079 S.
935 2044 1077 2085 Petrum,
1103 2047 1146 2078 15

393 2092 544 2129 kalendas
570 2094 773 2142 septembris,
797 2106 880 2130 auno
904 2094 1016 2141 primo

441 2154 502 2186 Dat.
517 2155 564 2186 die
582 2155 618 2186 18
633 2155 751 2194 augusti
769 2155 855 2192 1485,
871 2154 974 2195 pontit.
995 2163 1071 2184 anno
1088 2163 1105 2184 t.

735 2247 803 2282 Vll.

393 2306 571 2341 Declaratio
585 2314 611 2340 et
632 2307 784 2342 revocatio
805 2307 1030 2341 concessionum
1048 2306 1144 2339 iuris-

439 2363 624 2401 patronatus
650 2364 677 2390 et
694 2357 915 2401 praesentandi
941 2357 984 2390 ad
1005 2355 1145 2401 beneficia

442 2406 654 2450 ecclesiastica,
675 2417 729 2450 per
744 2406 854 2440 Sedem
870 2405 1080 2450 Apostolicam
1099 2405 1145 2438 ei-

440 2466 535 2500 usque
561 2456 705 2500 officiales
727 2456 766 2488 ab
789 2456 880 2489 annis
905 2455 952 2489 25
981 2455 1061 2488 citra
1086 2454 1144 2498 fa-

440 2510 571 2538 clarum.

663 2559 876 2591 SUMMARIUM

392 2607 559 2640 Exordium.
582 2625 621 2631 —
640 2609 666 2638 1.
688 2608 840 2639 Enarratio
868 2617 1025 2639 causarum
1053 2608 1144 2638 huius

432 2649 636 2680 revocationis.
666 2665 705 2671 —
735 2649 762 2678 ⁶2.
785 2648 940 2680 Revocatio
972 2649 1145 2689 iurispatro-

1007 260 1195 284 Bttmmtn
1220 261 1385 285 ROMANUM

1242 321 1328 345 natus
1357 315 1582 345 concessionum
1606 324 1620 345 a
1649 314 1687 345 ‘25
1709 315 1794 345 annis
1821 314 1892 344 citra
1916 314 1957 344 sa-

1241 364 1362 396 etarum,
1380 359 1475 398 quoad
1495 358 1637 389 beneficia
1653 359 1783 389 electiva.
1798 376 1837 382 —
1855 359 1882 389 3.
1901 358 1955 389 Re-

1240 404 1363 441 vocatio,
1385 404 1480 443 quoad
1498 403 1640 434 beneficia
1664 414 1722 434 non
1738 405 1868 439 electiva,
1886 413 1953 434 cum

1240 448 1492 478 declarationibus
1522 454 1550 478 et
1582 449 1851 479 modificationibus
1880 458 1955 479 non-

1239 492 1340 522 nullis.
1363 509 1402 515 —-
1425 493 1455 522 4.
1481 492 1633 523 Decretum
1653 493 1781 523 irritans.
1798 510 1838 516 —
1855 493 1882 522 5.
1903 492 1954 522 De-

1240 537 1351 575 rogatio
1374 537 1600 567 contrariorum.
1622 554 1661 559 ·—
1679 536 1856 568 Publicatio.

1232 612 1406 641 innocentius
1425 612 1566 648 episcopus
1589 619 1686 642 servus
1709 619 1851 642 servorum
1862 612 1919 645 Det,

1334 667 1368 695 ad
1395 668 1557 702 perpetuam
1589 667 1631 695 rei
1649 665 1818 695 memoriam.

1248 738 1330 774 Cum
1352 738 1391 773 ab
1413 738 1594 786 Apostolica
1616 737 1714 778 Sede,
1737 738 1774 772 ad
1797 750 1891 785 quam
1915 738 1953 773 de

1198 787 1460 831 diversismundi
1485 787 1627 836 partibus
1651 788 1848 835 negotiorum
1868 787 1954 822 mul-

1199 838 1299 872 titudo
1329 837 1472 882 confluit,
1494 838 1578 872 curis
1606 838 1756 872 continue
1781 837 1871 884 plena
1897 837 1953 872 in-

1199 888 1355 927 numeris,
1375 886 1525 922 nonnulla
1550 887 1706 922 interdum
1731 899 1769 922 ex
1791 886 1952 933 aliquibus

1197 937 1319 981 causis,
1350 936 1519 984 aliquando
1556 948 1610 983 per
1644 936 1887 983 occupationem
1921 945 1951 971 et

1198 986 1411 1034 importunam
1436 987 1611 1033 petentium
1635 986 1812 1020 instantiam
1836 997 1952 1020 conce-

1196 1036 1321 1077 dantur,
1344 1047 1423 1083 quae
1447 1036 1476 1070 in
1500 1036 1592 1070 alieni
1616 1035 1692 1070 iuris
1714 1043 1745 1070 et
1767 1034 1949 1082 praesertim

1195 1086 1389 1121 auctoritatis
1424 1085 1615 1132 apostolicae
1650 1097 1686 1119 ae
1722 1083 1951 1119 iurisdictionis

1195 1135 1386 1182 episcopalis
1402 1144 1432 1170 et
1451 1134 1585 1170 aliorum
1609 1134 1807 1175 collatorum,
1828 1146 1949 1168 necnon

1194 1185 1423 1228 ecclesiarum,
1458 1184 1723 1219 monasteriorum
1758 1192 1789 1218 et
1816 1184 1948 1218 aliorum

1196 1234 1420 1269 beneficiorum
1454 1234 1766 1274 ecclesiastieorum,
1801 1233 1949 1280 hospita-

1194 1284 1333 1330 liumque
1356 1293 1387 1318 et
1410 1284 1532 1330 piorum
1553 1283 1693 1318 locorum
1717 1282 1947 1329 praeiudicium

1194 1333 1329 1367 tendunt
1357 1341 1387 1367 et
1415 1333 1658 1376 detrimentum,
1686 1344 1747 1367 nou
1781 1331 1875 1367 debet
1898 1344 1948 1366 re-

1194 1382 1405 1428 preliensibile
1430 1381 1546 1420 videri,
1566 1382 1590 1415 si
1614 1381 1778 1416 Romanus
1800 1381 1946 1416 Pontifex

1192 1431 1229 1465 ad
1253 1432 1344 1466 cuius
1368 1431 1611 1478 providentiam,
1635 1443 1690 1477 pro
1712 1430 1818 1465 debito
1842 1440 1947 1477 pasto-

1193 1480 1265 1515 ralis
1288 1480 1391 1521 officii,
1415 1489 1535 1528 spectat
1557 1492 1654 1527 super
1676 1480 1724 1514 liis
1746 1480 1850 1515 debite
1879 1491 1948 1526 pro-

1193 1530 1308 1574 videre,
1331 1530 1394 1574 illa,
1421 1542 1459 1565 ex
1486 1530 1555 1565 aliis
1582 1529 1755 1564 rationibus
1781 1537 1812 1564 et
1838 1541 1855 1564 a
1878 1530 1947 1564 iure

1192 1591 1255 1614 non
1278 1579 1476 1614 deviantibus
1498 1579 1601 1614 causis
1623 1579 1777 1613 maturius
1799 1587 1829 1613 et
1850 1585 1945 1613 atten-

1193 1629 1254 1663 tius
1289 1629 1404 1664 deinde
1435 1629 1582 1675 cognitis,
1603 1628 1797 1675 quaudoque
1824 1636 1946 1662 revocat

1191 1687 1221 1713 et
1242 1678 1396 1723 annullat,
1418 1690 1454 1713 ac
1469 1679 1505 1712 ad
1528 1686 1643 1713 statum
1669 1677 1781 1724 redigit
1804 1677 1944 1718 rationis,

1191 1728 1326 1763 maxime
1345 1740 1430 1783 cum,
1451 1739 1555 1762 rerum
1580 1735 1611 1762 et
1634 1735 1812 1774 temporum
1839 1726 1944 1773 quali-

1191 1785 1251 1811 tate
1275 1778 1426 1824 pensatis,
1454 1776 1484 1811 id
1508 1778 1537 1811 in
1562 1776 1700 1812 Domino
1722 1775 1878 1823 conspicit
1898 1788 1946 1811 sa-

1191 1826 1322 1862 lubriter
1343 1826 1501 1873 expedire.

1238 1880 1253 1919 §
1287 1879 1319 1910 1.
1350 1875 1446 1920 Sane,
1475 1883 1643 1922 postquam
1671 1874 1708 1909 ad
1733 1874 1944 1922 summiapo-

1190 1926 1319 1960 stolatus
1329 1926 1448 1972 apicem
1465 1924 1595 1969 suimus,
1609 1924 1714 1959 divina
1738 1924 1860 1959 favente
1882 1924 1943 1959 cle-

1190 1975 1318 2016 mentia,
1341 1974 1517 2021 assumpti,
1541 1974 1601 2009 lide
1616 1973 1710 2020 digna
1733 1974 1941 2021 plurimorum

1189 2024 1339 2059 relatione
1371 2024 1585 2059 intelleximus
1606 2023 1691 2070 quod
1715 2023 1859 2058 nonnulli
1881 2022 1943 2058 Ro-

1189 2074 1272 2108 mani
1296 2073 1465 2108 Pontifices
1499 2072 1758 2120 praedecessores
1782 2073 1879 2108 nostri
1911 2080 1941 2107 et

1188 2123 1289 2157 dictae
1311 2122 1405 2158 Sedis
1427 2122 1519 2169 legati
1541 2134 1577 2157 ac
1604 2122 1725 2163 nuncii,
1752 2122 1845 2157 etiam
1868 2134 1939 2157 cum

1190 2180 1342 2219 potestate
1357 2172 1449 2218 legati
1473 2172 1512 2207 de
1527 2171 1636 2217 latere,
1659 2183 1768 2206 eorum
1785 2171 1941 2218 legatione

1189 2221 1234 2256 vel
1262 2221 1301 2256 de
1319 2222 1446 2268 speciali
1464 2220 1620 2256 facultatis
1633 2221 1830 2261 auctoritate,
1848 2228 1941 2255 retro·

1188 2270 1265 2306 actis
1281 2270 1477 2318 temporibus
1493 2279 1522 2306 et
1546 2270 1728 2318 praesertim
1751 2281 1823 2305 xxv
1849 2270 1940 2304 annis

1188 2320 1282 2362 citra,
1313 2320 1444 2355 diversis
1466 2319 1614 2367 regibus,
1648 2319 1779 2367 reginis,
1802 2318 1941 2354 ducibus

1187 2377 1217 2404 et
1239 2369 1476 2405 marchionibus
1490 2377 1519 2404 et
1535 2368 1604 2404 aliis
1627 2368 1835 2416 principibus;
1851 2379 1941 2403 com-

1188 2423 1416 2469 munitatibus,
1443 2423 1644 2464 cititatibus,
1681 2421 1939 2457 universitatibus

1186 2477 1392 2525 oppidorum,
1420 2485 1612 2519 castrorum,
1641 2476 1783 2512 villarum
1807 2483 1838 2511 et
1865 2475 1939 2510 alio-

1187 2544 1256 2566 rum
1284 2531 1439 2573 locorum;
1463 2530 1772 2566 confraternitatibus
1794 2537 1825 2565 et
1846 2528 1937 2564 colle-

1186 2586 1245 2633 giis
1258 2586 1467 2621 saecularium
1485 2597 1706 2633 personarum;
1728 2595 1851 2619 necnon
1866 2582 1937 2618 aliis

1186 2647 1247 2676 tam
1270 2639 1490 2676 ecclesiasticis
1511 2652 1604 2687 quam
1633 2637 1845 2675 saecularibus
1868 2647 1938 2684 per-

1970 261 2019 288 An.
2036 260 2066 289 C.
2087 261 2152 288 1118&

2001 749 2118 771 Exordium.

1973 1880 2082 1903 Euarratio
2096 1887 2142 1902 eau-

1958 1918 2027 1933 saruru
2040 1912 2101 1934 huius
2112 1918 2143 1934 t·-

1956 1944 2084 1964 vocationi«.
