2281 3251
134 257 184 286 Αιι.
202 259 230 285 C.
252 258 316 285 ¹502

145 1153 240 1180 Reperiri
250 1156 319 1173 lumen

136 1185 165 1205 ιιιῑ
176 1184 251 1205 Pontis.
264 1190 321 1206 non-

136 1216 214 1240 nullos,
233 1216 266 1242 qui
282 1215 322 1234 hu-

137 1248 225 1267 iusmodi
236 1246 321 1266 ananie

138 1284 170 1298 rna
185 1280 293 1304 spernant.

939 256 1135 279 ALEXANDER
1160 256 1189 279 Η
1217 257 1262 279 ΙΙ).

332 324 364 347 se
393 311 438 346 vel
466 311 560 346 alium
589 321 642 344 scu
666 309 754 364 ιιΙιο5,
786 309 904 344 directe
933 311 978 345 vel
1002 311 1083 345 indi-

332 410 449 445 eisdem
484 408 650 444 consilium
683 408 727 442 vel
764 408 898 442 satorem
928 418 1083 454 praestare
1128 410 1176 443 nal
1192 419 1221 444 et
1234 410 1479 444 saluberrimum
1493 421 1719 455 oppressorum
1735 410 1878 444 omnium
1894 421 1914 435 ¹
1911 421 1944 434 ¹¹¹
1950 420 1972 434 v
1976 418 1991 437 ¹

334 472 394 493 non
412 458 610 497 tergebantur
631 458 859 504 cuiuscumque
878 470 1085 503 praeeminen-

335 509 406 551 tiae,
425 507 597 553 dignitatis,
614 507 744 547 ordinis,
761 507 952 541 conditionis
969 519 1004 541 ac
1023 516 1085 542 sta-

333 566 384 592 tus
399 557 511 600 for,ent
533 556 656 590 etiamsi
680 556 863 603 pontificali,
880 556 987 601 1¹,egali
1004 570 1056 602 reb
1049 557 1085 589 i-

334 606 394 641 nali
412 606 456 640 vel
470 605 580 652 quavis
602 605 658 639 alia
677 605 816 651 praeful‹0
809 613 907 639 erent
922 583 1085 651 digiiitate,

333 655 458 702 publice
474 654 747 689 excommunicare
771 663 800 688 et
823 654 1086 689 anathematizare

333 704 603 748 consueterimus,
631 711 722 750 prout
748 703 797 738 alii
828 704 1086 748 praedecessores

334 753 475 800 praefati,
494 753 587 787 etiam
613 765 666 798 per
687 764 795 787 eorum
821 752 935 795 literas,
951 752 1087 798 siugulis

333 803 435 843 annis,
448 802 529 836 dicta
547 801 596 836 die
613 802 714 836 facere
728 808 966 841 consueverant3
981 813 997 835 a
1014 801 1087 847 qui-

334 851 394 886 bus
420 851 546 898 quidem
570 851 745 893 sententiis,
774 849 893 889 nullus,
917 861 972 896 per
993 850 1085 884 alium

333 912 427 946 quam
443 900 622 935 Romanuin
639 899 838 938 Pontificem,
854 898 912 932 nisi
926 898 1086 933 dumtaxat

335 950 364 983 in
388 950 498 984 mortis
517 949 650 983 articulo
677 949 878 988 constitutus,
907 960 964 981 nec
992 949 1084 982 etiam

334 1007 421 1039 tunc,
444 998 504 1033 nisi
532 998 592 1032 snb
614 998 707 1032 certis
735 997 827 1031 inodo
855 1005 886 1031 et
908 996 1007 1032 forma
1030 1010 1087 1032 ex-

335 1047 464 1095 pressis,
487 1047 605 1082 absolvi
630 1054 741 1094 potest.

384 1101 399 1140 §
425 1101 458 1131 ⁶2.
481 1096 612 1136 Tamen,
635 1096 756 1130 dierum
783 1103 943 1129 crescente
960 1095 1087 1133 malitia

335 1146 541 1193 quamplures
557 1145 762 1200 iniquitatisi
745 1144 810 1188 filii,
825 1144 1011 1190 perditionis
1025 1145 1089 1179 aln-

337 1195 427 1239 mni,
463 1194 802 1229 excommunicationis
827 1201 855 1227 et
883 1194 1089 1228 mathematis

336 1244 516 1278 huiusmodi
532 1244 704 1278 sententias
724 1243 998 1289 paiwipendentes
1015 1243 1089 1277 boi-

336 1293 432 1328 reuda
449 1292 676 1328 inhumanitate
692 1292 938 1338 detestandaque
952 1293 1090 1337 saevitia,

336 1351 470 1378 mortem
493 1343 636 1377 sitientes
663 1342 808 1380 aliorum,
830 1341 968 1375 ridentes
986 1342 1087 1376 forsan

336 1405 381 1436 se,
405 1392 434 1426 in
458 1392 560 1426 causis
589 1404 643 1438 per
666 1404 719 1425 eos
749 1390 794 1424 vel
821 1400 929 1425 eontra
953 1391 1037 1437 ipsos
1060 1391 1088 1424 ιιι

336 1441 418 1476 dicta
441 1440 536 1475 Curia
560 1453 614 1487 pro
637 1448 780 1487 tempore
808 1440 913 1484 motis,
941 1440 1089 1474 iustitiam

337 1503 399 1525 nou
429 1490 544 1546 fovere,
571 1502 701 1524 suorum
726 1489 846 1530 salutis,
868 1498 968 1523 status
983 1498 1012 1523 et
1028 1490 1091 1523 bo—

337 1540 424 1574 noris
446 1540 669 1580 immemores,
700 1538 829 1573 humani
855 1539 980 1593 generis
1001 1538 1091 1573 hoste

338 1596 536 1644 procurante,
558 1588 680 1635 Deique
705 1589 816 1622 timore
844 1588 1028 1635 postposito,
1044 1600 1091 1622 eo-

338 1651 405 1673 rum
430 1639 460 1672 in
488 1638 580 1673 dictis
607 1638 709 1672 causis
731 1637 925 1671 adr¹¹eisa1i0s
943 1645 996 1672 aut
1024 1637 1091 1671 illas

339 1700 393 1735 pro
411 1689 457 1722 eis
481 1688 511 1721 in
530 1687 640 1722 eadem
663 1686 760 1721 Curia
784 1695 1011 1733 prosequentes
1039 1696 1091 1721 ant

341 1745 565 1784 procurantes,
599 1737 766 1771 advocatos
799 1735 845 1770 vel
875 1744 1092 1782 procuratores

339 1799 448 1821 eorum
471 1795 640 1833 testesque,
663 1794 693 1820 et
717 1797 883 1820 causarum
908 1785 1091 1832 praedictar.

340 1836 488 1880 notarios,
505 1835 667 1871 multoties
688 1834 819 1869 diversis
832 1835 1016 1881 excogitatis
1032 1835 1092 1868 mi-

341 1886 389 1920 nis
410 1885 545 1929 afficere,
567 1885 725 1924 invadere,
737 1883 912 1927 verberare,
936 1884 1093 1928 mutilare,

340 1934 495 1974 occidere3
513 1947 567 1969 seu
594 1946 646 1980 per
668 1933 758 1974 alios,
785 1933 877 1967 etiam
906 1934 1092 1978 assassiuos,

341 1984 413 2018 talia
429 1996 595 2038 procurare
617 1991 647 2017 et
670 1982 784 2028 exequi
800 1982 888 2028 (proh
906 1981 1005 2026 dolor)
1017 1995 1091 2017 ausu

341 2033 504 2068 temeratio
522 2045 584 2067 non
599 2032 801 2075 erubescunt,
815 2030 894 2065 adeo
908 2039 939 2065 ut
952 2031 1093 2078 plerum-

340 2094 401 2130 que
417 2082 464 2116 ius
479 2094 570 2117 suum
594 2082 623 2115 ιιι
646 2081 712 2128 ipsa
736 2080 832 2114 Curia
856 2091 1092 2127 prosequentes

342 2139 428 2166 metu
464 2140 493 2166 et
527 2131 660 2178 quadam
694 2129 914 2176 desperatione
946 2130 1093 2170 deducti,

342 2193 452 2216 causas
468 2193 540 2215 suas
558 2180 716 2224 deserere,
739 2187 803 2223 aut,
818 2191 879 2212 non
896 2191 921 2213 si
927 2191 965 2214 ne
978 2191 1094 2225 magno

343 2231 484 2278 ipsorum
497 2229 689 2277 praeiudicio
702 2237 731 2263 et
744 2228 946 2268 detrimento,
962 2228 1000 2262 ad
1017 2241 1095 2263 eon-

343 2280 480 2314 cordiam
501 2291 557 2314 seu
576 2279 651 2314 alias
674 2277 899 2313 transactiones
915 2278 1095 2313 inhonestas

345 2331 567 2376 pactionesque
595 2328 739 2367 illicitas,
773 2334 880 2360 contra
913 2335 1093 2361 cousuetam

345 2378 446 2412 dictae
476 2377 593 2412 Curiae
627 2377 801 2411 libertatem
826 2375 974 2409 detenire
1001 2384 1031 2410 et
1058 2376 1096 2410 ab

347 2428 410 2471 ipsa
426 2426 521 2461 Curia
542 2427 706 2461 discedere
728 2438 785 2471 co*e
777 2433 896 2464 an¹tui,
919 2425 948 2458 iu
966 2425 1096 2460 Divinae

346 2476 518 2511 Maiestatis
533 2476 697 2519 offensam,
709 2452 934 2510 iurisdictionis
948 2482 977 2508 et
990 2485 1098 2509 aucto—

348 2525 443 2560 ritatis
455 2525 642 2572 apostolicae
656 2525 838 2563 laesionem,
854 2524 1030 2558 animarum
1050 2537 1099 2571 pe-

350 2574 495 2615 riculum,
508 2575 725 2622 perniciosum
739 2584 866 2620 quoque
875 2573 1052 2621 exemplum
1070 2582 1098 2608 et

349 2624 531 2659 scandalum
560 2624 781 2673 plurimorum.

1757 246 1826 279 595

1898 259 1940 283 xii.
1959 257 2075 283 0510)

1175 311 1194 355 Ε
1222 314 1253 345 5.
1281 310 1452 356 Nosigitnr
1456 309 1689 365 ,qnieaindem
1699 310 1875 346 Romanam
1900 322 1936 342 tiu·
1925 329 1962 342 n-u
1955 324 2019 373 Ι-ιαηοι
2034 327 2062 342 ιι

333 369 425 404 recte,
449 359 605 406 praedicta
628 359 740 405 exequi
765 359 811 393 vel
836 372 1002 406 procurare
1032 369 1083 394 aut
1126 360 1272 403 Curiam,
1294 360 1385 395 veluti
1409 372 1595 406 supremum
1618 360 1755 394 iustitiae
1778 360 1912 403 tribu-

1129 459 1213 504 rgefu
1198 459 1295 501 ιιιιιι,
1320 459 1462 499 liberam,
1487 459 1659 493 immunem
1683 466 1713 492 et
1736 470 1879 493 securam

1127 508 1276 542 omnibus
1296 520 1482 542 conservare
1496 508 1661 547 debemus,
1677 508 1882 543 consideran-

1129 566 1174 591 tes
1202 557 1352 592 attentius
1379 556 1463 611 quod
1488 557 1592 602 plures
1621 569 1793 603 poenarum
1816 569 1883 603 gra-

1130 607 1205 640 titas
1231 619 1324 652 quam
1353 605 1410 640 Dei
1439 605 1532 640 timor
1553 617 1659 640 arcere
1682 606 1762 641 solet
1790 618 1806 641 a
1833 619 1883 641 v-0

1129 655 1246 689 luntate
1271 655 1435 701 peccandi,
1457 663 1487 688 et
1510 664 1673 709 propterea
1697 663 1782 690 tanto
1797 656 1884 702 peri-

1129 704 1200 738 culo
1216 704 1355 738 tolentes
1369 715 1536 738 occurrere
1559 703 1750 748 animarum,
1771 717 1807 739 ac
1821 713 1882 739 tam

1130 752 1263 788 nefarios
1288 759 1543 799 [·›iaesumptores
1556 760 1586 786 et
1606 752 1800 788 facinorosos
1817 753 1883 788 ho-

1130 801 1231 836 mines
1252 801 1485 836 ecclesiasticae
1512 801 1795 837 animadversionis
1813 815 1884 837 mu-

1129 862 1225 885 crone
1253 851 1356 895 ferire,
1382 859 1414 884 ut
1437 857 1541 884 metus
1565 862 1698 896 poenae,
1722 859 1801 886 meta
1830 851 1885 886 hu-

1131 899 1266 934 iusmodi
1284 899 1551 946 praesumptionis
1567 899 1690 942 existat,
1707 899 1803 935 huius
1817 913 1885 947 per-

1133 957 1245 995 petuae
1273 947 1496 995 irrefragabilis
1518 949 1752 983 constitutionis
1766 949 1882 993 edicto,

1131 997 1170 1032 de
1182 998 1407 1032 venerabilium
1417 998 1547 1032 fratrum
1564 1005 1743 1032 nostrorum
1759 1007 1885 1033 sanctae

1131 1046 1292 1082 Romanae
1315 1047 1478 1082 Ecclesiae
1505 1046 1711 1080 cardinalium
1739 1047 1885 1088 consilio,

1132 1096 1307 1142 praedictas
1335 1095 1674 1131 excommunicationis
1702 1105 1730 1129 et
1752 1096 1886 1131 anathe-

1131 1146 1221 1179 matis
1249 1158 1423 1192 omnesque
1453 1152 1482 1179 et
1503 1144 1645 1190 singulas
1660 1145 1736 1178 alias
1757 1154 1887 1180 senten-

1132 1195 1201 1237 tias,
1225 1207 1373 1229 censuras
1395 1204 1425 1230 et
1454 1205 1571 1241 poenas
1593 1193 1833 1235 ecclesiasticas,
1854 1195 1884 1229 in

1133 1244 1202 1278 talia
1221 1252 1469 1290 praesumentes,
1487 1255 1542 1289 per
1563 1243 1731 1278 canonicas
1754 1244 1888 1278 sanctio-

1133 1306 1188 1327 nes
1218 1305 1254 1327 ac
1288 1293 1364 1328 alias
1397 1292 1586 1340 apostolicas
1616 1292 1885 1333 constitutiones,

1133 1342 1373 1388 quomodolibet
1395 1342 1472 1377 latas
1487 1349 1517 1375 et
1534 1341 1761 1388 promulgatas,
1782 1351 1889 1376 aucto-

1133 1392 1222 1426 ritate
1236 1392 1406 1438 apostolica
1422 1390 1635 1439 approbantes
1645 1399 1675 1425 et
1690 1392 1888 1435 innovantes,

1132 1441 1169 1474 ad
1182 1452 1292 1475 omnes
1311 1449 1340 1475 et
1356 1441 1498 1486 singulos
1515 1439 1702 1485 praedictos,
1714 1440 1766 1486 qni
1783 1440 1886 1475 forsan

1134 1490 1192 1523 sub
1216 1490 1277 1524 illis
1304 1490 1525 1536 comprehensi
1550 1501 1613 1522 non
1635 1498 1752 1533 essent,
1776 1498 1887 1524 exten-

1133 1539 1242 1574 dentes
1259 1548 1289 1574 et
1302 1540 1502 1586 ampliantes,
1521 1538 1688 1574 statuimus
1711 1547 1741 1573 et
1754 1538 1886 1573 ordina-

1136 1600 1215 1622 mus:

1184 1637 1203 1684 g
1230 1641 1262 1671 4.
1285 1637 1378 1679 Quod
1406 1638 1568 1686 deinceps,
1595 1641 1757 1687 perpetuis
1777 1641 1890 1676 futuris

1135 1687 1341 1733 temporibus,
1356 1700 1466 1722 omnes
1484 1697 1514 1723 et
1533 1690 1679 1736 singulae
1697 1691 1890 1725 ecclesiasti-

1135 1748 1187 1770 cae
1216 1737 1431 1771 saecularesve
1457 1750 1632 1783 personae,
1655 1740 1887 1787 cuiuscumque

1135 1785 1495 1832 qualitatis,dignitatis,
1510 1796 1620 1828 status,
1631 1789 1759 1834 gradus,
1768 1789 1890 1823 ordinis

1135 1842 1165 1868 et
1185 1836 1439 1889 praeeminentiae
1455 1836 1582 1876 fuerint,
1607 1850 1702 1884 quae,
1725 1850 1832 1872 earum
1858 1839 1889 1873 in

1136 1885 1252 1928 causis,
1279 1892 1340 1918 tam
1359 1885 1596 1920 beneficialibus
1610 1899 1702 1933 qnam
1721 1887 1890 1934 prophanis

1136 1945 1170 1966 ac
1196 1933 1413 1968 criminalibus
1433 1935 1497 1969 site
1517 1936 1631 1975 mixtis,
1649 1950 1678 1969 ιιι
1696 1936 1778 1970 dicta
1794 1935 1890 1971 Curia

1137 1994 1222 2017 nunc
1244 1991 1273 2016 et
1296 1996 1352 2029 pio
1375 1992 1517 2030 tempore
1545 1985 1756 2031 pendentibus
1784 1986 1889 2028 (etiam

1137 2043 1232 2078 super
1252 2032 1312 2075 bis,
1335 2032 1450 2079 quibus
1465 2034 1570 2068 literae
1586 2034 1812 2069 executoriales
1828 2035 1889 2068 iam

1137 2085 1280 2120 decretae
1312 2099 1407 2121 suum
1442 2087 1582 2122 debitum
1613 2097 1802 2123 consecutae
1826 2101 1890 2122 non

1138 2140 1270 2175 luissent
1292 2141 1461 2185 effoetum),
1474 2141 1669 2177 adversarios
1684 2142 1728 2176 vel
1747 2142 1815 2177 illas
1834 2155 1891 2189 pro

1137 2194 1182 2227 eis
1211 2202 1438 2240 prosequentes
1464 2204 1493 2229 et
1518 2203 1734 2241 procurantes,
1754 2196 1819 2230 sive
1834 2195 1892 2230 ad-

1140 2255 1264 2281 vocatos
1296 2256 1351 2282 aut
1385 2256 1607 2294 procuratores
1641 2250 1805 2296 ipsorum,
1837 2258 1893 2284 aut

1138 2300 1298 2335 auditores
1328 2309 1358 2335 et
1385 2302 1461 2336 alios
1496 2302 1616 2336 iudices
1649 2315 1890 2351 quoscumque,

1140 2364 1235 2390 testes
1257 2363 1287 2390 et
1303 2356 1441 2390 notarios
1458 2356 1613 2402 praefatos
1639 2357 1734 2391 minis
1755 2357 1889 2398 afficere,

1141 2409 1304 2452 invadere,
1325 2408 1501 2450 verberare,
1529 2410 1673 2445 mutilare
1696 2419 1726 2445 et
1748 2410 1891 2446 occidere

1141 2466 1207 2505 {seu
1223 2475 1278 2508 per
1292 2462 1368 2496 alios
1384 2462 1454 2497 talia
1468 2475 1636 2510 procurare
1645 2464 1794 2511 etexequi
1809 2476 1892 2510 qno-

1142 2516 1312 2551 inodolibet
1322 2519 1612 2563 praesumpserint),
1624 2531 1815 2565 quamquam
1826 2531 1893 2552 mu-

1143 2571 1240 2606 tilatio
1256 2571 1300 2606 vel
1316 2583 1399 2606 mors
1413 2584 1450 2605 ex
1464 2572 1524 2606 hoc
1540 2572 1642 2606 forsan
1654 2585 1714 2607 non
1730 2581 1893 2619 sequatur,

1143 2635 1193 2658 ιιιιι
1223 2625 1299 2659 talos
1326 2626 1461 2661 scienter
1488 2626 1726 2676 recepiawrini,
1746 2626 1895 2664 defende-

1893 360 1951 379 qne·

1962 354 2019 373 mitte
2039 360 2078 373 e-

1942 391 1971 408 ι
1998 390 2036 409 μυ
2040 390 2065 403 ιι

1917 1654 1985 1675 Novas
2001 1655 2084 1674 inlinit:
