2281 3251
489 263 561 296 8¹6

436 330 482 362 lv.
511 329 636 362 Insulae
657 328 727 360 novi
749 327 846 363 orbis,
869 338 886 359 a
908 327 1110 360 Ferdinando
1126 327 1195 360 Ilis-

527 378 694 422 paniarum
722 388 794 414 rog-0
826 382 854 408 et
882 375 1192 419 Elisabetlia.regina

527 432 672 471 repertae
688 431 715 458 ct
730 425 951 468 reperiendae,
971 426 1194 459 conceduntur

526 476 658 510 eisdem,
673 474 898 517 propagandae
915 474 987 507 fidei
1001 474 1193 507 christianae

527 535 634 563 causa,
657 523 733 557 361.

440 575 471 606 Υ.
500 572 675 606 Translatio
705 572 896 616 episcopalis
920 572 1080 614 dignitatis
1108 573 1196 605 Sabi-

528 622 635 656 nensis
655 621 693 654 ad
711 622 880 654 ecelesiam
892 622 924 654 S.
942 622 1078 655 Liberali
1091 627 1193 655 terrae

527 671 681 706 Malliani:
703 682 785 714 quae
805 670 936 714 quidem
957 676 1042 703 terra
1063 671 1195 704 civitatis

529 720 622 753 titulo
643 719 826 763 insignitur,
848 718 923 753 364.

441 771 485 803 vl.
522 768 768 812 Congregationi
804 769 937 801 fratrum
967 769 1194 812 Apostolorum

529 818 681 863 pauperis
707 818 788 851 vitae
817 817 939 861 Regula
963 818 994 851 S.
1027 819 1194 861 Augustini

531 867 637 907 datur,
651 866 747 900 etiam
768 867 874 910 quoad
889 872 970 907 vota,
983 866 1058 901 366.

439 918 498 951 t'tl.
522 917 565 950 De
586 916 680 950 titulo
706 915 818 949 Crucis
844 916 970 949 Domini
999 916 1099 950 nostri
1125 917 1195 950 Iesu

527 965 644 1000 Christi
665 964 848 1005 Salv-amris,
870 965 921 998 die
942 965 1073 999 ultimae
1097 967 1197 1000 domi-

527 1015 618 1048 nicae
637 1014 757 1047 mensis
777 1014 913 1048 ianuarii
925 1024 1086 1049 nccccxcn
1099 1015 1131 1048 in
1142 1027 1196 1049 ec-

526 1064 623 1098 clesia
647 1063 782 1097 Sanctae
802 1063 913 1098 Crucis
941 1063 972 1096 in
994 1064 1195 1098 Hierusalem

528 1118 733 1156 nuncupatae
753 1113 791 1145 de
817 1113 900 1146 Urbe
917 1113 1055 1146 invento.
1074 1113 1196 1147 Conce-

527 1162 614 1195 ditur
627 1162 771 1206 plenaria
783 1162 983 1205 indulgentia
993 1163 1076 1195 lianc
1092 1165 1196 1196 eecle-

528 1211 608 1244 siam
629 1211 680 1244 die
701 1211 756 1244 illa
773 1211 985 1250 visitantibus
1007 1210 1082 1245 367.

544 1259 748 1302 Privilegium
769 1260 896 1293 Ordinis
917 1261 1050 1293 t'ratrum
1073 1261 1195 1293 Eremi-

529 1314 633 1342 tarum
646 1309 752 1342 Sancti
764 1309 945 1351 Augustini,
956 1310 1041 1352 quod
1054 1310 1196 1344 unicium

528 1357 659 1391 sacrarii
681 1358 865 1401 apostolici,
895 1369 953 1401 per
973 1370 1073 1391 unum
1096 1371 1132 1392 ex
1152 1361 1197 1393 eis

532 1412 732 1442 exerceatur,
759 1407 834 1440 368.

442 1457 491 1490 IX.
515 1457 631 1489 Contra
651 1466 716 1489 non
732 1457 889 1489 solventes
908 1467 1036 1495 census,
1059 1468 1198 1491 canones

530 1510 561 1538 et
589 1505 650 1538 alia
680 1505 750 1538 iura
779 1505 826 1537 vel
850 1506 970 1547 regalia
996 1506 1197 1539 llererendae

531 1554 683 1589 Gamerae
703 1555 918 1598 Apostolieae,
940 1554 1015 1588 369.

442 1604 477 1637 X.
503 1603 583 1637 Unio
604 1603 863 1646 congregationis
887 1604 1122 1637 monachornm
1140 1606 1197 1638 Or—

530 1653 613 1686 dinis
632 1652 852 1686 Cisterciensis
877 1653 908 1685 in
931 1653 1094 1696 provincia
1110 1655 1197 1687 Tliu-

529 1701 612 1735 sciae
624 1707 654 1734 et
670 1702 905 1735 monachorum
916 1702 1059 1735 eiusdem
1072 1703 1199 1736 Ordinis

527 1750 558 1783 in
584 1750 748 1794 provincia
777 1750 1006 1786 Lombardiao.
1035 1757 1065 1783 et
1092 1763 1128 1783 ex
1153 1752 1198 1785 eis

528 1799 685 1833 institutio
716 1800 813 1833 unius
848 1800 1126 1841 congregationis,
1165 1802 1195 1833 S.

526 1849 681 1882 Bernardi
698 1849 730 1881 in
747 1849 835 1881 ltalia
852 1849 1104 1892 nuncupandae,
1123 1861 1197 1882 cuin

527 1898 653 1931 statutis
668 1903 696 1931 et
718 1898 977 1931 ordinationilms
999 1910 1055 1941 pro
1066 1899 1197 1931 einsre-

527 1947 660 1989 gimine,
687 1946 764 1980 3711.

443 1996 491 2028 xl.
506 1995 596 2035 Quod
609 1996 770 2039 Pauperes
791 1996 919 2032 Iesuati,
942 1997 979 2027 ‹lt-
997 2001 1123 2029 caetero
1140 1998 1199 2029 sra-

530 2050 592 2078 tres
614 2046 727 2078 lesnati
748 2047 778 2079 S.
804 2045 986 2088 Hieronymi
1010 2056 1199 2089 nuncupen-

529 2100 593 2134 tur,
607 2095 741 2128 caeteris
762 2095 919 2136 religiosis
934 2095 1092 2128 eiusmodi
1103 2096 1198 2129 deno-

528 2143 702 2178 minatione
724 2145 903 2183 interdieta,
926 2144 1001 2177 376.

443 2194 503 2226 ΧΗ.
517 2193 683 2236 Privilegia
700 2193 939 2226 aedificantium
958 2193 1047 2226 invia
1061 2195 1197 2227 Alexan-

529 2242 621 2275 drina
642 2253 747 2286 nuper
764 2243 794 2275 in
812 2243 895 2275 Urbe
916 2243 1036 2276 directa
1057 2254 1072 2275 a
1089 2245 1197 2277 Castro

531 2291 637 2324 Sancti
668 2291 779 2334 Angeli
809 2292 846 2323 ad
883 2292 1020 2335 plateam
1051 2292 1080 2324 S.
1114 2293 1197 2326 Petri

533 2345 687 2390 principis
708 2347 941 2390 apostolorum,
965 2346 1039 2379 377.

443 2400 517 2432 Xttt.
531 2400 687 2432 institutio
697 2400 791 2433 officii
802 2400 1008 2433 saminator-is
1019 2401 1196 2434 litterarum

531 2453 794 2497 apostolicarum,
805 2454 835 2486 in
848 2454 991 2486 otlicium
1003 2459 1197 2497 perpetuum

530 2506 682 2544 meabile,
705 2517 779 2539 cnm
803 2506 1002 2539 indultorum
1029 2511 1057 2539 et
1082 2507 1198 2548 gratia-

530 2570 601 2592 rum
623 2560 844 2597 concessione.
870 2560 945 2593 378.

446 2613 518 2646 XlV.
548 2613 751 2646 Minimornm
778 2625 833 2647 seu
865 2613 1081 2646 Ercmitaruni
1108 2613 1199 2645 Ordi—

534 2677 619 2702 nem,
651 2678 667 2699 a
695 2668 810 2700 Sancto
841 2666 1010 2700 Francisco
1036 2666 1074 2700 de
1106 2666 1200 2699 Paula

440 1260 513 1293 vlu.

1064 273 1215 296 BELLARH
1240 274 1367 296 ROMAE!

1326 338 1431 371 nuper
1446 328 1640 369 institutum,
1652 330 1826 373 privilegiis
1846 336 1878 363 et
1886 332 1995 373 gratiis

1326 377 1461 415 donam,
1483 377 1659 421 approbat:
1686 378 1841 421 Regulam
1873 380 1994 413 nox-iter

1327 426 1533 459 reformatam
1557 426 1739 465 confirmat.
1761 429 1799 460 ad
1822 429 1993 473 ipsumque

1325 475 1573 508 Mendicantium
1590 474 1746 510 Ordinum
1760 478 1995 521 praerogativas

1325 530 1356 558 et
1375 524 1591 567 indulgentias
1607 525 1758 566 extendit,
1780 525 1856 561 380.

1236 573 1297 606 ΧΥ.
1317 573 1433 606 Contra
1453 572 1665 614 ostendentes,
1693 584 1751 617 per
1769 585 1802 608 se
1822 576 1870 608 rel
1881 576 1993 615 alium,

1327 621 1486 665 litigantes
1511 621 1543 655 in
1563 621 1659 655 Curia
1679 622 1842 664 Romana,
1864 635 1995 658 eorum-

1326 681 1389 714 que
1401 670 1535 710 iudiees,
1553 670 1734 712 advocatos,
1754 677 1993 715 procuratores,

1326 719 1479 759 notarios,
1501 725 1661 763 testesque
1678 725 1709 753 et
1727 720 1819 761 alios,
1841 719 1917 755 394.

1237 768 1312 802 XVI.
1336 769 1505 802 Concessio
1525 769 1675 812 gubernii
1695 770 1909 813 quarumdam
1931 775 1995 805 ter-

1327 829 1437 851 rarum
1454 818 1561 852 Status
1580 818 1794 853 Ecclesiastici
1809 819 1937 854 clericis
1955 820 1991 854 R.

1327 868 1479 901 Gamerae
1499 869 1715 912 Apostolicae,
1737 868 1814 903 397.

1533 966 1620 1001 PIUS
1644 967 1695 1001 111.

1239 1063 1315 1098 Eius
1330 1063 1404 1106 vita,
1425 1064 1501 1099 399.

1524 1162 1650 1196 IULIUS
1674 1163 1710 1196 ΙΙ.

1238 1261 1261 1293 l.
1285 1261 1402 1294 Contra
1423 1261 1562 1294 barones
1581 1265 1612 1294 et
1627 1261 1875 1295 communitates
1892 1261 1997 1295 Status

1328 1309 1557 1350 Ecclesiastici‚
1591 1321 1704 1343 eorum
1738 1310 1898 1343 territoria
1932 1321 1996 1343 non

1328 1358 1545 1391 custodientes
1556 1370 1572 1391 a
1585 1359 1735 1396 bannitis,
1750 1358 1875 1391 furibus
1886 1363 1917 1392 et
1927 1359 1997 1392 aliis

1328 1407 1603 1450 delinquentibus,
1630 1406 1706 1441 399.

1241 1456 1276 1489 ll.
1299 1455 1526 1489 Monasterium
1538 1456 1737 1497 Cassfflense,
1750 1457 1877 1490 Ordinis
1891 1458 1922 1489 S.
1937 1458 1994 1490 Be-

1329 1505 1459 1544 nedicti,
1488 1505 1730 1548 congregationi
1759 1506 1995 1538 monachorum

1329 1555 1463 1587 Sanctae
1477 1554 1616 1587 Iustinae
1636 1554 1675 1587 de
1695 1554 1900 1588 Observantia
1915 1554 1997 1588 eius-

1329 1602 1402 1635 dem
1423 1602 1550 1636 Ordinis
1576 1603 1699 1643 unitur‚
1722 1608 1750 1635 et
1781 1603 1899 1636 dictam
1920 1614 1997 1636 con-

1329 1651 1547 1694 gregationem
1573 1651 1794 1685 Cassinensem
1815 1651 1892 1684 alias
1917 1652 1996 1685 San-

1331 1706 1399 1734 ctae
1410 1701 1549 1734 Iustinae
1565 1701 1767 1734 denominari
1783 1700 1994 1744 praecipitur,

1329 1750 1423 1794 eique
1445 1750 1607 1794 privilegia
1627 1751 1737 1784 omnia
1752 1751 1996 1784 communican-

1329 1806 1393 1837 tur,
1415 1800 1491 1833 400.

1241 1849 1290 1882 111.
1303 1849 1511 1883 Confirmatio
1521 1848 1739 1892 capitulorum
1751 1848 1837 1882 circa
1853 1851 1994 1891 regimen

1329 1904 1356 1931 et
1369 1898 1636 1939 gubernationem
1646 1897 1779 1931 civitatis
1786 1899 1996 1932 Bononiensis

1329 1958 1387 1991 per
1395 1948 1515 1989 legatos
1525 1952 1555 1980 et
1562 1947 1812 1989 gubernatorem
1820 1948 1994 1981 exercenda

1329 1996 1503 2032 editorum,
1525 1996 1600 2029 402.

1240 2045 1287 2078 lv.
1306 2044 1422 2078 Contra
1443 2045 1878 2079 abutentesimmunitatibus
1892 2046 1995 2079 cccle-

1329 2093 1450 2126 siarum
1467 2093 1499 2125 in
1523 2104 1621 2134 regno
1641 2094 1785 2136 Angliae,
1807 2093 1882 2127 404.

1243 2145 1274 2176 Υ.
1298 2143 1464 2177 Daninatio
1479 2143 1674 2177 simoniacae
1690 2143 1856 2177 electionis
1871 2143 1994 2176 Summi

1331 2193 1494 2226 Pontitieis
1522 2193 1678 2231 Romani,
1710 2204 1783 2225 cuin
1818 2203 1994 2236 poenarum

1331 2241 1534 2285 impositione
1565 2242 1596 2274 in
1616 2242 1754 2275 electum
1780 2241 1997 2285 eligentesque

1330 2296 1360 2324 et
1380 2301 1494 2324 eorum
1515 2291 1702 2335 complices,
1724 2291 1798 2325 405.

1241 2346 1287 2378 Yl.
1311 2345 1995 2384 innovatioconstitutionumBonit‘aciil'lll,

1331 2399 1499 2432 Alexandri
1516 2399 1550 2438 Υ,
1573 2399 1618 2431 Pii
1638 2399 1663 2432 ll
1683 2404 1714 2432 et
1732 2398 1908 2431 iunocentii
1921 2398 1995 2436 x‘ltl,

1331 2458 1441 2485 contra
1469 2452 1611 2496 provisos
1632 2452 1812 2495 ingerentes
1832 2464 1864 2483 se
1886 2451 1916 2484 in
1941 2451 1997 2484 ad-

1332 2505 1620 2538 ministrationibus
1629 2505 1876 2545 beneficiorum,
1888 2504 1998 2537 litteris

1332 2559 1515 2602 apostolicis
1545 2569 1608 2592 non
1634 2559 1804 2603 expeditis;
1835 2563 1863 2590 et
1885 2563 1997 2590 contra

1335 2624 1396 2645 non
1415 2613 1570 2645 solventes
1590 2618 1722 2645 annatas
1737 2613 1888 2645 Camerae
1915 2612 1998 2655 Apo-

1335 2666 1477 2702 stolirae,
1499 2666 1574 2699 408.
