2281 3251
1696 301 1764 334 723

276 369 505 416 frangerentur,
519 367 649 403 evadere
664 376 780 414 posset,
794 368 936 403 arborem
951 381 1018 403 am-
1059 367 1139 403 beati
1153 367 1209 401 viri
1232 366 1430 402 sanctitatem
1454 365 1561 413 dignis
1584 365 1727 414 verisque
1749 378 1813 414 po-

277 420 427 467 plectens,
443 430 564 453 summa
587 430 658 452 cum
681 417 844 453 devotione
866 419 1019 453 clamavit:
1059 426 1122 453 stea
1146 417 1294 452 laudibus
1317 417 1427 451 merito
1451 416 1586 451 efferret.

280 469 308 504 O
321 471 402 504 beate
423 470 583 503 Francisce
603 470 638 502 tle
652 470 766 508 Paula,
781 481 866 514 opem
887 470 932 514 fer
947 470 1023 503 milti
1110 468 1199 515 550.
1214 467 1303 509 Quae
1316 467 1421 501 omnia
1434 480 1506 502 cum
1518 465 1691 501 mirabilem
1706 478 1813 513 quam·
1841 477 1899 498 tussu
1912 477 1962 513 sun
1974 476 2010 503 iv,

275 521 394 553 misero.
410 518 469 553 His
503 518 606 562 dietis,
634 531 745 553 currus
771 519 820 553 cni
853 518 1020 553 hombarda
1063 517 1132 551 dam
1156 526 1186 552 et
1208 529 1277 552 raro
1298 517 1438 552 auditam
1468 517 1521 551 viri
1544 517 1739 551 sanctitatem
1757 528 1812 550 ar—
1828 508 2012 535 ³⁶¹⁶³⁶m⁵¹³¹¹'

1827 541 1871 560 ciac
1902 541 2010 563 arcessit,

278 569 342 615 ipsa
358 569 504 615 imposita
518 576 594 608 crat,
612 568 641 602 iu
660 568 727 603 loco
746 569 1021 615 praecipitistatim
1064 577 1215 613 guerent,
1242 579 1415 614 corumque
1438 566 1571 601 celebris
1588 567 1667 600 fama
1691 566 1751 600 iam
1774 565 1811 600 ad
1828 572 2012 598 quibenissnsseum

278 618 406 660 restitit,
434 618 640 665 apparuitque
672 618 774 652 cidem
798 618 875 652 lulio
897 618 1022 665 quidam

82 316 130 346 An.
145 316 174 344 C.
194 312 259 343 1519
962 312 1023 336 LEO
1045 311 1066 335 x
1087 311 1135 335 1²1².

1829 310 1879 337 An.
1897 307 2008 337 01519

97 1269 202 1291 Ardentes
213 1268 267 1289 titio-

83 1307 122 1322 nes
133 1301 209 1321 manib.
221 1305 267 1326 pro-

81 1333 133 1359 priis
156 1333 179 1352 att
196 1332 267 1358 proxi-

83 1364 108 1383 mi
125 1363 213 1384 salutem
229 1368 267 1383 ac-

82 1394 148 1420 tepl·;

1065 618 1164 652 clarae
1180 617 1349 651 memoriae
1377 616 1571 651 Lndovicnm
1589 615 1631 650 xl
1649 615 1741 650 buius
1756 627 1814 650 no·
1827 605 1913 654 {iac-ciffi
1925 605 2014 653 {instes-

278 667 505 703 fraterOrdinis
515 667 595 702 beati
610 667 770 702 Francisci
790 668 828 702 de
846 668 954 708 Paula,
969 669 1021 714 qui

278 725 352 752 tunc
371 717 477 752 funem
493 718 594 764 ipsum
613 717 757 753 manibus
773 718 910 753 retinuit.
926 718 1024 759 Idem,

280 779 350 802 vero
366 767 465 802 Iulius
477 775 561 802 tauto
582 767 720 814 periculo
736 776 874 815 ereptus,
896 780 1025 803 omnes-

278 829 339 864 que
365 818 416 864 qui
436 817 519 862 illuc,
535 817 624 864 qnasi
640 817 675 851 ad
694 818 920 864 spectaculum,
943 830 1025 852 con—-

280 874 442 908 venerant,
454 867 662 914 omnipotenti
677 865 746 902 Deo
761 867 913 914 beatoque
927 867 1026 902 Fran-

280 917 364 951 cisco
400 916 439 952 de
470 916 568 951 Paula
601 917 772 952 immensas
804 917 885 951 illico
913 917 1027 964 gratias

280 974 434 1013 egerunt,
461 967 590 1013 ipseque
611 976 683 1001 ante
704 967 781 1001 alios
803 979 912 1001 omnes
935 966 1027 1000 nudis

281 1016 416 1063 pedibus
432 1016 468 1051 ad
484 1016 626 1050 eiusdem
642 1016 787 1051 beativiri
802 1016 1025 1050 monasterium

282 1066 460 1113 profectus,
483 1066 651 1112 imaginem
686 1078 773 1100 suam
803 1078 925 1100 ceream
953 1066 1027 1100 fune

281 1115 416 1163 pedibus
439 1116 592 1162 implicito
621 1128 675 1162 pro
704 1115 882 1157 devotione,
897 1116 925 1150 in
951 1115 1026 1150 tanti

282 1165 423 1200 miraculi
446 1166 643 1210 memoriam,
658 1165 779 1200 obtulit.

330 1215 350 1261 S
377 1217 433 1250 29.
460 1214 540 1250 Cum
570 1227 585 1249 a
612 1215 748 1262 quodam
764 1214 855 1249 fratre
878 1214 1027 1254 Antonio,

283 1263 416 1299 Ordinis
438 1265 596 1299 Minorum
620 1264 809 1311 professore,
830 1265 895 1298 viro
912 1264 1027 1298 doctis-

283 1316 364 1349 simo
387 1315 668 1361 integerrimaeque
690 1314 780 1358 vitae,
808 1314 890 1348 idem
919 1313 1028 1348 beatus

283 1364 340 1408 vir,
352 1364 442 1398 etiam
456 1365 485 1398 in
505 1363 639 1410 publicis
660 1363 946 1411 praedicationibus
958 1375 1028 1398 car-

282 1413 501 1460 pereturquod
517 1413 659 1448 videlicet
673 1421 733 1448 tam
744 1413 927 1460 imprudens
936 1422 1028 1454 esset,

282 1470 316 1498 ut
330 1463 461 1510 simplex
476 1462 573 1498 laicus
589 1471 618 1498 ct
633 1463 791 1498 literarum
809 1464 932 1510 penitus
947 1463 1030 1510 igna-

280 1525 351 1554 rus,
379 1512 569 1560 quibusdam
596 1513 700 1548 herbis
731 1514 867 1559 aegrotis
897 1513 1027 1548 salutem

282 1562 487 1610 promitteret,
510 1562 621 1597 accidit
649 1571 681 1597 ut
709 1562 791 1598 idem
816 1563 909 1597 frater
923 1563 1029 1597 Anto-

282 1613 353 1647 nius
375 1612 414 1647 ab
441 1612 509 1647 aliis
536 1612 611 1647 dicti
639 1612 770 1647 Ordinis
792 1612 950 1647 Minorum
966 1612 1029 1647 fra-

281 1662 382 1697 tribus
403 1662 441 1697 ad
476 1662 624 1697 eumdem
648 1662 773 1697 beatum
797 1663 899 1697 virum
915 1663 1029 1696 missus

281 1711 385 1756 suerit,
400 1720 556 1759 quatenus
579 1724 651 1747 eum
672 1712 911 1760 dc'praemissis
924 1712 1030 1747 redar-

281 1770 401 1808 gueret;
423 1762 477 1809 qui
505 1774 576 1797 cum
600 1763 637 1797 ad
657 1775 730 1797 enm
754 1764 891 1798 venisset
913 1771 942 1797 et
962 1775 1029 1796 ma-

282 1812 351 1858 gnis
366 1812 453 1846 illum
467 1812 667 1847 contumeliis
679 1812 846 1853 affecisset,
871 1813 1030 1859 increpas-

282 1870 393 1909 setque
405 1862 473 1896 eius
494 1862 646 1909 ignaviam
670 1870 699 1896 et
714 1863 968 1905 crassitudinem,
983 1863 1030 1895 vir

282 1911 339 1946 Dei
367 1912 642 1947 constantissimus
659 1913 971 1958 patientissimusque
988 1920 1031 1946 tot

282 1961 427 1996 convitiis
448 1970 479 1997 et
501 1962 622 1996 iniuriis
647 1963 824 1996 nullatcnus
847 1962 974 2003 fractus,
997 1974 1031 1996 ac

282 2023 340 2045 nec
362 2020 539 2046 commotus
560 2012 688 2058 quidem
717 2011 786 2057 suit,
808 2012 861 2046 sed
886 2011 953 2046 foco
976 2024 1032 2058 ap-

283 2062 500 2109 propinquans
527 2062 673 2096 ardentes
702 2062 827 2096 titiones
849 2062 942 2095 nudis
967 2074 1032 2095 ina-

284 2110 379 2145 nibus
400 2111 539 2158 accepit,
562 2123 678 2158 eosque
701 2112 806 2146 stricte
828 2112 1032 2158 compressit,

283 2177 318 2200 ac
333 2166 495 2201 manifeste
510 2165 658 2210 ostendit,
673 2166 702 2199 in
719 2165 775 2199 Dei
799 2166 912 2199 virtute
928 2165 1030 2199 omnia

284 2219 351 2255 fieri
377 2233 482 2267 posse.
498 2220 539 2255 At
562 2219 612 2254 ille
642 2219 886 2266 prudentissime
911 2219 1033 2266 prospi—

285 2274 372 2309 ciens
388 2275 523 2309 hominis
538 2273 770 2320 simplicitatem
789 2282 819 2309 et
843 2274 949 2318 tidem,
964 2286 1034 2308 oin-

286 2329 399 2376 niaque
414 2329 452 2364 ab
475 2341 512 2363 eo
527 2328 629 2363 divina
647 2329 741 2375 gratia
758 2336 788 2362 et
815 2329 1033 2363 ardentissimo

286 2382 357 2418 fidei
381 2384 493 2431 spiritu
514 2383 591 2424 fieri,
608 2386 676 2418 eius
703 2383 835 2430 pedihus
858 2383 1034 2427 advolutus,

287 2437 356 2473 illos
370 2447 452 2473 arcte
476 2438 710 2485 complectens,
738 2438 937 2484 oscularique
952 2446 1033 2472 sata-

287 2504 364 2538 gens
381 2495 503 2528 veniam
518 2493 557 2528 ab
581 2494 649 2540 ipso
665 2492 841 2527 humillime
858 2492 1034 2539 postulavit.

287 2546 397 2595 Neque
414 2548 486 2583 inde
497 2547 754 2588 surrexit,d0nec
769 2547 807 2582 ab
820 2547 930 2582 eodem
948 2547 1036 2582 beato

290 2610 374 2648 patre
388 2602 635 2642 benediceretur:
652 2614 713 2649 quo
730 2601 918 2643 factumest,
935 2610 965 2636 ut
984 2603 1035 2650 qni

289 2665 379 2691 antea
404 2657 435 2691 in
460 2657 545 2691 illum
575 2656 701 2704 publice
722 2655 883 2690 maledicta
905 2657 1035 2703 plurima

289 2718 501 2758 congesserat,
520 2711 682 2759 proprium
707 2709 872 2746 confessus
887 2723 1038 2755 errorem,

1066 667 1170 707 minis,
1181 666 1373 701 Francorum
1384 678 1488 711 regem
1504 665 1813 706 christianissimum,
1828 664 1865 684 '¹²-

1068 717 1185 763 perlata
1206 724 1304 761 esset,
1324 728 1378 751 rex
1400 717 1454 750 viri
1471 715 1551 751 beati
1566 715 1730 750 sanctitate
1746 727 1815 749 mo-

1067 775 1129 811 tus,
1158 767 1262 813 ipsum
1286 779 1390 801 coram
1414 765 1520 800 videre
1539 766 1682 813 cupiens,
1704 777 1719 799 a
1745 765 1814 811 piae

1068 817 1237 851 memoriae
1263 816 1353 851 Sixto
1375 815 1460 862 Papa
1487 814 1541 856 IV,
1560 816 1652 850 etiam
1677 814 1816 862 praede-

1067 878 1191 901 cessore
1215 873 1333 906 nostro,
1350 865 1526 912 impetravit
1549 873 1582 900 ut
1603 864 1707 899 eidem
1726 864 1815 899 beato

1068 917 1133 950 viro
1161 917 1192 950 in
1215 916 1330 950 virtute
1351 923 1475 950 sanctae
1497 915 1696 949 obedientiae
1719 926 1816 948 man—

1068 965 1156 1000 daret
1175 974 1207 999 ut
1222 978 1258 1000 cx
1273 964 1416 1000 Calabria
1441 966 1471 998 in
1499 963 1663 999 Franciam
1686 976 1720 998 se
1736 976 1816 998 con-

1068 1015 1174 1059 ferret,
1189 1016 1372 1062 dictumque
1394 1014 1590 1049 Lndoricum
1613 1026 1716 1060 regem
1742 1013 1818 1047 visi-

1069 1065 1287 1112 tare13quihus
1303 1065 1397 1098 iussis
1419 1064 1477 1099 Dei
1501 1062 1638 1098 famulus
1653 1063 1816 1103 obediens,

1069 1115 1099 1148 in
1121 1114 1285 1149 Franciam
1314 1114 1380 1158 ivit,
1401 1114 1454 1148 ubi
1481 1126 1555 1148 eum
1584 1112 1741 1160 praefatus
1764 1125 1817 1147 rex

1069 1164 1219 1209 singulari
1244 1164 1409 1198 devotione
1433 1163 1629 1209 suscipiens,
1659 1174 1757 1210 seque
1778 1161 1818 1196 ab

1069 1226 1105 1248 eo
1132 1214 1276 1248 benedici
1304 1213 1478 1260 postulanS,
1510 1213 1552 1246 illi
1571 1221 1730 1259 tamqnam
1753 1212 1818 1246 viro

1070 1263 1126 1297 Dei
1150 1275 1297 1309 magnum
1314 1263 1465 1297 honorem
1493 1270 1523 1297 et
1542 1261 1747 1297 reverentiam
1763 1274 1818 1296 ex—

1069 1312 1180 1347 hibuit.
1208 1313 1342 1359 Cognita
1364 1312 1478 1347 deinde
1500 1311 1558 1346 viri
1588 1311 1763 1351 sanctitate,
1791 1311 1819 1345 ei

1069 1363 1202 1410 eiusque
1224 1362 1371 1398 fratribus
1399 1362 1510 1397 sedem
1540 1374 1636 1409 prope
1663 1361 1818 1396 civitatem

1070 1412 1288 1447 Turonensem
1303 1420 1333 1448 et
1345 1413 1465 1459 regium
1482 1411 1631 1459 palatium
1641 1411 1819 1458 assignavit,

1070 1462 1269 1510 amplamque
1304 1470 1334 1497 et
1362 1462 1560 1508 magnificam
1588 1461 1718 1496 domum
1746 1472 1819 1494 cum

1071 1512 1213 1554 ecclesia,
1235 1525 1315 1560 quac
1339 1512 1368 1546 in
1397 1512 1477 1546 hanc
1500 1523 1600 1558 usque
1621 1511 1703 1545 diem
1726 1517 1819 1550 extat,

1073 1575 1128 1609 pro
1151 1562 1249 1608 ipsius
1264 1561 1477 1596 B.Francisci
1504 1561 1542 1595 de
1566 1561 1662 1595 Paula
1676 1572 1821 1595 suorum·

1071 1624 1131 1658 que
1157 1612 1287 1646 fratrum
1316 1625 1374 1647 usu
1397 1620 1428 1646 et
1455 1610 1658 1655 habitatione,
1680 1609 1820 1645 construi

1071 1662 1155 1697 fecit.

1120 1712 1140 1759 ἓ
1167 1714 1225 1746 51.
1252 1711 1370 1746 Tantae
1388 1710 1516 1758 insuper
1531 1709 1745 1745 continentiae
1764 1708 1821 1743 fuit

1073 1762 1153 1797 idem
1182 1762 1291 1797 beatus
1313 1763 1370 1803 vir,
1398 1770 1430 1795 ut
1458 1774 1519 1795 non
1548 1773 1642 1795 carne
1671 1760 1724 1794 sed
1755 1759 1821 1794 solo

1072 1813 1181 1859 spiritu
1218 1821 1401 1859 compactus
1431 1823 1499 1846 esse
1528 1810 1697 1845 videretur.
1727 1809 1822 1844 Prius

1072 1863 1154 1896 enim
1175 1874 1267 1909 quam
1284 1861 1323 1895 ab
1339 1863 1395 1895 hac
1410 1862 1478 1895 lnce
1498 1860 1685 1901 discederet,
1699 1859 1735 1893 ad
1753 1872 1824 1893 om-

1073 1913 1243 1958 nipotentis
1265 1911 1322 1945 Dei
1352 1913 1473 1945 landem
1497 1919 1527 1945 et
1555 1910 1705 1955 gloriani,
1733 1921 1824 1943 suae-

1073 1974 1134 2008 que
1155 1961 1331 2007 Religionis
1355 1961 1624 2008 propagationem,
1652 1960 1756 1993 divina
1779 1962 1824 2002 (ut

1075 2013 1123 2057 pie
1145 2012 1293 2055 creditur)
1318 2011 1520 2057 inspiratione
1549 2010 1731 2052 instructus,
1761 2017 1823 2042 tres

1075 2061 1223 2108 chulas,
1252 2061 1379 2095 fratrum
1405 2060 1525 2094 scilicet
1559 2071 1594 2093 ac
1626 2071 1769 2092 sororum
1793 2065 1824 2091 et

1076 2113 1236 2158 utriusque
1250 2107 1727 2145 sexuslidelinmTertiariorum
1749 2120 1826 2141 nuu-

1074 2174 1258 2212 cupatorum
1277 2165 1459 2205 instituit;et
1471 2172 1504 2198 ut
1518 2162 1825 2197 humilitatisamator

1075 2228 1150 2260 erat,
1175 2219 1320 2266 illamque
1337 2231 1351 2253 a
1376 2219 1441 2253 snis
1464 2218 1554 2252 etiam
1578 2217 1635 2251 coli
1664 2215 1825 2251 desidera-

1077 2273 1137 2316 bat,
1155 2273 1263 2309 fratres
1280 2273 1327 2308 sui
1343 2272 1473 2307 Ordinis
1489 2272 1647 2311 itlim'mos,
1660 2278 1690 2305 et
1702 2282 1824 2305 sorores

1075 2329 1226 2363 Minimas
1259 2329 1359 2363 vocari
1384 2328 1497 2361 dehere
1525 2326 1690 2366 ordinarit,
1719 2325 1826 2359 iniun-

1076 2384 1182 2430 xitqne
1205 2383 1265 2418 illis
1294 2391 1343 2427 nt,
1366 2383 1475 2417 ‹lceem
1504 2381 1646 2415 mandata
1671 2380 1774 2414 (lirina
1793 2388 1825 2414 et

1077 2436 1235 2472 Ecclesiae
1251 2444 1413 2485 praecepta
1429 2436 1574 2471 salutaria
1591 2436 1752 2481 vigilanter
1766 2433 1826 2468 ob-

1077 2502 1254 2535 servantes,
1271 2492 1363 2526 Rom.
1378 2491 1520 2525 Pontifici
1537 2503 1591 2537 pro
1606 2499 1746 2536 tempore
1765 2489 1827 2523 exi·

1078 2548 1170 2580 stenti
1195 2546 1327 2581 fideliter
1346 2545 1521 2588 obedirent,
1543 2557 1578 2579 ac
1593 2543 1651 2578 sub
1672 2543 1826 2578 obedien-

1080 2601 1149 2645 tiae,
1172 2602 1322 2636 castitatis
1340 2608 1370 2634 et
1401 2600 1592 2647 paupertatis
1616 2596 1827 2646 quadragesi-

1080 2657 1230 2703 malisque
1254 2656 1332 2690 ritae
1355 2655 1452 2689 sacris
1484 2655 1561 2689 rotis
1591 2661 1826 2701 perseveranter

1082 2710 1181 2745 vivere
1204 2710 1435 2758 profiterentur,
1459 2707 1620 2743 nonnullis
1634 2707 1671 2743 ad
1688 2705 1825 2753 Regulas

1843 1716 1933 1744 Regulas
1943 1719 1986 1738 tres
1998 1714 2020 1736 Β,

1836 1748 1960 1769 franciscus
1987 1749 2021 1767 in-

1836 1780 1915 1803 stitu1t3
