2281 3251
267 237 315 264 An.
335 236 362 263 C.
384 237 450 265 11139

275 2488 419 2509 Poenttenua

517 228 561 261 50

467 293 587 327 ostendi
615 293 798 339 sauguinem
817 293 942 328 Christi.
966 292 1049 338 Ergo
1077 305 1148 327 cuni
1179 294 1208 328 in

466 341 563 376 calice
587 342 691 377 vinum
723 351 753 376 et
780 355 858 389 aqua
885 343 1055 382 miscetur,
1083 342 1210 377 Cbristo

467 392 600 438 populus
621 392 788 431 adunatur,
810 402 839 426 et
859 392 994 426 lideliunt
1011 391 1098 437 plebs
1112 393 1155 434 ei,
1179 393 1208 426 in

465 454 558 488 quem
585 441 696 483 cti-dit,
719 441 881 489 copulatur
902 450 931 475 et
955 441 1102 485 iungitur.
1126 440 1207 476 Cum

465 504 538 536 vrgo
577 500 637 525 tam
673 501 777 526 saneta
817 490 956 525 Romana
995 490 1157 534 Ecclesia,
1192 503 1207 524 a

465 540 652 576 beatissimis
666 542 815 588 apostolis
831 541 921 575 Petro
936 549 962 573 et
976 539 1072 574 Paulo
1085 541 1208 578 edocta,

465 603 556 636 quam
586 590 724 637 reliquae
751 603 861 624 ornnes
886 589 1081 629 Latinorum,
1108 589 1208 625 Grae·

463 653 635 687 corumque
676 639 856 682 Ecclesiae,
889 639 918 673 in
954 639 1070 686 quibus
1105 640 1208 674 omnis

462 690 632 724 sanctitatis
654 698 682 722 et
702 690 862 723 ‹lot-trinae
877 689 993 723 lumina
1015 689 1207 732 claruerunt,

462 739 500 772 ab
517 739 603 774 initio
620 740 775 773 nascentis
790 738 948 773 Ecclesiae
958 739 1004 773 sie
1018 739 1206 774 servaverint

462 797 490 822 et
521 789 612 822 morlo
634 797 768 828 servent,
792 788 1017 823 inconveniens
1035 789 1204 824 admodum

464 839 594 879 videtur,
617 847 647 871 ιιι
670 837 727 871 alia
743 838 871 884 quaevis
895 839 980 884 regio
1002 838 1113 874 abbae
1136 839 1206 872 nni-

462 888 569 921 versali
589 897 618 921 et
635 887 809 921 rationabili
824 888 981 935 discrepet
996 889 1204 923 observantia.

463 936 668 971 Decernimns
692 937 796 982 igitur,
821 945 852 971 ιιι
880 938 971 971 ctiam
996 939 1051 984 ipsi
1074 938 1204 973 Armeni

459 999 493 1020 se
520 998 590 1021 cum
615 987 761 1021 universo
783 987 858 1022 orbe
890 987 1059 1022 clu-istiano
1081 988 1206 1023 consor-

461 1044 557 1076 ment,
580 1049 753 1083 eorumque
775 1037 952 1071 sacerdotes
973 1037 1001 1071 in
1022 1038 1128 1072 calicis
1146 1037 1204 1071 ob-

460 1085 574 1121 latione
597 1086 770 1133 paullulum
800 1099 899 1133 aquae
934 1090 1045 1134 (prout
1085 1088 1203 1122 «lictum

459 1141 522 1179 est)
551 1135 743 1170 admisceant
773 1136 854 1170 vino.
891 1135 1004 1171 Forma
1039 1138 1131 1171 buius
1154 1150 1204 1171 sa-

458 1185 608 1220 cramenti
649 1194 721 1219 sunt
767 1185 857 1220 verba
888 1185 1068 1230 Salvatoris,
1091 1187 1204 1234 quibus

460 1234 517 1269 boc
543 1235 675 1270 confecit
695 1244 938 1270 sacramentum.
954 1235 1047 1275 Nam,
1066 1238 1202 1292 ipsorum

461 1285 624 1320 verborum
663 1285 774 1319 virtute
790 1312 798 1328 ,
837 1285 1008 1320 snbstantia
1051 1287 1138 1341 panis
1175 1287 1202 1320 in

459 1334 581 1382 Corpus
600 1334 731 1373 Christi
758 1344 787 1368 et
802 1336 972 1370 substantia
996 1336 1055 1370 vini
1078 1337 1106 1370 in
1129 1336 1205 1371 San-

459 1396 586 1430 guinem
621 1393 868 1423 ‹rvonurtuntnr¹
911 1386 949 1418 ita
986 1394 1086 1420 tannen
1118 1386 1202 1442 qnod

459 1442 543 1469 totus
558 1433 704 1468 Cliristus
716 1435 894 1468 continetur
907 1435 965 1469 snb
980 1448 1033 1482 sp«,
1037 1436 1083 1470 cie
1099 1437 1203 1482 paniS,

459 1491 489 1518 ct
512 1492 595 1519 totus
627 1484 685 1518 sub
714 1484 819 1531 specie
855 1485 936 1526 vini;
972 1485 1031 1518 sub
1066 1486 1203 1532 qualibet

459 1545 584 1581 quoque
608 1541 694 1580 parte
717 1533 835 1568 bostiae
864 1543 1062 1569 consecratae
1089 1544 1118 1569 et
1142 1537 1202 1570 vini

459 1584 643 1621 consecrati,
670 1584 865 1630 separatione
901 1584 1000 1627 sacta,
1035 1593 1118 1619 totus
1158 1595 1203 1620 est

459 1630 614 1668 Cbristns.
630 1632 734 1667 Huius
748 1635 933 1668 sacramenti
948 1634 1089 1677 effectus,
1108 1647 1202 1682 quem

460 1682 489 1716 in
526 1683 628 1718 anima
650 1691 797 1729 operatur
823 1683 918 1728 digne
951 1685 1129 1724 sumentis
1158 1694 1204 1719 est

459 1732 607 1767 adunatio
630 1732 766 1767 bominis
787 1732 823 1767 ad
859 1732 1033 1768 Christum.
1058 1734 1096 1769 Et
1131 1735 1202 1782 quia

460 1794 515 1827 pet·
540 1783 669 1828 gratiam
695 1782 788 1816 ltotno
809 1781 937 1817 Christo
973 1784 1202 1831 incorporatur,

458 1840 488 1865 et
510 1831 661 1867 membris
682 1832 751 1866 eius
771 1832 898 1876 unitur,
927 1844 1124 1888 consequens
1145 1842 1203 1874 est,

458 1881 541 1927 quod
567 1893 620 1926 per
649 1881 706 1916 boc
729 1890 960 1917 sacramentum
992 1896 1020 1916 ιιι
1051 1884 1204 1918 sumenti-

459 1930 518 1965 bus
544 1931 638 1977 digne
665 1931 761 1977 gratia
797 1940 971 1977 augeatur,
1012 1944 1204 1981 omnemque

457 1980 616 2023 effectum,
639 1993 734 2028 quem
751 1982 917 2016 materialis
940 1981 1028 2016 cibus
1047 1991 1076 2017 et
1099 1992 1203 2031 potus,

458 2030 562 2077 quoad
594 2030 684 2065 vitam
713 2039 809 2077 agunt
843 2031 1054 2078 corporalem,
1078 2042 1205 2068 susten-

458 2079 564 2120 tando,
586 2059 750 2127 augendo}q
766 2082 938 2127 reparando
953 2090 981 2116 et
1005 2081 1204 2127 delectando,

457 2140 689 2165 sacramentum
719 2131 776 2165 boc
798 2131 900 2178 quoad
938 2131 1027 2166 vitam
1058 2141 1205 2177 operatur

456 2180 670 2225 spiritualem;
700 2181 729 2214 in
757 2192 819 2228 quo
850 2185 899 2224 (ut
928 2182 1029 2228 inquit
1056 2180 1205 2217 Urbanus

456 2228 551 2277 Papa)
567 2238 684 2277 gratam
700 2230 871 2265 Salvator-is
887 2233 983 2265 nostri
1003 2244 1205 2267 recensemus

459 2281 653 2318 memoriam,
677 2292 692 2314 a
717 2281 797 2315 malo
821 2281 1019 2321 retrahimur,
1042 2283 1204 2317 conforta-

457 2340 528 2364 mur
555 2329 584 2363 in
615 2330 708 2372 bono,
731 2339 759 2364 et
783 2330 818 2364 ad
849 2331 995 2366 virtutum
1024 2340 1054 2366 et
1088 2333 1205 2378 gratia-

458 2391 526 2414 rum
552 2380 733 2426 proficimus
757 2381 998 2415 incrementum.

507 2433 522 2472 g
546 2433 601 2464 15.
624 2428 778 2485 Quartum
802 2438 1032 2466 sacramentum
1057 2439 1105 2465 est
1120 2430 1204 2466 Poe

459 2479 599 2522 nitentia,
622 2481 712 2515 cttitts
738 2480 826 2535 quasi
855 2480 981 2515 materia
1016 2488 1090 2515 sunt
1117 2489 1205 2515 actus

460 2529 671 2576 poenitentis,
710 2531 764 2577 qui
807 2530 836 2564 in
872 2539 933 2565 tres
966 2529 1206 2586 distinguuntur

460 2587 572 2625 partes.
591 2578 731 2621 Quarum
749 2580 846 2628 prima
860 2587 906 2615 est
924 2579 1028 2616 cordis
1046 2580 1205 2621 contritio,

458 2629 495 2664 ad
518 2641 610 2677 quam
634 2629 793 2677 pertinet,
820 2637 852 2667 ut
875 2629 975 2666 doleat
1008 2629 1046 2666 de
1075 2638 1205 2678 peccato

1053 239 1240 262 namnum
1270 239 1429 262 ROMANUM

1250 293 1421 327 commisso
1455 304 1526 326 eum
1556 293 1715 339 proposito
1753 305 1815 328 non
1851 293 2000 341 peccandi

1249 342 1287 375 ‹le
1310 350 1443 376 caetero.
1471 340 1618 376 Secunda
1655 350 1701 376 est
1731 344 1796 378 oris
1816 343 1975 379 consessio
1991 371 2000 387 ,

1249 391 1286 425 ad
1327 403 1420 437 quam
1456 391 1615 437 pertinet
1650 400 1683 426 ιιι
1711 401 1857 439 peccator
1894 394 1999 429 onmia

1251 450 1388 486 peccata,
1411 452 1544 487 quorum
1573 442 1756 476 memoriam
1792 442 1910 486 babet,
1941 455 1999 478 suo

1249 490 1402 524 sacerdoti
1437 490 1623 524 confiteatur
1657 491 1858 537 integraliter.
1893 491 1997 527 Tertia

1249 547 1294 573 est
1316 539 1486 574 satisfactio
1510 551 1566 586 pro
1590 541 1726 587 peccatis
1751 542 1927 576 secundum
1954 555 2000 576 ar-

1249 589 1377 624 bitrium
1405 589 1588 629 sacerdotis
1623 602 1703 637 quae
1731 591 1858 638 quidem
1883 592 1999 638 praeci-

1250 651 1310 684 pue
1340 639 1372 673 lit
1401 651 1455 685 per
1476 640 1660 682 orationem,
1685 640 1834 675 itiunium
1857 649 1887 675 et
1914 640 1998 676 elee-

1249 700 1422 736 ιιιοεμιτιιιι.
1446 687 1558 723 Forma
1595 667 1687 723 huiits
1715 690 1901 725 sacramenti
1923 701 1997 726 sunt

1250 738 1339 772 rerba
1355 738 1573 782 absolutionis,
1588 751 1669 785 quae
1691 739 1839 775 sacerdos
1856 740 1971 787 prol'ert
1988 768 1997 783 ‚

1247 800 1319 822 cnm
1347 787 1441 822 dicit:
1474 788 1542 833 Ego
1573 796 1602 822 te
1627 789 1756 823 absolvo
1777 797 1830 824 etc.
1854 789 1998 825 Minister

1247 836 1343 872 buius
1369 838 1555 872 sacramenti
1590 848 1636 873 est
1671 838 1842 879 sacerdos,
1879 839 1997 874 babens

1246 888 1464 922 auctoritatem
1500 887 1682 922 absolvendi
1721 888 1766 922 vel
1806 889 1995 924 ordinariam

1248 937 1292 971 rel
1322 949 1358 972 ex
1390 938 1612 972 commissione
1646 938 1828 985 superioris.
1857 939 1996 974 Effectus

1248 987 1341 1021 buius
1362 987 1548 1022 sacramenti
1571 997 1617 1021 est
1635 987 1789 1022 absolutio
1811 1001 1827 1023 a
1848 989 1993 1036 peccatis.

1295 1037 1314 1084 S
1344 1039 1401 1071 14.
1423 1036 1577 1079 Quintum
1601 1047 1833 1073 sacramentum
1861 1048 1907 1073 cst
1940 1051 1995 1074 ex-

1246 1095 1341 1121 trema
1367 1087 1484 1125 unctio.
1520 1087 1611 1121 cuius
1648 1088 1774 1122 materia
1809 1096 1856 1122 est
1887 1088 1993 1123 oleum

1246 1136 1344 1171 olivae
1373 1148 1427 1182 per
1460 1137 1643 1183 episcopum
1681 1137 1897 1172 benedictum.
1925 1137 1993 1173 Hoc

1245 1194 1476 1221 sacramentnm
1501 1187 1557 1221 nisi
1579 1187 1714 1230 infirmo,
1729 1186 1768 1221 de
1787 1187 1878 1222 cuius
1897 1197 1995 1223 morte

1246 1237 1386 1274 timetur,
1409 1236 1473 1270 ‹lari
1500 1248 1560 1270 non
1585 1236 1691 1281 «lebet,
1712 1237 1765 1284 qui
1791 1237 1819 1271 in
1848 1236 1898 1272 his
1918 1238 1995 1273 locis

1247 1286 1416 1341 ungendus
1438 1294 1500 1320 est:
1527 1287 1556 1320 in
1585 1286 1685 1320 oculis
1713 1295 1840 1333 propter
1875 1287 1994 1329 visum,

1247 1350 1276 1370 ιιι
1305 1335 1436 1370 auribus
1464 1345 1591 1383 propter
1617 1337 1784 1380 auditum,
1812 1336 1841 1370 in
1866 1336 1996 1373 naribus

1246 1396 1374 1433 propter
1388 1386 1564 1425 odoratum,
1589 1386 1618 1420 in
1639 1398 1691 1421 ore
1717 1395 1844 1434 propter
1865 1395 1993 1434 gustum

1246 1435 1291 1469 vel
1321 1435 1549 1482 loqttotionem.
1575 1436 1603 1469 in
1630 1436 1775 1470 manibus
1798 1447 1927 1484 propter
1949 1446 1995 1471 ta-

1244 1494 1342 1529 ctum,
1377 1486 1406 1519 in
1437 1485 1570 1532 pedibus
1611 1495 1739 1533 propter
1765 1497 1928 1532 gressum,
1965 1487 1993 1521 in

1245 1535 1374 1570 renibus
1402 1543 1530 1582 propter
1557 1534 1797 1570 delectationem
1822 1534 1938 1570 ibidem
1955 1537 1997 1570 vi-

1244 1594 1381 1631 gentem.
1398 1584 1511 1620 Forma
1526 1584 1621 1620 buius
1636 1585 1821 1621 sacramenti
1837 1595 1884 1619 est
1899 1586 1992 1621 baec:

1246 1635 1305 1669 Pet·
1332 1636 1421 1669 istam
1447 1635 1626 1669 unctionem
1655 1645 1684 1671 et
1705 1647 1793 1670 suam
1819 1635 1992 1682 piissimam

1246 1684 1506 1723 misericordiam¹
1541 1684 1701 1730 indulgeat
1742 1684 1796 1719 tibi
1840 1684 1994 1719 Dominus

1244 1734 1396 1782 quicquid
1422 1747 1477 1781 per
1500 1734 1599 1769 visum
1626 1743 1678 1769 etc.
1715 1733 1756 1768 Et
1781 1734 1927 1769 similiter
1962 1735 1993 1769 in

1245 1785 1310 1818 aliis
1333 1784 1493 1818 membris.
1515 1783 1662 1819 Minister
1684 1783 1778 1819 liuius
1805 1785 1994 1819 sacramenti

1244 1843 1289 1868 est
1312 1832 1471 1868 sacerdos.
1508 1833 1647 1869 Effectus
1687 1845 1760 1868 vero
1795 1842 1841 1868 est
1882 1835 1995 1868 mentis

1245 1884 1365 1918 sanatio
1396 1892 1437 1923 et
1479 1883 1508 1917 in
1532 1892 1685 1939 quantum
1713 1892 1818 1918 autem
1846 1883 1994 1931 expedit.

1246 1933 1343 1980 ipsius
1365 1935 1458 1967 etiam
1486 1934 1638 1980 corporis.
1661 1932 1705 1968 D«.
1721 1932 1780 1967 hoc
1797 1942 1996 1968 sacramento

1246 1983 1346 2030 iuquit
1368 1982 1477 2018 beatus
1500 1982 1631 2018 lacobus
1653 1984 1832 2030 apostolus:
1857 1983 1996 2018 lnlir-ma

1245 2041 1294 2067 tur
1314 2033 1385 2080 quis
1421 2033 1450 2066 in
1489 2033 1598 2067 tobis?
1632 2033 1760 2068 inducat
1795 2033 1996 2088 presbytetos

1244 2082 1415 2124 Ecclesiae,
1438 2091 1467 2117 et
1494 2091 1582 2117 orent
1608 2095 1705 2130 super
1726 2096 1817 2123 eum,
1841 2079 1995 2129 ungente's

1244 2145 1317 2166 enm
1336 2133 1405 2167 oleo
1442 2133 1470 2166 iu
1508 2134 1634 2168 nomine
1662 2133 1804 2168 Domini:
1839 2142 1867 2168 et
1897 2134 1995 2168 oratio

1246 2181 1317 2216 fidei
1339 2181 1467 2216 salvabit
1491 2181 1663 2226 infirmum,
1686 2191 1717 2217 et
1743 2183 1899 2217 alleviabit
1921 2195 1992 2218 eum

1246 2231 1412 2266 Dominus:
1440 2241 1469 2267 et
1491 2233 1515 2267 si
1540 2233 1569 2267 in
1598 2233 1735 2280 peccatis
1761 2233 1812 2272 sit,
1837 2233 1994 2268 remitten-

1246 2291 1296 2316 tur
1322 2294 1361 2316 et.

1293 2331 1313 2377 5
1350 2334 1404 2366 15.
1432 2331 1565 2367 Sextum
1601 2339 1831 2367 sacramentum
1860 2341 1908 2367 est
1930 2331 1994 2367 Or-

1245 2381 1338 2423 dinis,
1365 2382 1455 2417 euins
1483 2382 1611 2417 materia
1634 2391 1680 2417 est
1710 2381 1799 2421 illud,
1823 2393 1879 2429 per
1903 2383 1994 2417 cuius

1247 2432 1442 2466 traditionem
1467 2432 1625 2467 confertur
1646 2432 1734 2475 ordo,
1756 2432 1839 2466 sicut
1863 2431 1994 2480 presby-

1246 2489 1363 2516 teratus
1389 2481 1522 2517 traditur
1545 2493 1602 2529 per
1623 2481 1729 2516 calicis
1762 2493 1834 2516 cum
1860 2482 1941 2522 vino,
1964 2489 1994 2517 et

1247 2539 1376 2578 patenae
1399 2544 1470 2566 cum
1499 2543 1578 2579 pane
1607 2531 1848 2578 porrectionem.
1882 2531 1994 2566 Diaco-

1248 2589 1337 2616 uatus
1360 2593 1432 2617 vero
1460 2593 1515 2628 per
1537 2580 1605 2616 libri
1630 2580 1874 2628 Evangeliorum
1897 2581 1994 2616 datio-

1246 2642 1330 2665 neni.
1347 2630 1603 2667 Subdiaconatus
1618 2643 1689 2667 vero
1709 2643 1764 2679 per
1774 2631 1879 2667 calicis
1893 2631 1994 2677 vacui,

2014 240 2062 266 Διι.
2079 239 2110 267 C.
2129 239 2197 268 uso

2021 1047 2118 1069 nuum
2153 1054 2193 1070 u-

2009 1081 2092 1105 euon03

2054 2343 2132 2365 Ordine
2142 2352 2146 2369 ι

2276 2953 2281 2970 ,a
2274 2922 2281 2931 n
2269 2335 2281 2912 QQAAAQ„
