2281 3251
505 258 576 293 692

455 325 521 360 tulo
543 325 712 368 decorare,
738 323 783 359 eis
817 323 942 358 nomina
971 323 1200 358 catholicorum

455 376 620 413 concessit.
644 387 676 408 ac
701 374 794 407 voluit
817 373 901 420 quod
919 385 956 407 ex
974 381 1049 407 tunc
1066 373 1095 406 in
1112 381 1199 407 autea

454 424 674 459 Fer-‹linandus
703 436 757 457 rex
779 425 957 466 catholicus,
981 431 1010 457 et
1038 421 1199 456 Elisabeth

452 476 557 518 reqi'na
580 475 731 507 catholica
752 472 987 506 intitularentur
1008 480 1038 506 et
1060 471 1199 506 denomi-

453 532 611 567 narentur,
638 530 730 569 prout
765 522 794 556 in
823 522 920 556 literis
953 522 1091 568 desuper
1121 533 1200 555 con-

453 572 543 607 fectis
566 572 687 619 plenius
715 572 902 606 continetur.

499 621 518 668 g
537 623 569 655 2.
595 621 658 656 Nos
679 629 843 668 sperantes
857 620 954 668 quod,
970 621 1067 665 gratia
1091 619 1197 654 divina

267 679 436 702 todemnomtn·
450 672 636 710 assistente,
669 671 848 706 carissimus
884 671 913 704 in
950 669 1077 705 Cltristo
1114 669 1198 704 filius

254 711 556 764 fJ{?,[¹‡‡,‚{f,¹„{{nostei·
578 720 710 756 Carolus
734 720 955 767 Hispaniarum
986 732 1050 764 rex,
1073 720 1137 767 qui,
1166 728 1198 754 nt

253 777 293 795 ¹⁰¹*
449 770 642 818 accepimus,
666 771 695 804 in
720 770 844 804 decimo
867 778 975 804 octavo
991 781 1065 804 suae
1086 770 1197 805 aetatis

448 831 529 854 anno
567 820 757 855 constitutus
794 820 917 863 existit,
952 819 1197 854 succedentibus

447 870 547 913 annis,
573 882 609 903 ne
632 869 707 904 (lum
733 869 861 903 virtutes
883 869 1066 904 eorumdem
1090 868 1197 904 Ferdi-

449 920 540 953 nandi
555 920 637 966 regis
652 929 680 954 et
695 919 854 953 Elisabeth
871 920 995 965 reginae
1010 919 1195 959 imitabitur,

446 968 513 1009 scd,
535 969 637 1003 divina
661 968 782 1003 favente
803 969 981 1008 clementia,
996 969 1024 1003 in
1044 969 1194 1003 virtutum

445 1019 627 1053 earumdem
645 1019 793 1054 exercitio
814 1031 868 1066 per
886 1018 1022 1066 amplius
1042 1020 1194 1066 prolicie13

444 1079 479 1102 ac
500 1069 640 1104 volentes
662 1077 825 1116 propterea
849 1069 965 1104 dictum
983 1068 1133 1104 Carolum
1150 1081 1196 1104 re-

445 1129 515 1162 gem
549 1129 578 1153 et
609 1119 678 1154 eius
718 1118 892 1165 legitimam
933 1119 1100 1165 coniugem
1139 1132 1194 1166 pro

445 1176 586 1215 tempore
602 1169 787 1204 existentem
806 1168 895 1203 titulo
916 1170 1134 1203 catholicorum
1145 1181 1195 1204 re-

444 1230 515 1263 quin
538 1219 706 1259 decorare,
735 1227 820 1253 motu
845 1218 989 1265 proprio,
1004 1227 1087 1254 etex
1111 1227 1194 1254 certa

445 1267 589 1312 scientia,
611 1277 641 1302 et
677 1268 838 1315 potestatis
861 1267 1081 1315 plenitudine,
1109 1268 1194 1303 dicto

445 1317 558 1352 Carolo
581 1318 643 1364 regi
663 1326 693 1352 et
715 1318 783 1353 eius
806 1318 961 1364 legitimae
984 1319 1123 1365 coniugi,
1139 1330 1194 1366 pro

445 1375 586 1414 tempore
600 1367 760 1409 existenti,
775 1380 888 1402 nomen
903 1375 934 1402 et
948 1368 1072 1402 titulum
1088 1381 1194 1414 regum

445 1418 664 1452 catholicorum
688 1418 717 1452 in
747 1417 804 1452 Dei
834 1418 960 1452 nomine
983 1418 1194 1465 assignamus,

445 1466 551 1513 eisque
574 1475 603 1501 et
625 1479 733 1502 eornm
756 1467 896 1507 cuilibet,
919 1467 1003 1515 quod
1020 1468 1059 1503 de
1072 1476 1195 1504 caetero

444 1514 576 1551 Carolus
599 1529 651 1551 rex
679 1526 709 1551 et
735 1517 804 1551 eius
830 1518 946 1552 coniux
974 1518 1079 1564 regina
1104 1530 1196 1565 prae-

444 1563 587 1605 fati,cum
599 1578 708 1601 eorum
721 1567 901 1601 nominibus
911 1568 1045 1614 propriis
1059 1568 1106 1603 vel
1126 1568 1195 1603 sine

445 1615 611 1658 illis,rexet
623 1618 729 1662 reqina
742 1617 1088 1652 calliolicideuominari
1106 1626 1134 1653 et
1151 1618 1197 1652 in-

445 1664 560 1700 titulari
581 1668 712 1714 possin13
731 1679 785 1701 seu
808 1666 905 1713 quod,
928 1667 1002 1702 dum
1026 1676 1054 1703 ct
1071 1668 1196 1715 quoties

445 1714 539 1750 verbo
574 1716 622 1750 vel
657 1716 783 1764 scriptis
805 1716 843 1750 de
868 1729 939 1763 rege
965 1717 1121 1753 catholieo
1143 1726 1194 1752 aut

446 1764 554 1810 regina
576 1765 729 1801 catholica
752 1765 948 1813 simpliciter,
971 1768 1099 1802 nomine
1124 1780 1196 1815 pro-

447 1815 514 1860 prio
537 1827 599 1849 non
623 1815 756 1857 adiecto,
779 1816 898 1851 mentio
926 1816 1005 1852 facta
1028 1817 1132 1858 fuerit,
1148 1830 1198 1852 so-

447 1864 511 1897 lum
539 1872 569 1898 et
596 1865 757 1900 dumtaxat
788 1865 892 1900 dictus
925 1865 1060 1901 Carolus
1087 1880 1140 1902 rex
1167 1876 1197 1902 et

446 1913 516 1948 eius
531 1915 646 1950 coniux
671 1915 775 1961 regina
797 1915 980 1962 praefati,et
996 1916 1103 1951 nullus
1116 1917 1197 1952 alius

447 1974 500 1997 rex
527 1964 593 1999 sive
621 1964 767 2011 princeps
789 1966 905 1999 saeculi
927 1966 1056 2012 intelligi
1074 1966 1197 2007 debeat,

446 2014 629 2049 auctoritate
652 2015 835 2061 apostolica,
857 2023 965 2050 tenore
986 2017 1195 2062 praesentium

447 2062 659 2109 indulgemus.

496 2117 516 2164 S
538 2122 569 2152 5.
598 2118 666 2154 Non
690 2119 889 2155 obstantibus
918 2120 1198 2156 constitutionibus

276 2177 412 2230 02:¹2n122ut
449 2179 479 2206 et
501 2173 755 2209 ordinationibus
777 2174 958 2222 apostolicis
986 2186 1021 2209 ac
1050 2175 1198 2210 omnibus

325 2216 333 2230 ¹
350 2215 361 2236 g
386 2224 391 2231 “
448 2226 521 2271 illis,
543 2240 623 2274 quae
645 2228 749 2264 dictus
772 2229 952 2264 Alexander
974 2230 1199 2277 praedecessor

448 2281 480 2315 in
502 2281 595 2317 dictis
621 2282 719 2318 literis
751 2284 846 2319 voluit
870 2296 930 2319 non
954 2283 1100 2329 obstare,
1127 2297 1198 2319 cae-

448 2336 586 2384 terisque
613 2339 777 2374 contrariis
799 2338 1067 2387 quibuscumque.

495 2390 582 2426 Nulli
605 2404 679 2437 ergo
697 2401 750 2428 etc.

496 2445 611 2481 Datum
634 2445 754 2482 Romae
777 2447 860 2496 apud
882 2447 1037 2483 Sanctum
1056 2447 1198 2493 Petrum,

449 2512 531 2535 anno
559 2500 784 2536 incarnationis
820 2502 996 2537 dominicae
1032 2501 1199 2537 millesimo

449 2555 702 2602 quingentesimo
741 2555 1024 2603 decimoseptimo,
1057 2555 1200 2591 kalendis

449 2609 568 2656 aprilis,
597 2610 795 2657 pontificatus
818 2611 914 2645 nostri
938 2623 1019 2645 anno
1039 2622 1069 2644 v.

499 2671 560 2702 Dat.
585 2671 631 2702 die
651 2673 664 2702 1
686 2673 787 2712 aprilis
808 2673 893 2711 1517,
912 2673 1015 2714 pontif.
1035 2682 1111 2704 anno
1129 2681 1154 2703 v.

259 270 306 297 An.
325 269 354 298 C.
376 272 441 299 1517

1043 265 1232 290 mmmmm!
1258 265 1421 289 1³0quOE

1517 322 1636 358 xxvii
1671 325 1724 368 (i).

1247 387 1290 420 De
1307 388 1448 421 electione
1460 388 1672 432 praelatorum
1691 388 1821 422 Ordinis
1837 388 1998 422 Minorum

1292 438 1327 471 S.
1350 438 1508 471 Francisci
1535 439 1571 472 de
1595 438 1812 482 Obseruantia,
1834 450 1999 483 eorumque

1290 499 1310 520 α
1323 488 1474 531 fratribus
1486 487 1996 532 Conventuali'busseiunctione(2).

1511 553 1725 585 SUMttARttJtt

1240 604 1461 637 Commendatio
1477 606 1595 637 Ordinis
1612 606 1641 638 S.
1661 607 1823 638 Francisci.
1838 625 1877 630 —
1890 608 1916 638 1.
1932 607 1995 639 Dis-

1280 650 1378 680 cordia
1399 656 1460 681 orta
1484 651 1561 681 inter
1580 651 1684 681 fratres
1700 651 1736 681 de
1754 651 1947 682 Observantia
1966 657 1995 682 et

1279 695 1491 725 conventuales
1508 696 1578 726 dicti
1595 695 1726 726 Ordinis.
1740 712 1781 718 -—
1794 696 1821 726 2.
1838 696 1892 726 Pro
1907 697 1995 727 cuius

1279 740 1486 770 terminatione
1503 740 1628 780 princip.
1645 741 1816 771 institerunt
1832 742 1907 780 apud
1920 741 1996 772 Pon-

1280 783 1321 812 tis.
1337 801 1375 807 -
1393 784 1421 814 3.
1440 783 1495 820 Qui
1516 785 1558 814 sic
1575 785 1786 824 providendum
1807 786 1933 823 censuit,
1949 786 1994 816 vi-

1279 828 1387 859 delicet
1403 829 1481 869 quod
1496 846 1535 851 —
1549 829 1578 859 4.
1592 829 1727 859 Minister
1741 830 1888 868 generalis
1915 839 1994 861 unus

1277 872 1404 911 eligatur
1428 875 1517 904 totius
1546 873 1683 910 Ordinis,
1712 875 1836 914 eiusque
1865 875 1993 905 officium

1278 926 1327 947 sex
1344 928 1437 950 anuos
1456 920 1551 957 duret;
1568 937 1607 941 —
1624 920 1652 949 5.
1672 919 1705 949 Et
1723 920 1852 958 eligatur
1873 920 1908 950 de
1932 919 1994 950 sra-

1277 963 1371 993 tribus
1394 964 1605 994 Observantiae
1628 968 1655 994 et
1683 973 1735 1003 per
1754 973 1816 1001 eos,
1843 981 1882 986 —-
1903 964 1931 994 6.
1954 966 1994 996 Ac

1277 1017 1328 1045 per
1347 1014 1409 1038 vota
1429 1009 1633 1038 ministrorum
1655 1009 1882 1047 provincialium
1899 1014 1928 1039 et
1943 1019 1994 1039 cn-

1275 1054 1403 1083 stodum.
1426 1071 1463 1076 —
1488 1054 1514 1084 7.
1542 1054 1781 1093 Alternativeque
1805 1054 1854 1084 fiat
1877 1054 1994 1091 electio,

1276 1099 1367 1128 semel
1385 1100 1420 1129 de
1440 1099 1684 1136 ultramontanis,
1707 1104 1735 1129 et
1757 1099 1849 1129 semel
1869 1100 1905 1129 de
1929 1100 1993 1130 cis-

1277 1145 1486 1174 inontanis.—
1503 1144 1529 1174 8.
1548 1143 1604 1180 Qui
1620 1144 1755 1174 minister
1770 1153 1836 1182 gen.
1860 1143 1992 1183 quolibet

1276 1187 1402 1217 triennio
1425 1188 1663 1218 commissarium
1687 1189 1807 1227 deputet
1835 1188 1870 1219 de
1899 1188 1993 1218 ultra·

1276 1234 1434 1270 montanis,
1449 1234 1472 1263 si
1487 1233 1549 1272 ipse
1565 1233 1603 1264 sit
1618 1234 1833 1268 cismontanus,
1846 1238 1874 1263 et
1892 1243 1906 1263 e
1923 1243 1994 1264 con-

1276 1281 1328 1306 tra.
1340 1294 1379 1299 —
1391 1278 1419 1308 9.
1437 1277 1546 1308 vicarii
1566 1283 1663 1308 autem
1678 1278 1713 1309 de
1725 1277 1918 1308 Observantia
1933 1279 1991 1308 veri

1276 1322 1401 1352 ministri
1426 1328 1612 1353 censeantur.
1636 1340 1675 1345 —
1700 1323 1745 1354 10.
1768 1323 1993 1353 Ministrorum-

1275 1376 1331 1406 que
1346 1367 1574 1407 provincialium
1591 1367 1719 1397 officium
1735 1367 1860 1397 triennio
1875 1367 1995 1406 explea-

1275 1416 1331 1442 tur.
1353 1429 1392 1434 -—
1416 1413 1461 1442 11.
1480 1412 1600 1452 ipsique
1619 1417 1645 1442 et
1667 1412 1807 1442 custodes
1827 1422 1840 1441 a
1865 1412 1994 1450 capitulo

1275 1457 1451 1495 provinciali
1479 1457 1587 1496 deponi
1623 1457 1747 1496 possint,
1770 1473 1809 1479 —
1832 1456 1878 1486 12.
1905 1455 1937 1486 Et
1959 1457 1995 1486 de

1275 1498 1467 1530 Observantia
1495 1501 1563 1530 sint.
1585 1517 1624 1522 —
1647 1500 1693 1530 13.
1721 1500 1917 1530 observantes
1940 1500 1993 1540 qui

1276 1551 1462 1575 censeantur.
1478 1563 1516 1568 -—
1531 1545 1685 1585 Quodque,
1703 1545 1836 1576 dimissis
1853 1545 1920 1576 aliis
1943 1546 1996 1576 de-

1277 1591 1539 1627 nominationibus,
1565 1601 1667 1621 omnes
1691 1591 1794 1629 fratres
1816 1590 1935 1622 Minores
1962 1590 1993 1622 S.

1277 1635 1638 1667 Franciscivocentur.—
1662 1637 1708 1667 14.
1738 1635 1842 1666 Vetera
1867 1636 1996 1673 nomina,

1280 1682 1404 1711 maxime
1427 1682 1456 1711 in
1476 1687 1688 1721 contemptum,
1704 1681 1847 1712 adhibere
1865 1681 1996 1718 vetitum,

1279 1726 1334 1756 sub
1369 1727 1472 1766 poenis
1505 1732 1555 1757 etc.
1576 1744 1616 1749 —
1640 1727 1686 1757 15.
1717 1725 1915 1756 Observantes
1945 1735 1997 1756 au-

1278 1776 1335 1801 tem
1355 1772 1390 1802 ad
1408 1773 1618 1802 conventuales
1636 1780 1693 1801 non
1714 1776 1873 1801 transeant.
1888 1788 1928 1793 —
1949 1771 1993 1801 16.

1277 1815 1374 1846 Novae
1403 1816 1629 1846 reformationes
1652 1826 1710 1847 non
1738 1816 1927 1846 inducantur.
1954 1832 1994 1838 —

1279 1862 1326 1892 17.
1350 1861 1564 1892 Conventuales
1587 1871 1636 1892 eos
1659 1862 1788 1900 desuper
1813 1870 1872 1891 non
1895 1859 1992 1890 mole-

1278 1911 1362 1936 stent.
1386 1923 1424 1928 -
1443 1906 1489 1936 18.
1518 1906 1760 1936 Praeservatores
1784 1905 1874 1935 huius
1902 1904 1995 1934 refor-

1279 1952 1417 1981 mationis
1431 1951 1460 1980 in
1477 1951 1563 1990 capit.
1580 1950 1710 1989 generali
1724 1950 1880 1987 eligantur.
1895 1965 1934 1970 —
1947 1948 1994 1978 19.

1277 1994 1471 2025 Executorum
1485 1996 1647 2033 deputatio.
1657 2012 1696 2017 —
1707 1994 1755 2026 ⁹20.
1771 1993 1993 2024 Contrariorum

1279 2040 1440 2079 derogatio.
1458 2057 1498 2063 —
1518 2040 1565 2070 ⁶21.
1589 2040 1855 2079 Transumptorum
1876 2038 1960 2068 sides.

1324 2099 1374 2127 Leo
1403 2099 1547 2135 episcopus
1566 2105 1661 2128 servus
1685 2105 1827 2127 servorum
1841 2097 1904 2131 Dei.

1374 2145 1409 2173 ad
1437 2145 1601 2181 perpetuam
1620 2144 1661 2173 rei
1689 2144 1859 2173 memoriam.

1290 2200 1334 2233 lte
1359 2207 1386 2233 et
1407 2212 1458 2234 vos
1485 2200 1518 2233 in
1539 2201 1660 2234 vineam
1687 2211 1803 2239 meam,
1826 2199 1869 2233 ait
1896 2196 1992 2232 hoino

1240 2249 1290 2283 ille
1314 2249 1550 2296 paterfamilias,
1568 2250 1621 2297 qui
1652 2249 1841 2295 plantaverat
1857 2247 1990 2282 vineam.

1239 2298 1348 2334 Mundi
1371 2299 1515 2335 Salvator
1541 2307 1636 2346 atque
1663 2298 1858 2345 Redemptor
1885 2296 1993 2332 Domi-

1242 2362 1301 2384 nus
1325 2357 1430 2385 noster
1450 2349 1536 2385 lesus
1551 2348 1707 2393 Christus,
1723 2348 1788 2395 qui,
1810 2348 1867 2383 etsi
1882 2359 1991 2383 curam

1240 2409 1325 2445 gerat
1347 2400 1386 2434 de
1404 2398 1565 2440 omnibus,
1580 2408 1756 2446 cunctaque
1778 2397 1888 2445 dirigat
1912 2408 1992 2446 quae

1242 2450 1307 2496 ipse
1335 2449 1423 2491 feeit,
1449 2458 1598 2489 attamen,
1627 2449 1708 2483 iuter
1736 2456 1875 2484 caeteras
1902 2449 1994 2496 plan-

1241 2500 1386 2544 tationes,
1408 2512 1488 2548 quas
1516 2511 1571 2547 per
1599 2499 1702 2546 ipsum
1732 2498 1822 2533 Pater
1849 2497 1993 2533 coelestis

1277 2570 1315 2605 (t)
1332 2571 1400 2598 llaec
1420 2578 1561 2597 numerum
1578 2578 1647 2597 xxvr
1661 2569 1686 2596 in
1703 2569 1778 2597 Rom.
1798 2568 1868 2596 Edit.
1882 2569 1921 2604 (n.
1939 2567 1991 2604 τ.).

1241 2606 1280 2639 (2)
1292 2606 1399 2634 Ordinis
1416 2607 1495 2634 huius
1511 2606 1704 2633 institutionem
1721 2605 1823 2640 aliaque
1834 2605 1866 2631 ad
1878 2604 1992 2631 eundem

1241 2643 1385 2676 spectantia
1402 2643 1493 2669 videre
1512 2645 1552 2669 est
1577 2643 1603 2669 iu
1625 2640 1860 2670 constitutionibus
1876 2640 1991 2676 praede-

1241 2684 1378 2704 cessorum
1395 2677 1561 2705 Pontificum.

2012 263 2064 293 An.
2080 264 2112 293 C.
2129 265 2197 293 ¹⁸1⁷

2019 2207 2139 2229 Commend.
2153 2206 2191 2229 Or·

2005 2239 2060 2261 dinis
2078 2239 2100 2260 S.
2124 2238 2192 2260 Fun-

2005 2270 2065 2293 cinci.
