2281 3251
477 262 547 296 620

428 327 587 362 definitiva
601 327 752 362 sententia
768 325 904 372 reparari
920 336 980 358 non
999 325 1107 371 possit,
1122 324 1180 358 nisi

428 377 506 412 alter
527 376 780 422 collitigantium,
809 373 977 408 adversarii
1002 374 1049 407 sui
1069 381 1182 420 poten-

429 427 502 460 tiam
527 427 636 460 merito
661 425 924 471 peiliorrescens,
945 436 1000 458 seu
1025 423 1082 457 alia
1106 435 1182 470 pro-

429 475 522 510 babili
551 484 580 510 et
608 475 736 508 liouesta
757 486 863 518 causa,
889 473 978 506 alitei
1004 484 1097 519 quam
1129 485 1183 518 per

431 525 590 572 pr·opiiurn
616 524 826 558 iuramentum
864 522 973 556 saltent
1007 521 1182 567 semiplene

231 274 281 300 Αη.
299 272 412 301 (2.1515

431 576 571 622 probata
587 585 691 608 coram
713 572 872 607 ordinario
896 584 957 605 non
976 571 1105 605 auderet
1120 572 1184 604 liu-
1203 575 1205 584 “

429 636 512 670 gare.
542 623 588 657 Eo
611 623 694 657 enim
719 634 814 665 casu,
841 633 953 656 caus-ie
977 621 1062 667 piae,
1091 621 1182 655 etiam

428 673 698 719 appellationum,
733 672 762 705 iu
795 650 875 705 (licta
910 670 1022 710 Cui-‚ia
1040 670 1132 704 etiam
1154 671 1182 703 in

431 724 527 770 prima
554 722 712 760 instantia,
740 720 895 755 committi
923 729 953 755 et
983 720 1132 766 cognosci
1155 729 1183 754 et

429 772 588 806 terminari
614 771 747 825 possint.
777 771 927 818 Alioquin
957 770 1185 817 appellationes

429 821 595 857 etillai·um
611 829 705 854 etam
730 821 861 855 aliarum
889 832 1020 854 causari:
1026 832 1054 853 m
1072 819 1185 853 liuius-

430 871 513 905 inodi
537 871 780 904 commissionts
804 871 833 903 in
859 878 1020 916 posterum
1044 878 1073 903 et
1090 870 1186 916 quid-

429 919 504 967 quid
529 919 601 953 inde
624 928 767 954 secutum
785 919 890 964 suerit,
915 919 1036 954 nullius
1058 920 1185 954 sintro-

431 970 516 1005 boris
539 969 586 1003 tel
615 970 780 1003 momenti.

480 1019 500 1065 g
523 1022 555 1053 9.
585 1018 712 1053 ludices
735 1027 840 1053 autem
857 1027 886 1052 et
909 1026 1148 1054 conservatores
1171 1030 1185 1051 a

243 1070 310 1122 ,Μ’-0
323 1068 515 1122 Γζζέξζιδεάθ
538 1069 719 1115 Apostolica
747 1068 902 1116 deputati
927 1069 951 1103 si
977 1069 1006 1102 in
1031 1068 1188 1103 alteroiu-

231 1107 342 1153 {affinio
349 1108 419 1152 ·'sm-
434 1119 511 1153 rium
528 1118 671 1165 graduati
689 1131 750 1152 non
768 1118 893 1161 sutrint
909 1130 1100 1153 assessortin
1119 1131 1186 1164 par-

231 1163 292 1185 ¹⁰‘¹²
433 1168 518 1203 tibus
541 1181 602 1202 non
617 1177 814 1215 suspectum,
830 1167 897 1202 ab
892 1168 968 1214 ipsis
986 1168 1127 1214 partibus
1143 1168 1187 1201 xel

433 1230 539 1253 earum
555 1217 650 1252 altera
667 1218 823 1264 requisiti,
837 1230 999 1252 assumere
1022 1226 1050 1252 et
1066 1230 1189 1252 secun-

434 1267 509 1302 dum
535 1268 603 1302 eius
631 1268 815 1302 relationem
845 1267 982 1301 iudicare
1011 1276 1187 1301 teneantur.

483 1316 503 1363 g
539 1319 595 1351 10.
631 1316 670 1351 Et
701 1317 774 1372 quia
809 1317 937 1363 saepIus
965 1325 994 1351 et
1023 1317 1188 1363 multiplici

232 1374 419 1402 tmpedienientu-
435 1365 586 1401 relatione
620 1367 820 1414 percepimus
851 1366 1103 1420 quampluiiinas
1136 1378 1190 1401 ec-

232 1407 421 1463 ζῖζῖι,ζ’ῑ““ζξζξῖ,
434 1415 546 1450 clesias
568 1424 597 1450 et
621 1415 683 1450 illis
701 1416 917 1463 piaesidentes
932 1428 1112 1470 episcopos,
1129 1425 1188 1450 tam

233 1467 380 1489 ¹⁸¹¹¹··³²¹¹¹'²·
434 1467 510 1500 citra
533 1477 626 1511 quam
657 1466 734 1500 ultia
763 1466 1015 1510 ni‹iiites,xex:iri
1033 1477 1188 1500 meorum

435 1515 732 1559 iurisdictionibus,
766 1516 889 1549 iniibus
918 1523 948 1549 et
971 1515 1134 1559 dominiis,
1156 1529 1190 1549 ac

435 1563 554 1599 turbari
582 1576 597 1599 a
632 1565 825 1605 domicellis,
854 1565 1053 1612 principibus
1081 1574 1109 1599 et
1134 1577 1191 1599 no-

434 1613 551 1649 bilibus
570 1615 769 1659 eorumdem,
797 1616 863 1662 qui,
888 1614 948 1649 sul)
976 1615 1081 1649 colore
1111 1615 1191 1650 iuris

435 1673 641 1711 patronatus,
669 1665 751 1712 quod
787 1665 816 1698 in
854 1664 1015 1699 beneficiis
1042 1665 1192 1699 ecclesia-

433 1714 522 1748 sticis
548 1713 666 1748 habere
690 1714 893 1761 confingunt,
919 1714 1005 1748 nullo
1029 1715 1192 1760 privilegio

433 1764 609 1810 apostolico
630 1763 760 1804 suffulti,
783 1766 852 1798 sine
867 1764 1098 1798 ordinariorum
1125 1765 1192 1798 col-

435 1812 607 1848 lationibus
643 1822 674 1847 et
708 1814 830 1858 literis,
865 1822 896 1848 et
933 1813 1054 1860 absque
1087 1813 1192 1861 aliquo

436 1862 545 1896 saltem
570 1862 708 1898 colorato
737 1863 839 1906 titulo,
867 1862 1020 1898 beneficia
1049 1875 1110 1897 non
1133 1877 1192 1898 so—

436 1910 502 1946 lum
535 1912 660 1947 clericis
692 1911 748 1946 sed
785 1913 878 1947 etiam
915 1913 1002 1947 laicis
1036 1912 1192 1954 conferre,

437 1961 617 1997 sacerdotes
639 1970 668 1996 et
687 1961 820 1997 clericos
843 1962 1065 2008 delinquentes
1083 1963 1120 1996 ad
1137 1975 1194 1997 eo-

437 2023 507 2046 rum
545 2011 669 2046 libitum
707 2012 844 2058 punire,
877 2012 1016 2046 decimas
1050 2012 1192 2047 omnium

437 2072 555 2103 rerum,
577 2060 616 2096 ad
638 2073 771 2108 quarum
795 2062 985 2096 solutionem
1006 2061 1044 2096 de
1068 2062 1135 2096 iure
1155 2071 1193 2097 te-

437 2123 564 2156 nentur,
583 2127 619 2150 ac
635 2114 862 2149 cathedralium
879 2124 908 2150 et
932 2115 1002 2159 alia,
1017 2127 1098 2162 quae
1119 2116 1195 2162 legis

438 2167 646 2204 dioecesanae
683 2177 713 2204 et
749 2169 974 2204 iurisdictionis
997 2178 1082 2213 sunt,
1106 2179 1134 2204 et
1157 2171 1193 2205 ad

439 2221 524 2269 ipsos
551 2223 722 2270 episcopos
749 2223 911 2258 dumtaxat
944 2224 1113 2271 pei-tinent,
1149 2233 1195 2259 te-

439 2287 524 2311 mere
546 2275 682 2318 anl'erre,
711 2276 867 2321 fraudare,
895 2289 1050 2325 usurpare
1072 2291 1126 2312 seu
1162 2288 1195 2313 ut

441 2330 612 2377 praemissa
640 2331 714 2366 fiant
738 2332 909 2373 mandare3
932 2343 967 2367 ac
983 2333 1048 2379 ipsa
1072 2340 1102 2366 et
1130 2332 1196 2367 sru-
1217 2358 1218 2362 ,

440 2394 510 2419 ctus
532 2396 753 2433 quoscumque
777 2399 816 2421 ne
843 2399 859 2421 a
888 2387 1079 2427 civitatibus,
1108 2389 1218 2422 teri-isi

441 2447 471 2474 et
506 2439 582 2474 locis
620 2452 728 2475 eorum
767 2441 971 2476 extrahantur
1009 2441 1197 2488 proliiliere·,
1218 2462 1219 2468 =

441 2492 546 2535 feuda,
576 2496 794 2541 possessiones
828 2504 857 2530 et
894 2495 1020 2543 praedia
1044 2508 1198 2542 occupare

442 2556 474 2582 et
501 2547 640 2584 indebite
664 2548 818 2593 detinere,
834 2562 890 2584 seu
906 2550 944 2584 ad
963 2549 1054 2584 leuda
1071 2557 1100 2583 et
1117 2548 1197 2583 bona

443 2601 582 2648 ipsarum
610 2602 816 2638 eeclesiarum
840 2604 884 2638 eis
907 2603 1148 2638 concedendum
1164 2616 1199 2638 ae

430 2654 595 2692 ·beneficia
629 2658 839 2694 ecclesiastica
876 2659 1022 2706 personis
1056 2670 1112 2706 per
1144 2670 1200 2693 eos

1028 268 1164 292 nutum
1170 268 1216 291 UH
1239 267 1403 291 nmmum

1224 322 1394 357 nominatis
1416 322 1657 368 conferendum,
1686 322 1782 357 minis
1804 329 1834 357 et
1855 322 1984 358 terrori-

1225 372 1284 406 bus
1310 384 1346 407 ac
1381 372 1451 406 aliis
1489 373 1544 408 viis
1580 372 1741 407 indireetis
1770 371 1919 407 iuducere
1954 381 1985 407 et

1225 421 1436 477 οοιιιρυΙΙοιΗε,
1453 429 1482 455 et
1505 422 1562 456 alia
1585 421 1820 469 quamplurima
1853 421 1985 462 damna,

1227 472 1372 509 lssCllllaS,
1397 471 1525 506 llllurlssS
1551 472 1694 506 CCClQSllS
1717 479 1747 505 91
1770 483 1879 506 essl'um
1902 483 1987 518 prae·

1227 520 1296 554 latis
1315 533 1350 554 ae
1369 520 1492 554 clericis
1513 520 1658 568 praefatis
1676 520 1780 555 inferri
1811 533 1872 555 non
1891 521 1986 556 modo

1228 570 1421 616 permittere,
1444 570 1499 604 sed
1534 571 1627 605 etiam
1656 582 1804 617 expresse
1836 570 1986 605 mandare

1228 628 1441 666 {ll'sseSlanllll-

1275 669 1295 716 g
1322 671 1375 702 11.
1399 668 1609 704 Attendentes
1632 669 1727 716 igitur
1748 669 1832 716 quod
1849 669 1937 704 laicis
1954 669 1984 703 in

1227 718 1361 753 elericos
1380 727 1408 752 et
1430 731 1584 765 personas
1597 720 1828 754 ecclesiasticas
1846 731 1881 754 ac
1902 719 1984 754 bona

1227 768 1441 803 ecelesiastica
1482 781 1544 803 non
1576 776 1623 803 est
1651 768 1799 803 attributa
1833 768 1984 809 facultas,

1227 827 1322 873 atque
1343 830 1481 865 aequum
1505 827 1535 853 et
1559 817 1678 853 iustum
1703 831 1773 853 esse
1796 825 1829 853 ut
1863 819 1895 852 in
1931 830 1985 852 eos

1229 869 1294 902 iura
1323 868 1500 914 insurgant,
1522 868 1576 915 qui
1600 868 1650 902 illa
1678 867 1839 903 offendere
1863 879 1988 914 praesu-

1230 926 1336 958 munt;
1361 930 1419 952 nec
1442 930 1502 952 non
1517 917 1757 953 considerantes
1779 927 1934 965 quantum
1949 929 1988 952 ex

1229 968 1274 1002 eis
1299 976 1360 1001 tam
1390 976 1498 1002 nostro
1526 975 1557 1002 et
1584 967 1786 1014 Apostolieae
1814 966 1908 1003 Sedis
1931 967 1990 1002 lio-

1231 1017 1298 1051 nori
1337 1029 1432 1064 quam
1467 1029 1674 1064 personarum
1699 1017 1988 1052 ecclesiasticarum

1230 1067 1338 1114 quieto
1361 1075 1390 1101 et
1420 1079 1572 1114 prospero
1599 1068 1705 1111 statui,
1723 1079 1783 1101 non
1809 1068 1879 1102 sine
1906 1066 1992 1101 dam-

1231 1116 1333 1151 nanda
1363 1117 1515 1162 pernicie,
1537 1116 1719 1163 <terogonam
1754 1129 1790 1151 ac
1825 1117 1992 1164 cupientes

1231 1179 1297 1210 eos,
1320 1178 1401 1214 quos
1423 1167 1461 1200 ad
1486 1166 1719 1201 observantiam
1744 1166 1858 1201 iurium
1889 1166 1993 1200 virtu-

1233 1225 1297 1250 tum
1323 1217 1462 1263 praemia
1491 1229 1554 1250 non
1578 1216 1745 1260 inducunt,
1769 1225 1830 1251 tam
1858 1216 1993 1250 adiecta-

1232 1278 1302 1300 rum
1319 1266 1561 1311 exaggeratione
1590 1278 1762 1312 poenarum
1787 1278 1881 1314 quarn
1910 1265 1994 1300 adii-

1231 1315 1415 1350 ciendaruni
1433 1316 1471 1349 de
1489 1328 1569 1350 novo
1585 1315 1764 1360 formidine,
1780 1328 1796 1350 a
1817 1315 1994 1350 temerariis

1232 1365 1362 1399 ausibus
1383 1365 1571 1410 refraenare,
1591 1378 1703 1400 omnes
1721 1373 1750 1399 et
1765 1366 1905 1412 singulas
1920 1377 1995 1399 con-

1211 1415 1425 1455 stitutiones,
1444 1427 1524 1461 quae
1551 1427 1648 1462 super
1675 1415 1870 1449 decimarum
1898 1414 1993 1449 solu-

1235 1466 1318 1498 tione
1341 1474 1372 1499 et
1394 1474 1502 1499 contra
1531 1465 1699 1499 violatores
1721 1473 1752 1499 et
1777 1473 1918 1511 raptores
1941 1476 1994 1498 ec-

1234 1514 1400 1548 clesiarum
1425 1523 1455 1548 et
1478 1515 1708 1558 incendiarios,
1728 1526 1875 1560 agrorum
1898 1513 1994 1561 depo-

1236 1564 1407 1610 pulatores,
1423 1573 1452 1597 et
1467 1573 1527 1598 tarn
1542 1564 1576 1599 S.
1594 1564 1632 1599 R.
1650 1563 1688 1598 E.
1703 1564 1878 1598 cardinales
1900 1575 1992 1611 quam

1236 1613 1433 1648 venerabiles
1465 1613 1575 1648 fratres
1607 1622 1732 1648 nostros
1767 1614 1938 1660 episcopos
1965 1621 1995 1647 et

1234 1663 1310 1696 alias
1334 1675 1486 1709 personas
1505 1663 1751 1707 ecclesiasticas,
1769 1664 1950 1698 saeculares
1964 1670 1995 1697 et

1236 1712 1416 1758 regulares,
1439 1714 1602 1759 capientes
1625 1722 1653 1748 et
1672 1713 1862 1756 detinentes,
1884 1721 1915 1747 et
1938 1725 1996 1747 eo·-

1237 1776 1304 1795 rum
1335 1762 1588 1797 iurisdietionem
1613 1771 1643 1797 et
1666 1763 1731 1797 iura
1755 1762 1995 1809 quomodolibet

1237 1812 1376 1846 indebite
1409 1821 1613 1859 occupantes,
1642 1821 1695 1846 aut
1729 1824 1783 1847 eos
1819 1813 1849 1846 in
1883 1825 1993 1847 eorum

1238 1861 1468 1896 iurisdictionis
1495 1862 1648 1897 exercitio
1681 1861 1904 1909 perturbantes
1936 1874 1992 1897 seu

1237 1912 1454 1955 molestantes,
1477 1924 1532 1946 eos
1552 1924 1680 1958 quoque
1703 1911 1740 1946 ad
1765 1910 1994 1947 conserendum

1237 1961 1389 1995 beneficia
1422 1961 1634 1996 ecclesiastica
1672 1962 1817 2008 personis
1852 1974 1908 2008 per
1942 1973 1996 1997 eos

1238 2011 1420 2050 nominatis,
1448 2019 1501 2046 aut
1528 2010 1605 2045 alias
1641 2010 1680 2045 de
1708 2010 1771 2045 illis
1803 2023 1860 2058 pro
1886 2022 1996 2046 eorum

1238 2065 1326 2100 libito
1342 2065 1512 2100 voluntatis
1534 2065 1783 2113 disponendum,
1799 2074 1829 2100 et
1845 2064 1938 2100 feuda
1960 2077 1998 2101 ac

1238 2119 1318 2154 bona
1338 2120 1549 2154 ecclesiastica
1580 2121 1611 2154 iu
1635 2119 1860 2167 emphiteusim
1888 2131 1998 2155 conce-

1237 2173 1377 2207 dendum
1427 2183 1479 2208 aut
1512 2174 1591 2209 alias
1625 2172 1828 2208 vendendum
1879 2182 1998 2208 temere

1238 2224 1484 2270 compellentes;
1514 2236 1638 2259 necnon
1671 2231 1786 2258 statuta
1821 2232 1930 2258 contra
1959 2223 1997 2257 li·

1240 2273 1391 2307 bertatem
1428 2274 1674 2308 ecclesiasticam
1715 2272 1878 2316 facientes,
1906 2272 1998 2308 etad

1241 2323 1411 2368 praemissa
1439 2324 1607 2361 auxilium,
1630 2322 1800 2358 consilium
1829 2322 1875 2357 vel
1904 2321 1999 2358 favo-

1240 2385 1304 2406 rein
1331 2382 1525 2419 praestantes
1546 2373 1698 2407 hactenus
1720 2381 1920 2412 emanarunt.
1949 2373 1998 2407 in-

1241 2434 1404 2457 novamus.
1428 2422 1468 2457 Ei
1491 2435 1565 2457 cum
1581 2434 1628 2465 ea,
1646 2422 1762 2456 nedum
1787 2422 1847 2456 iuri
1871 2430 1998 2457 contra-

1241 2472 1295 2515 ria,
1317 2472 1373 2506 sed
1401 2473 1494 2507 etiam
1523 2470 1753 2507 ecclesiasticae
1781 2472 1912 2506 libertati
1937 2483 1998 2519 op-

1243 2521 1404 2566 probriosa
1427 2523 1490 2556 sint
1511 2521 1781 2568 quamplurimum
1802 2530 1832 2556 et
1851 2521 1998 2560 adversa,

1219 2578 1275 2604 ·ut
1308 2571 1346 2605 de
1379 2570 1481 2606 officio
1505 2571 1596 2606 nobis
1623 2570 1744 2606 credito
1771 2570 1900 2617 dignam
1927 2570 1998 2605 Deo

1278 2631 1316 2667 (t)
1335 2632 1400 2660 Vide
1416 2632 1516 2661 Concil.
1535 2633 1623 2666 Trid„
1643 2640 1710 2661 sess.
1728 2640 1799 2666 xxv,
1819 2640 1877 2669 cap.
1899 2632 1945 2666 20,
1960 2633 1998 2660 De

1241 2671 1357 2705 Reform

2001 268 2051 295 An.
2069 266 2099 295 C.
2116 265 2184 294 tut-⁹,

2014 681 2124 704 tnnovauo
2134 688 2186 710 qin-

2000 720 2115 742 rumcumq.
2135 719 2186 735 eon-

2003 747 2134 767 stit-itionum
2143 746 2188 766 odi-

2005 779 2044 796 tar.
2062 778 2137 796 eontra
2151 776 2191 796 liu-

2002 807 2115 833 pedieutes
2125 806 2188 827 liber-

2001 841 2064 858 tatem
2084 836 2191 858 ecclesi·-

2002 871 2075 891 stium
2092 869 2128 895 Jt„
