2281 3251
217 276 267 303 An.
285 277 312 301 C.
335 275 396 302 ΗΜ

236 1637 415 1658 flumina-ascon-

228 1671 339 1691 demnatos
379 1670 415 1688 aut

229 1701 346 1721 diffamatos
367 1699 415 1725 plu-

228 1737 262 1751 res
279 1736 358 1757 poenas
380 1731 416 1750 in-

230 1768 317 1783 rui-rere
342 1761 416 1783 decla-

230 1796 269 1815 ut.
285 1794 347 1812 etiam
363 1793 380 1813 si
391 1792 416 1812 ab

231 1824 356 1844 officialibus
380 1828 417 1844 re-

233 1856 348 1875 mittantur.

471 264 536 297 158

416 341 445 367 et
474 329 637 368 invalidae,
665 341 723 363 nec
752 334 920 374 potestates
949 324 993 357 iel
1025 322 1076 356 alii
1099 321 1167 355 olli-

417 381 512 416 ciales
541 379 675 417 inhibiti,
697 374 879 412 huiusmodi
897 373 1063 415 mandatis⁷
1087 370 1167 404 inhi-

418 430 610 473 bitionibus,
638 428 700 462 litis
731 424 933 474 pendentiis,
968 421 1109 456 censuris
1135 429 1167 464 ¹ct

419 486 528 532 poenis
541 484 569 518 in
583 484 630 518 eis
640 480 797 517 contentis
817 478 1062 522 adstringantur.
1074 475 1169 509 inimo

419 547 583 573 teneantur
605 545 634 572 et
663 535 809 577 debeant,
832 531 893 567 sul)
921 529 1031 577 poenis
1052 540 1170 574 suppo-

419 594 499 631 sitis,
530 591 567 626 ad
591 590 809 626 executionem
833 583 1058 619 sententiarum
1088 582 1170 616 lata-

420 660 488 681 rum
520 645 701 693 procedere.
738 640 842 676 Possit
871 647 972 672 tamen
1003 637 1033 670 iu
1069 636 1172 670 causis

419 701 501 744 attis,
517 712 531 734 a
549 699 616 733 inre
636 698 682 731 vel
697 703 810 731 statuto
831 692 1005 740 permissiS,
1019 689 1170 737 appellari

419 754 456 788 ad
480 753 723 800 gubernatorem
746 748 880 784 civitatis
898 758 952 780 seu
977 744 1172 791 provinciae,

419 810 473 857 qui
503 807 580 841 infra
601 816 740 840 mensem
760 813 886 837 cansam
910 800 1042 834 delinire
1065 806 1173 833 tenea-

421 873 482 900 tnr,
505 873 568 908 qno
596 859 722 906 elapso,
749 855 941 904 appellatio,
965 853 1112 888 inhihitio
1144 862 1172 889 et

423 915 568 952 instantia
597 926 693 961 super
714 913 760 947 eis
787 912 849 946 sint
872 909 974 949 nulla;
997 917 1025 943 et
1054 908 1174 952 libere,

421 972 488 1005 sine
517 968 765 1016 impedimento,
800 964 895 1012 possit
933 963 997 998 lieri
1034 963 1175 998 executio

422 1024 594 1061 sententiae
629 1022 674 1057 rel
702 1021 818 1064 banni,
845 1032 880 1054 ae
908 1019 932 1053 si
968 1030 1029 1053 non
1067 1017 1176 1052 suisset

423 1079 593 1114 inhibitum
617 1085 648 1112 et
665 1075 870 1123 appellatum:
888 1071 1038 1120 quodque
1057 1071 1174 1105 banniti

423 1143 453 1168 et
474 1130 675 1168 condemnati
701 1137 828 1177 propter
850 1125 1032 1162 huiusmodi
1057 1125 1175 1159 crimen

425 1186 600 1225 homicidii,
623 1191 810 1219 censeantur
845 1190 874 1215 et
902 1180 963 1214 sint
997 1178 1116 1213 banniti
1139 1177 1178 1212 ab

424 1241 574 1276 omnibus
593 1236 829 1273 circumvicinis
851 1247 950 1282 usque
972 1233 1010 1268 ad
1036 1232 1178 1266 milliaria

424 1294 668 1342 quinquaginta,
698 1293 776 1326 intra
800 1301 892 1336 quae,
918 1289 942 1322 si
972 1286 1084 1334 reperti
1110 1285 1179 1320 sue-

425 1351 498 1393 rint,
519 1348 617 1396 possit
641 1354 672 1382 et
694 1345 805 1380 debeat
840 1342 983 1390 capitalis
1007 1340 1180 1375 sententiae

426 1404 492 1439 sive
511 1400 786 1438 condemnationis
816 1397 1015 1446 pecuniariae
1038 1394 1181 1430 executio

427 1458 492 1493 fieri
533 1464 640 1492 contra
670 1467 725 1490 eos
763 1465 817 1501 per
850 1459 1020 1499 potestates
1050 1458 1079 1484 et
1106 1449 1182 1483 alios

427 1511 576 1546 officiales
603 1508 716 1544 civitati
735 1536 743 1548 ,
765 1505 919 1542 districtui
943 1514 973 1539 et
994 1504 1064 1539 loco
1093 1515 1183 1551 prae-

427 1565 590 1605 sidentes,
616 1563 676 1599 sub
708 1562 821 1610 poenis
857 1559 1068 1608 pecuniariis,
1090 1557 1182 1591 simili

430 1620 527 1654 forma
556 1617 766 1665 imponendis.

480 1679 496 1717 ᾗ
518 1675 550 1708 5.
575 1673 664 1711 ltem,
693 1670 776 1718 quod
805 1681 917 1704 ornnes
941 1676 971 1702 et
994 1665 1109 1712 singuli
1133 1665 1187 1699 ho-

433 1728 577 1766 micidae,
591 1738 727 1774 quorum
743 1724 894 1758 delictum
906 1721 1064 1757 notorium
1081 1720 1186 1757 suerit,

433 1783 478 1817 vel
497 1782 537 1817 de
559 1779 731 1816 homicidio
754 1778 892 1812 infamati
912 1789 966 1811 seu
988 1773 1186 1810 condemnati

433 1837 536 1879 (etiam
559 1836 585 1871 si
609 1835 648 1869 de
675 1834 791 1868 delicto
814 1830 1008 1870 huiusmodi,
1030 1843 1066 1864 ex
1091 1829 1188 1863 forma

433 1899 633 1928 statutorum,
657 1901 719 1923 non
745 1887 840 1934 possit
864 1885 993 1932 inquiri,
1016 1884 1062 1918 vel
1085 1883 1189 1929 aliqua

436 1956 535 1993 poena
559 1943 691 1990 imponi,
719 1942 765 1975 vel
793 1941 885 1974 etiam
910 1939 934 1974 si
959 1939 1056 1985 ipsius
1084 1936 1189 1971 delicti

435 1999 481 2035 vel
506 2009 637 2047 poenae,
654 2008 710 2044 pro
732 2007 769 2030 eo
791 1993 972 2040 interposita
1009 1991 1191 2025 auctoritate

436 2053 607 2102 apostolica
644 2051 689 2086 vel
717 2049 849 2085 alterius
881 2048 920 2082 ab
943 2060 977 2081 ea
1002 2046 1047 2081 vel
1077 2058 1091 2079 a
1119 2044 1194 2079 Ro-

438 2120 532 2143 mano
554 2106 709 2142 Pontifice
743 2111 928 2152 potestatem
969 2100 1131 2140 habentis,
1154 2100 1195 2134 sit

439 2163 517 2198 sacta
542 2161 698 2201 remissio,
718 2159 864 2201 cassatio,
891 2168 1058 2204 processus
1076 2163 1106 2189 et
1129 2167 1195 2188 sen·

440 2217 534 2253 tentia
563 2215 747 2259 annullata,
781 2212 828 2247 vel
855 2211 931 2246 alias
958 2207 1196 2257 quomodolibet

441 2272 671 2319 dispensatum,
696 2281 750 2316 per
773 2268 851 2302 viam
882 2265 998 2312 gratiae
1022 2276 1076 2298 seu
1112 2262 1198 2297 iusti-

443 2326 515 2369 tiae,
538 2325 568 2358 in
593 2331 657 2358 toto
680 2322 726 2356 vel
751 2322 781 2356 in
807 2323 904 2367 parte)
924 2331 985 2353 non
1009 2317 1131 2364 possint
1148 2315 1199 2350 ha-

444 2380 518 2415 bere
545 2378 643 2413 ollieia
669 2376 713 2412 vel
739 2376 908 2422 dignitates
932 2373 961 2407 in
985 2372 1199 2420 quibuscum-

445 2447 507 2482 que
529 2433 618 2472 locis,
645 2430 824 2467 civitatibus
856 2438 884 2464 et
909 2428 1017 2467 terris,
1043 2438 1058 2460 a
1082 2425 1200 2472 quihus

447 2488 567 2523 banniti
592 2486 720 2523 fuerint,
740 2485 769 2518 in
793 2484 912 2530 quihus
930 2480 1127 2517 domicilium
1148 2491 1202 2513 eo-

449 2555 517 2577 rum
542 2540 761 2587 originemque
798 2537 986 2576 habuerint,
1019 2547 1074 2570 sen
1111 2534 1201 2568 aliam

450 2609 569 2632 moram
594 2594 744 2629 traxerint
773 2593 819 2627 vel
847 2591 1033 2630 resederint,
1056 2589 1149 2624 ctiam
1178 2588 1201 2621 si

452 2651 566 2687 suerint
582 2648 732 2693 absoluti,
748 2646 916 2687 rebanniti,
941 2645 986 2680 vel
1003 2644 1078 2680 alias
1094 2654 1203 2678 eorum

1015 269 1042 290 nt
1057 267 1083 289 Ι.Ι
1098 266 1199 288 ΛΙΗΓΜ
1230 264 1389 287 ΙΚΟΠΙΛΜῙΜ

1209 319 1362 355 sententia
1382 330 1435 352 seu
1459 314 1694 358 condemnatio,
1712 313 1776 348 sire
1794 324 1961 360 processus

1210 374 1359 411 cassatio,
1389 372 1539 410 irritatio,
1575 369 1621 405 rel
1651 369 1728 403 alias
1755 379 1810 414 pro
1840 366 1962 402 infectis

1212 428 1306 462 habiti
1323 441 1330 466 ;
1354 426 1408 460 sed
1428 435 1579 472 perpetuo
1596 423 1659 458 sint
1679 422 1811 456 insanies
1829 429 1859 456 et
1875 420 1960 456 omni

1212 481 1363 527 dignitate
1398 479 1518 527 privati,
1542 490 1599 512 nec
1623 476 1745 523 possint
1772 476 1851 510 serre
1875 475 1963 510 testi-

1213 534 1367 573 monium,
1391 545 1448 568 nec
1472 531 1692 566 tabellionatus
1710 529 1850 564 osticium
1878 541 1964 563 exer-

1213 600 1296 628 cere,
1326 600 1387 621 non
1411 586 1615 621 admittantur
1635 583 1671 618 ad
1689 582 1893 617 iudicandum
1909 594 1963 616 seu

1213 641 1250 675 ad
1268 641 1351 675 alind
1369 640 1506 675 osticium
1524 637 1749 680 exercendum,
1766 646 1795 670 et
1817 635 1856 670 ab
1869 635 1967 670 omni-

1216 695 1273 729 bus
1295 695 1417 729 actibus
1453 693 1601 738 legitimis
1627 692 1689 725 sint
1715 697 1867 737 perpetuo
1893 701 1967 724 sus-

1217 749 1318 795 pensi,
1340 748 1530 795 quinimmo,
1553 746 1577 779 si
1602 743 1782 778 huiusmodi
1799 742 1899 777 officia
1923 755 1969 776 ae-

1216 803 1424 850 ceptaxerint,
1448 800 1644 835 exercuerint
1673 810 1728 832 seu
1763 797 1800 831 ad
1823 809 1858 831 ea
1885 808 1970 830 exer-

1216 858 1314 892 cenda
1338 857 1466 891 admissi
1489 855 1614 893 suerint,
1638 861 1698 887 tam
1722 851 1780 899 ipsi
1805 863 1897 898 quam
1912 863 1972 896 gn-

1217 913 1385 952 bernator,
1409 912 1530 957 legatus
1556 917 1606 942 aut
1645 907 1790 954 superior
1815 904 1869 952 qni
1897 917 1971 939 eum

1217 966 1358 1013 elegerit,
1374 964 1527 1000 vocaverit
1543 970 1595 997 aut
1610 962 1713 1008 ipsum
1728 960 1867 995 officium
1883 970 1973 994 exer—

1218 1033 1289 1055 cere
1311 1033 1365 1055 seu
1384 1019 1410 1054 ei
1429 1029 1562 1065 piieesse
1579 1028 1688 1063 passus
1705 1015 1810 1058 fucrit,
1838 1026 1972 1062 poenam

1219 1075 1465 1122 quingentorum
1500 1072 1686 1106 ducatorum
1710 1069 1776 1103 auri
1801 1069 1871 1115 ipso
1893 1068 1975 1102 facto

1221 1130 1356 1163 incurrat
1372 1136 1401 1162 et
1421 1140 1475 1161 sua
1496 1124 1724 1172 gubernatione
1749 1122 1901 1169 privetur,
1919 1134 1976 1155 nec

1220 1193 1321 1229 gesta,
1345 1183 1374 1215 in
1405 1180 1521 1214 iudicio
1545 1179 1590 1213 vel
1614 1186 1697 1212 extra
1727 1177 1892 1220 iudicium,
1915 1183 1975 1209 tam

1223 1249 1276 1283 per
1297 1248 1370 1270 eum
1394 1234 1446 1282 qui
1471 1233 1630 1268 admissus
1653 1231 1744 1265 suerit
1765 1231 1801 1264 ad
1825 1229 1977 1271 officium,

1222 1302 1316 1337 quam
1347 1301 1401 1335 per
1423 1300 1494 1322 enin
1519 1287 1573 1334 qui
1597 1286 1673 1320 illud
1704 1284 1742 1319 ab
1772 1297 1811 1318 eo
1833 1295 1978 1317 exercere

1224 1355 1335 1391 passus
1351 1342 1456 1380 suerit,
1471 1341 1508 1375 de
1524 1348 1628 1375 cetero
1644 1339 1742 1374 valida
1758 1339 1821 1373 sint
1836 1345 1865 1372 et
1883 1337 1980 1372 robur

1224 1398 1396 1436 obtineant,
1419 1395 1596 1443 quinimmo
1618 1394 1678 1428 sint
1715 1392 1832 1427 nullius
1859 1391 1981 1426 roboris

1225 1453 1271 1487 vel
1296 1451 1459 1491 momenti;
1487 1458 1516 1484 et
1538 1449 1562 1482 si
1586 1446 1816 1483 ecclesiasticae
1840 1457 1981 1492 personae

1226 1501 1699 1545 fuerint,excommunicationis
1710 1501 1898 1535 sententiam
1913 1501 1982 1547 ipso

1226 1562 1307 1597 sacto
1327 1561 1501 1596 incurrant,
1516 1558 1585 1592 sine
1603 1555 1742 1590 ulteriori
1759 1554 1982 1593 declaratione,

1227 1630 1242 1651 a
1265 1628 1327 1663 qua
1342 1627 1403 1649 non
1422 1614 1554 1660 possint,
1572 1619 1790 1658 praeterquam
1806 1622 1820 1643 a
1837 1608 1983 1644 Romano

1229 1670 1394 1712 Pontifice,
1416 1680 1488 1703 eum
1516 1665 1645 1713 speciali
1675 1664 1780 1698 delicti
1800 1663 1865 1697 sive
1887 1671 1987 1697 trans-

1229 1724 1400 1771 gressionis
1423 1720 1605 1756 huiusmodi
1625 1717 1985 1766 expi·essione,absolvi.

1230 1779 1270 1814 Et
1294 1777 1506 1812 thesaurarius
1528 1775 1693 1816 Camerae,
1720 1774 1788 1807 sine
1811 1772 1913 1819 aliqua
1939 1784 1988 1806 re-

1231 1833 1400 1880 quisitione
1415 1843 1470 1865 seu
1498 1828 1710 1863 notificatione
1732 1836 1782 1861 ant
1802 1825 1989 1860 inhibitione

1234 1887 1279 1921 vel
1303 1886 1489 1924 monitione,
1512 1883 1661 1918 salarium
1687 1880 1807 1915 eisdem
1833 1879 1879 1914 vel
1899 1879 1986 1914 alteri

1233 1942 1375 1976 debitum
1392 1939 1524 1974 retinere
1540 1936 1665 1979 debeat,
1679 1935 1703 1969 si
1718 1934 1807 1968 abeo
1822 1933 1990 1974 debeatur,

1235 1997 1258 2031 si
1281 2008 1355 2030 vero
1378 2007 1439 2029 non
1462 1992 1637 2033 debeatur,
1659 1988 1806 2024 mandare
1832 1987 1991 2034 potestati,

1235 2048 1438 2098 gubernatori
1468 2046 1512 2081 vel
1541 2045 1628 2080 alteri
1664 2043 1701 2078 ad
1738 2054 1831 2089 quem
1861 2049 1993 2088 spectat,

1237 2105 1275 2140 ab
1297 2106 1342 2140 eis
1364 2103 1410 2138 vel
1439 2113 1548 2137 eorum
1569 2099 1666 2133 altero
1694 2096 1777 2143 exigi
1801 2104 1831 2131 et
1847 2095 1991 2131 satisfieri

1238 2159 1296 2195 sub
1323 2158 1442 2193 eisdem
1469 2154 1612 2190 censuris
1634 2160 1662 2187 ct
1684 2151 1806 2198 poenis,
1830 2158 1922 2197 prout
1938 2163 1995 2185 su-

1241 2213 1348 2261 perius
1371 2220 1417 2245 est
1439 2220 1638 2256 expressum.

1290 2267 1373 2302 Nulli
1401 2278 1475 2311 ergo
1497 2273 1548 2298 etc.

1290 2321 1322 2355 Si
1346 2320 1418 2367 quis
1439 2328 1543 2354 autem
1567 2325 1621 2351 etc.

1292 2376 1406 2410 Datum
1432 2374 1550 2408 Romae
1569 2372 1652 2419 apud
1676 2372 1828 2407 Sanctum
1853 2370 1997 2405 Petrum.

1243 2442 1326 2464 anno
1354 2427 1582 2463 l'nearnationis
1615 2426 1792 2461 dominicae
1828 2424 1998 2459 millesimo

1244 2482 1556 2531 quadringentesimo
1576 2481 1771 2527 sexagesimo
1789 2480 1901 2526 primo,
1917 2491 1936 2512 v
1952 2478 1999 2512 ka-

1246 2537 1355 2572 lendas
1378 2536 1536 2580 februarii,
1560 2534 1759 2582 pontificatus
1791 2532 1888 2567 nostri
1917 2543 2000 2566 anno

1248 2601 1350 2627 tertio.

1292 2649 1352 2679 nai.
1368 2650 1415 2680 die
1430 2648 1468 2678 ⁹28
1485 2647 1610 2678 ianuarii
1629 2646 1714 2683 1461,
1731 2649 1808 2686 pont.
1832 2653 1908 2676 anno
1927 2652 1967 2674 ιιι.

1976 254 2025 280 An.
2045 253 2074 279 C.
2091 252 2152 279 Ηιόί
