2281 3251
0 1122 7 1783 -sw—q-A-——ss-——ss-—A
7 1243 9 1246 ,
0 815 11 1120 ——-—--7--v‚
0 733 10 810 -—‚
0 707 2 718 -
0 664 3 676 v

85 289 134 317 An.
153 290 181 316 C,
200 289 265 315 ttioae

78 1685 186 1712 Exempno
194 1692 203 1705 a
212 1686 258 1706 sub-

75 1718 133 1737 endiis
148 1716 184 1743 (l).

86 2173 192 2201 Exemptio
200 2180 212 2195 3
223 2180 259 2195 no-

77 2205 156 2226 lunone
165 2205 260 2227 decima-

76 2241 120 2256 rum
137 2235 175 2261 (¹).

953 290 1020 312 ΓΗΒ

280 343 434 380 cedendas
457 343 606 378 adversus
629 350 740 377 statuta
764 350 793 377 et
815 342 1029 378 ordinationes

281 401 402 428 nostras
422 392 616 432 huiusmodi,
630 391 737 427 nullus
758 392 935 440 praedictae
951 405 1028 427 cou-

278 442 469 490 gregationis
492 442 538 475 vel
561 441 653 483 alius,
668 442 899 488 cuiuscumque
917 451 1027 483 status,

277 491 393 538 gradus
420 491 467 525 vel
496 490 686 526 conditionis
722 491 814 526 suerit
833 518 840 531 ,
874 491 966 526 etiam
1001 493 1026 525 si

277 540 468 575 cardinilatu
492 548 542 574 aut
564 539 747 586 pontificali,
763 540 827 575 sive
842 540 900 574 alia
917 542 1027 595 quavis

279 589 470 644 praefulgeat
486 589 650 635 dignitate,
665 588 790 635 aliquod
815 601 851 623 ex
869 590 944 636 ipsis
961 604 1027 625 mo-

278 639 432 677 misteriis,
450 638 637 685 prioratibus
660 651 725 672 5110
742 638 818 672 locis
845 639 873 672 in
899 639 1024 674 titulum

277 688 323 722 iel
365 700 521 722 commen
525 687 585 721 lam
620 700 674 721 seu
717 687 1023 723 administrationem

276 745 329 771 aut
365 737 440 772 alias
456 765 463 775 ,
499 749 553 772 seu
593 749 688 783 super
722 737 861 771 cuiusvis
902 738 1024 772 illorum

277 786 432 821 fructibus
466 795 496 820 et
542 785 718 821 redditibus·
758 794 787 821 et
824 788 1026 832 proventibus

276 848 509 883 quamcumque
542 836 725 881 pensionem
764 835 822 870 silii
852 837 1025 877 vendicare,

278 885 321 919 rel
348 886 395 918 ius
419 884 556 932 desuper
577 886 740 932 acquirere
763 886 883 931 possit,
913 886 971 919 nisi
996 887 1024 920 in

276 935 351 980 ipsis
386 934 484 969 literis
511 935 549 968 de
571 934 789 980 praesentibus
810 947 845 969 30
869 935 933 982 ipsa
953 948 1026 970 eon·

274 984 455 1030 gregatioue
490 983 634 1030 specialis
661 992 691 1018 et
730 996 876 1030 expressa
912 997 947 1019 30
987 984 1025 1020 de

274 1032 369 1067 verbo
395 1033 433 1067 ad
459 1033 587 1067 verbum
613 1034 731 1068 mentio
755 1033 818 1073 fiat,
836 1041 865 1068 et
885 1033 960 1069 alias
987 1047 1022 1069 ex

275 1083 412 1129 ipsarum
444 1091 550 1117 tenore
573 1082 733 1117 literarum
753 1081 914 1116 evidenter
932 1096 1024 1130 appa-

274 1141 351 1175 reat,
366 1132 507 1178 singulos
523 1131 684 1166 Romanos
702 1130 874 1166 Pontifices
896 1133 948 1178 qui
973 1145 1025 1167 eas

273 1181 501 1224 concesserint,
529 1193 566 1215 ex
590 1190 670 1215 certa
694 1180 846 1220 scientia
875 1193 945 1215 cnm
975 1195 1024 1216 ra-

273 1230 429 1265 tionabilis
456 1242 568 1264 causae
596 1230 832 1273 subiunctione,
857 1230 1024 1276 praedictis

271 1280 396 1314 statutis
415 1287 443 1313 et
467 1279 717 1314 ordinationibus
739 1279 873 1313 votuisse
896 1292 930 1314 ac
948 1281 1024 1315 velle

272 1330 437 1374 derogare,
452 1328 658 1363 decernentes
672 1340 708 1362 ex
726 1341 808 1363 111130
823 1328 906 1383 ipsas
919 1330 1025 1364 literas

271 1379 309 1413 ad
338 1378 463 1425 aliquod
488 1390 524 1412 ex
553 1377 671 1412 eisdem
701 1378 910 1422 monasteriis,
933 1379 1025 1424 prio—

274 1427 392 1462 ratibus
407 1439 434 1461 et
453 1427 529 1462 locis
549 1427 732 1461 nullatenus
755 1436 802 1462 ext
809 1428 880 1461 endi
896 1428 1023 1469 debere,

272 1490 308 1511 ae
336 1477 456 1512 irritum
485 1485 514 1511 et
543 1477 634 1511 inane
661 1476 814 1531 quidquid
847 1477 875 1510 in
899 1487 1024 1512 contia-

274 1527 368 1570 rium,
391 1539 406 1561 3
423 1538 562 1573 quoque,
577 1539 686 1574 quatis
708 1526 903 1570 auctoritate,
926 1527 1024 1562 scien-

274 1585 318 1611 ter
345 1575 391 1610 vel
416 1577 608 1622 ignoranter
624 1575 789 1622 contigerit
817 1577 974 1611 attentzvii.

321 1634 336 1673 ξ
359 1632 391 1664 5.
410 1630 449 1664 Et
473 1631 613 1676 insuper,
631 1630 786 1670 abbatem,
808 1630 938 1676 priores,
953 1643 1026 1665 con-

274 1693 396 1729 ventus,
416 1685 616 1724 monasteria,
641 1685 810 1730 prioratus,
833 1684 975 1720 membra
996 1693 1024 1719 et

274 1737 339 1772 loca
355 1737 484 1772 Ordinis
498 1738 693 1780 huiusmodi,
713 1751 727 1771 3
752 1750 1025 1785 quarumcumque

273 1792 475 1838 praedialium
493 1800 522 1826 et
535 1792 666 1826 aliarum
683 1792 877 1826 decimarum
901 1805 1023 1827 necnon

273 1845 487 1880 subsidiorum
505 1873 513 1888 ,
538 1856 626 1892 prout
659 1846 813 1880 haetenus
835 1855 1023 1881 consuetum

272 1907 330 1939 est,
341 1911 376 1934 ae
389 1900 481 1933 etiam
497 1900 654 1934 canonicae
665 1900 817 1945 portionis
839 1912 892 1934 seu
907 1908 1026 1947 quartae

273 1953 413 1988 locorum
446 1953 610 1988 ordinariis
651 1954 812 1988 faciendae
847 1954 1024 1998 dumtaxat,

273 2007 430 2042 solutione
458 2015 488 2040 et
514 2007 747 2042 contributione
777 2007 968 2043 absolvimus
996 2017 1023 2042 et

274 2062 399 2109 penitus
421 2061 603 2095 liberamus.

322 2115 342 2162 g
365 2117 397 2149 6.
422 2114 463 2149 lta
479 2115 572 2150 etiam
588 2115 672 2162 quod
695 2116 753 2163 ipsi
771 2116 879 2156 abbas,
896 2116 1026 2162 priores,

274 2179 449 2205 conventus
465 2177 494 2204 et
510 2169 655 2204 monaehi
679 2169 752 2204 dieti
775 2169 918 2208 Ordinis,
934 2182 949 2204 a
972 2182 1026 2204 so-

274 2224 394 2258 lutione
420 2236 475 2258 seu
512 2223 719 2270 praestatione
752 2235 1026 2270 quarumcumque

274 2277 466 2313 decimarum
491 2277 529 2312 de
553 2277 707 2311 fructibus
730 2284 896 2320 terrarum,
920 2277 1028 2312 liorto-

275 2345 344 2366 rum
362 2331 682 2378 praedictorum,sive
703 2331 936 2377 possessionum
958 2344 1028 2366 sua-

275 2398 356 2430 rum,
371 2398 449 2433 quas
466 2385 639 2432 possident,
662 2392 692 2418 et
712 2386 742 2419 in
768 2385 906 2420 futurum
923 2390 1028 2432 (prae-

275 2446 375 2473 stante
403 2439 551 2482 Dnmino)
590 2446 738 2486 poterunt
766 2438 921 2485 adipisci,
948 2451 1028 2486 quas

275 2505 330 2527 seu
359 2505 438 2541 quos
461 2493 595 2540 propriis
615 2493 761 2527 manilius
788 2501 817 2527 et
845 2493 1028 2540 sumptibus

276 2547 398 2591 colunt,
421 2547 466 2582 vel
492 2559 546 2595 per
568 2547 663 2582 boves
685 2559 760 2581 suos
787 2556 838 2581 aut
868 2547 969 2591 alios,
998 2555 1027 2581 et

276 2601 456 2648 sumptibus
480 2601 633 2636 dictorum
670 2601 897 2636 monachorum
927 2601 1026 2636 excoti

312 2677 351 2713 (t)
368 2677 407 2704 Ad
428 2676 477 2704 hoc
495 2676 554 2705 vide
571 2677 680 2705 inferius
691 2676 788 2704 bullam
807 2676 862 2703 111111
878 2676 910 2703 tt.

1044 291 1065 312 11
1090 291 1139 313 Pr.

1702 282 1763 314 171

1073 345 1212 389 faciunt,
1234 357 1268 379 ac
1291 344 1331 379 de
1357 344 1521 380 novalibus
1548 356 1602 380 seu
1630 345 1824 382 nutrimento

1070 394 1250 428 animalium
1274 406 1403 429 suorum
1427 394 1489 429 sint
1518 406 1646 441 prorsus
1675 397 1822 442 exempti.

1118 448 1133 486 ἓ
1159 448 1188 477 7.
1218 443 1255 478 Et
1277 443 1315 478 ad
1352 443 1553 477 subeundum
1590 443 1762 479 iuramenta
1792 455 1822 480 et

1071 492 1208 526 facienda
1233 493 1409 527 testimonia
1427 492 1495 535 (uisi
1513 493 1541 526 in
1559 493 1661 528 causis
1681 493 1732 528 ubi
1749 494 1824 528 alias

1072 542 1183 576 veritas
1206 542 1335 576 inveniri
1365 554 1425 576 non
1451 549 1568 589 posset,
1584 549 1614 575 et
1638 543 1825 577 1111101300-

1071 603 1137 625 rum
1156 591 1362 632 monasteriis)
1381 603 1435 626 seu
1459 590 1675 626 accedendum
1693 591 1730 626 ad
1749 605 1825 638 pro-

1069 640 1243 683 cessiones,
1261 640 1318 674 nisi
1337 641 1533 687 praecipuas,
1553 640 1600 674 vel
1616 641 1653 675 ad
1678 642 1823 681 concilia,

1071 696 1287 736 praeterquam
1308 689 1491 724 universalia
1528 690 1712 725 auctoritate
1740 703 1823 737 apo-

1070 739 1178 773 stolica
1207 739 1334 778 indicta,
1361 738 1568 785 personaliter
1591 739 1737 787 compelli
1762 752 1823 774 ne-

1069 797 1185 834 queant
1213 788 1451 835 quoquomodo.

1118 837 1185 883 38.
1206 837 1259 871 Eis
1275 837 1418 872 similiter
1444 837 1653 873 concedentes
1678 846 1709 872 ut
1723 851 1822 885 quas-

1068 899 1204 933 cumque
1222 886 1430 921 haereditates
1446 899 1500 933 per
1518 887 1637 921 medias
1658 900 1810 934 personas

1070 944 1130 969 tam
1160 936 1386 970 monachorum
1421 949 1476 971 seu
1516 949 1723 982 personarum
1747 937 1821 972 dieti

1067 984 1199 1019 Ordinis
1221 997 1314 1032 quam
1334 985 1423 1029 atias,
1446 986 1561 1032 quovis
1585 986 1679 1020 modo
1702 986 1760 1021 sibi
1785 987 1823 1021 de

1068 1035 1133 1068 iure
1148 1034 1265 1069 delatas
1280 1044 1309 1069 et
1325 1035 1354 1069 in
1371 1043 1460 1068 antea
1477 1034 1676 1076 deferendas,
1691 1037 1822 1071 nomine

1067 1083 1141 1118 dicti
1165 1083 1296 1118 Ordinis
1318 1097 1353 1118 30
1388 1085 1588 1124 monasterii,
1616 1085 1708 1119 euius
1740 1086 1822 1120 dicta

1069 1145 1202 1179 persona
1219 1134 1393 1168 monachus
1409 1133 1455 1167 vel
1471 1133 1595 1167 oblatus
1618 1134 1719 1173 suerii,
1736 1135 1823 1169 adire

1067 1190 1097 1216 et
1121 1194 1175 1229 pro
1199 1183 1265 1227 ipso
1289 1183 1479 1217 monasterio
1504 1183 1648 1218 retinere.

1116 1234 1176 1275 5²9.
1193 1231 1334 1274 Necnon,
1351 1232 1477 1279 quoties
1496 1244 1577 1279 opus
1598 1232 1701 1271 fuerit,
1716 1245 1731 1266 a
1748 1245 1823 1278 quo-

1067 1293 1202 1328 cumque
1219 1281 1371 1316 eatholico
1386 1282 1534 1321 antistite,
1545 1281 1755 1316 monachoset
1766 1293 1822 1317 no-

1069 1330 1158 1364 ritios
1174 1330 1247 1365 dicti
1270 1330 1399 1365 Ordinis
1413 1331 1449 1366 ad
1471 1331 1530 1366 1100
1546 1330 1687 1370 idoneos,
1702 1331 1821 1378 absque

1066 1379 1172 1427 aliquo
1194 1379 1255 1414 alio
1277 1380 1433 1421 examine,
1456 1391 1487 1416 et
1517 1381 1658 1415 cuiusvis
1691 1381 1820 1415 alterius

1068 1429 1193 1464 licentia
1220 1442 1317 1476 super
1346 1429 1404 1464 11οο
1427 1430 1558 1465 minime
1581 1429 1732 1477 requisita
1751 1458 1758 1466 .
1781 1429 1819 1464 ad

1067 1491 1178 1514 omnes
1201 1492 1307 1514 sacros
1336 1479 1465 1514 ordines
1494 1480 1670 1526 promoveri
1701 1479 1819 1517 faeere,

1067 1537 1097 1563 et
1128 1528 1393 1563 conferendorum
1435 1529 1583 1564 ordinum
1621 1528 1819 1570 huiusmodi,

1067 1586 1121 1613 aut
1142 1577 1285 1613 altarium
1306 1578 1591 1613 consecrandorum
1615 1590 1721 1621 causa,
1736 1578 1820 1625 ipsos

1067 1628 1223 1662 antistites
1244 1628 1281 1662 ad
1298 1640 1331 1663 se
1355 1628 1384 1662 in
1409 1640 1517 1663 eorum
1543 1628 1740 1663 monasteriis
1764 1627 1821 1662 ad-

1069 1689 1189 1712 vocare.

1117 1727 1137 1774 S
1163 1730 1216 1762 10.
1240 1726 1400 1761 Interdicti
1415 1739 1541 1774 quoque
1560 1735 1712 1773 tempore,
1729 1726 1822 1760 dum-

1069 1777 1162 1811 modo
1186 1777 1244 1823 ipsi
1273 1788 1400 1811 causam
1423 1777 1464 1811 illi
1491 1789 1551 1811 non
1575 1776 1728 1819 dederint,
1748 1776 1823 1810 sub-

1069 1827 1161 1861 missa
1192 1839 1277 1867 voce,
1301 1826 1401 1861 ianuis
1428 1827 1558 1865 clausis,
1586 1834 1616 1861 et
1644 1826 1822 1860 interdictis

1069 1889 1123 1910 seu
1139 1876 1420 1911 excommunicatis
1432 1876 1579 1916 exclusis,
1592 1887 1703 1910 eorum
1718 1884 1820 1910 tamen

1069 1930 1261 1976 cappellanis
1275 1938 1305 1964 et
1321 1929 1535 1964 habitantibus
1548 1929 1624 1964 infra
1648 1936 1734 1976 septa
1752 1942 1822 1964 mo-

1070 1984 1278 2019 nasteriorum
1303 1984 1503 2022 intermissis.
1519 1983 1688 2019 celebrare.

1118 2042 1132 2081 ξ
1158 2040 1213 2071 il.
1237 2038 1395 2085 Quodque
1412 2039 1505 2073 etiam
1521 2049 1739 2085 quoscumque
1754 2038 1822 2073 Or-

1069 2091 1175 2125 dinem
1207 2092 1309 2138 ipsum
1340 2093 1467 2127 introire
1495 2092 1646 2132 volentes,
1673 2093 1766 2127 etiam
1796 2106 1821 2126 si

1069 2146 1164 2180 alium
1188 2145 1354 2190 Ordinem,
1380 2155 1596 2193 praeterquam
1621 2144 1821 2181 Carthusien.

1071 2200 1192 2246 ingredi
1218 2201 1386 2242 vovissent,
1402 2200 1576 2235 dummodo
1594 2199 1821 2246 professionem

1071 2266 1132 2287 non
1156 2254 1338 2299 emiserint,
1360 2255 1488 2291 eosdem
1514 2254 1653 2301 recipere
1669 2281 1676 2293 ,
1699 2263 1729 2290 et
1752 2262 1823 2289 voto

1071 2320 1132 2341 non
1156 2307 1300 2343 obstante
1324 2310 1494 2356 praedicto.
1519 2321 1574 2343 eos
1597 2310 1633 2344 ad
1654 2308 1823 2357 professio-

1071 2373 1142 2395 nem
1184 2363 1358 2409 regularem
1394 2363 1571 2398 adtnittere.
1612 2363 1823 2398 prohibemus

1071 2423 1173 2449 tamen
1198 2416 1316 2451 eisdem
1346 2417 1463 2455 abbati,
1493 2416 1707 2451 visitatoribus
1729 2424 1821 2462 atque.

1070 2468 1139 2502 aliis
1154 2471 1297 2515 personis
1309 2471 1380 2505 dieti
1391 2470 1594 2513 Ordinis,ne,
1611 2471 1820 2516 praesentium

1071 2532 1190 2569 tenore,
1204 2525 1352 2559 laicorum
1369 2532 1399 2558 et
1414 2532 1591 2558 exterorum
1609 2522 1824 2557 confessiones

1105 2595 1145 2629 (t)
1162 2596 1200 2621 Tu
1219 2594 1279 2621 vide
1296 2594 1360 2629 quid
1379 2593 1476 2621 notabo
1493 2594 1517 2619 in
1539 2593 1607 2620 dieta
1626 2592 1695 2619 bulla
1712 2592 1770 2618 Iulii
1789 2592 1820 2622 tt,

1071 2634 1087 2670 S
1103 2636 1129 2661 8.
1168 2635 1207 2669 (2)
1222 2633 1259 2660 Tu
1271 2634 1330 2660 vide
1342 2633 1440 2660 bullam
1455 2634 1490 2660 Pit
1505 2632 1526 2658 V
1542 2640 1662 2664 cxxxix,
1674 2631 1823 2667 Quaecum-

1071 2683 1130 2709 que,
1148 2678 1173 2702 et
1191 2674 1254 2701 butt.
1275 2673 1358 2701 Clem.
1386 2674 1443 2700 Vlll
1461 2681 1525 2700 cxv,

1838 291 1877 318 An
1907 291 2018 318 01162

1859 457 1972 477 leviticam
2003 462 2023 478 et

1839 490 1862 509 ad
1898 494 2021 514 processio-

1839 526 1876 539 nes
1887 520 1917 539 ira
1931 524 1971 538 non
1983 525 2024 539 eo-

1839 553 1911 576 gantur
1929 549 1946 570 (t

1852 847 1950 868 Haereat*
1973 853 2027 867 ron-

1839 880 1933 905 gregatto
1967 884 2021 898 ron-

1816 917 1823 931 a
1839 911 1898 937 sequi
1915 911 1980 935 possit

1845 1242 1935 1262 Ordine·

1837 1279 1848 1292 ὃ
1889 1277 2021 1298 unCumqtlb

1837 1304 1932 1324 nntisnte
1951 1302 2021 1322 aust-i-

1836 1339 1887 1362 pera
1939 1335 2020 1360 possint

1836 1369 1877 1386 etc.
1894 1365 1931 1391 (l,⁴

1950 1247 2022 1261 meroe

1851 1737 1925 1757 tjotebr
1934 1742 1962 1757 τε
1975 1742 2022 1762 pon-

1838 1770 1878 1789 tint
1887 1771 1982 1794 tempore
1992 1769 2022 1788 111-

1838 1799 1921 1820 terdirti
1941 1799 1957 1821 (l

1852 2049 1955 2076 1100111013
1972 2055 2022 2076 pns-

1816 2093 1821 2098 -
1838 2082 1879 2101 sint
1895 2081 1919 2101 ad
1934 2081 2022 2106 religio-

1838 2118 1884 2132 nem
1902 2117 1975 2132 omnes
1987 2111 2020 2131 hir

1839 2149 1878 2162 nnn
1892 2148 1973 2169 exemp.
1993 2143 2021 2162 ἓ,
