2281 3251
121 285 168 311 An.
187 284 215 311 C.
231 284 294 310 Htw

124 1380 255 1402 Obstantium
267 1381 301 1401 de-

118 1413 206 1438 rogatio.

943 276 1054 297 SlXle

313 347 542 383 quoscumque,
577 333 802 379 ruius‹·tunque
831 331 988 379 qualitatis
1012 331 1056 365 vel

313 384 502 420 conditionis
530 383 675 427 existant,
702 392 753 417 aut
776 393 978 428 quacumque
1007 394 1060 414 ec-

313 434 496 473 clesiastica,
518 433 609 467 etiam
627 431 832 479 patriarchali,
855 430 1060 477 archiepisco-

314 483 373 530 pali
402 483 447 517 vel
472 482 629 517 mundana
654 481 754 515 forent
781 480 932 527 dignitate
955 488 984 514 et
1006 493 1058 514 ex-

313 534 473 580 emptione
490 532 616 571 niuuiti3
634 531 663 565 iu
686 530 940 578 quibuscumque
959 531 1061 564 causis

315 595 438 630 percos
457 580 631 621 movendis,
654 591 853 628 quacumque
876 579 995 614 ratione
1014 580 1058 613 vel

313 645 405 667 causa
434 644 514 678 quae
541 630 710 676 excogitari
740 630 854 677 possit,
889 629 934 663 eis
961 629 1060 663 mini-

314 689 412 717 strent
426 681 560 715 iustitiae
577 680 855 726 complementum,
875 678 1060 725 exequendo

315 731 397 779 quod
432 743 486 778 per
513 743 567 764 eos
595 729 685 764 suerit
711 728 905 768 ordinatum;
928 736 959 763 et
981 728 1061 771 illos,

315 794 393 828 quos
421 792 570 815 censuras
602 787 632 813 et
661 791 778 826 poenas
807 777 981 825 praedictas
1013 778 1060 811 in—

315 831 450 865 currisse
471 829 657 868 constiterit,
680 828 748 862 illos
769 828 903 862 irretitos
925 839 993 862 esse
1012 826 1060 862 de·

315 880 443 918 clarent,
465 892 500 913 ac
519 878 630 913 noiant
652 886 681 912 et
698 877 849 912 mandent
867 876 1060 916 interdictos,

315 942 486 976 suspensos
500 936 528 962 et
542 928 832 962 excommunicatos
846 927 969 974 publice
985 938 1062 960 nun-

315 980 387 1014 ciari
422 989 450 1012 ct
484 978 522 1013 ab
557 977 705 1012 omnibus
740 978 855 1011 arctius
884 976 1003 1015 evitari,
1026 988 1060 1010 ac

315 1028 462 1075 legitimis
477 1040 572 1074 super
595 1027 643 1061 liis
662 1026 814 1061 habendis
836 1026 965 1060 servatis
990 1038 1060 1072 pro-

313 1077 560 1121 cessibus,illos,
571 1076 693 1123 quoties
712 1088 792 1123 opus
818 1076 920 1118 suerit,
943 1075 1062 1109 iteratis

313 1128 434 1163 vicibus
456 1138 621 1173 aggravare
644 1133 830 1171 procurent,
857 1124 1061 1159 contradicto<

315 1190 374 1221 res,
396 1177 579 1211 auctoritate
602 1183 719 1214 nostra,
743 1174 951 1221 appellatione
975 1183 1061 1220 post-

315 1227 425 1274 posita,
447 1224 691 1272 compescendo,
715 1224 858 1259 invocato
879 1223 917 1258 ad
942 1223 1012 1263 hoc,
1035 1225 1059 1258 si

314 1289 394 1324 opus
418 1276 521 1314 suerit,
543 1274 660 1310 auxilio
682 1273 801 1308 brachii
824 1273 1002 1308 saecularis.

363 1327 383 1373 g
414 1327 467 1359 19.
496 1324 566 1359 Non
594 1323 794 1358 obstantibus
824 1322 1009 1357 recolendae
1035 1336 1059 1357 s.

315 1375 484 1410 memoriae
506 1373 659 1408 Bonisacii
682 1373 784 1420 Papae
806 1373 924 1412 octavi,
946 1372 1062 1419 quibus

314 1433 440 1460 cavetur
467 1436 505 1459 ne
528 1423 600 1471 quis
622 1430 706 1458 extra
733 1435 823 1458 suam
851 1422 1009 1458 civitatem
1032 1432 1060 1458 et

314 1474 496 1519 dioecesim,
513 1473 572 1508 nisi
597 1473 626 1507 in
650 1472 742 1507 certis
764 1472 903 1520 exceptis
925 1472 1060 1513 casibus,

314 1532 343 1559 et
362 1524 392 1558 in
417 1524 476 1558 illis
501 1522 580 1557 ultra
604 1534 697 1556 unam
717 1521 840 1556 diaetam
864 1535 880 1557 a
903 1521 965 1556 fine
988 1534 1061 1556 suae

314 1573 482 1614 dioecesis,
512 1572 549 1607 ad
578 1572 730 1606 iudicium
759 1580 916 1611 evocetur,
938 1583 994 1606 seu
1023 1584 1062 1605 ne

315 1623 435 1658 iudices
457 1636 473 1658 a
495 1622 578 1657 Sede
595 1621 773 1669 Apostolica
797 1621 954 1668 deputati,
976 1628 1061 1655 extra

315 1673 470 1709 civitatem
494 1671 719 1712 etdioeccsim,
740 1671 768 1705 iu
785 1671 901 1719 quibus
921 1671 1060 1718 deputati

314 1723 441 1761 fuerint,
476 1730 582 1756 contra
616 1733 834 1768 quoscumque
869 1720 1062 1768 procedere,

314 1780 367 1807 aut
393 1772 443 1807 alii
479 1771 527 1806 vel
554 1770 622 1805 aliis
651 1771 732 1805 vices
764 1783 839 1805 suas
865 1771 1062 1805 committere

315 1830 528 1868 praesumant,
550 1829 580 1855 et
602 1820 640 1855 de
664 1819 787 1855 duabus
809 1819 910 1855 dicetis
933 1820 962 1854 in
986 1832 1063 1854 con—

314 1871 388 1906 cilio
426 1870 576 1918 generali,
606 1882 664 1905 nec
696 1882 758 1905 non
794 1882 874 1917 quae
908 1869 1061 1916 incipiunt

314 1922 413 1967 Super
422 1922 596 1956 cathedram
607 1919 758 1954 Bonis-acii
780 1928 808 1954 et
828 1921 954 1954 Dudum
971 1919 1063 1954 Vien-

315 1971 422 2005 nensis
451 1969 576 2005 concilii
614 1982 649 2004 ac
682 1969 868 2004 recolendae
897 1969 1064 2004 memoriae

315 2019 436 2055 Callisti
461 2019 563 2067 Papae
581 2020 674 2059 tertii,
697 2019 790 2054 etiam
815 2019 1065 2066 praedecessoris

316 2070 426 2114 nostri,
444 2069 696 2116 literis,aliisque
723 2069 904 2116 apostolicis
932 2081 967 2104 ac
991 2081 1063 2116 pro—

316 2119 500 2155 vincialibus
521 2128 550 2153 et
572 2117 775 2166 synodalibus
797 2119 941 2154 conciliis
960 2119 1063 2162 editis,

316 2169 504 2215 specialibus
527 2168 571 2203 vel
593 2167 808 2214 generalibus
829 2181 949 2203 necnon
967 2168 1066 2203 Osto-

316 2219 365 2253 nis
391 2228 421 2253 et
454 2218 624 2257 Octoboni,
652 2217 725 2251 oliui
755 2219 784 2252 in
809 2231 905 2264 regno
933 2219 1065 2265 Angliat·

316 2268 517 2315 Apostolicae
539 2268 631 2302 Sedis
654 2267 838 2313 legatorum,
864 2268 1065 2302 constitutio—

318 2319 427 2359 nibus,
455 2317 665 2352 Ecclesiarum
694 2329 820 2364 quoque
852 2329 887 2351 ac
924 2317 1063 2351 locorum

317 2367 531 2414 quorumlibet
566 2368 689 2401 statutis
717 2375 746 2400 et
769 2367 1066 2410 consuetudinibus,

317 2426 346 2451 et
370 2418 450 2452 inter
476 2429 694 2463 quoscumque
721 2416 878 2451 dictorum
908 2416 1064 2451 Ordinuni

318 2466 447 2501 fratrum
478 2466 732 2500 Praedicatoruni
757 2474 785 2500 et
809 2466 964 2500 Minoruiu
993 2479 1066 2513 pro-

319 2517 453 2551 fessores
479 2529 514 2551 ac
550 2516 688 2550 locorum
725 2516 899 2550 ordinarios
927 2529 983 2550 seu
1013 2529 1066 2550 re—

318 2575 419 2601 ctores
447 2565 622 2613 praedictos
652 2565 738 2600 initis
753 2574 783 2600 et
801 2565 970 2610 conclusis,
1001 2566 1066 2601 liac-

319 2624 410 2650 tenus
436 2615 609 2650 observatis
634 2615 732 2663 pactis
747 2625 776 2649 et
792 2615 1066 2654 conventionibus.

320 2665 412 2701 etiam
447 2666 634 2706 iuramento,
668 2665 907 2700 confirmatione
941 2674 1069 2713 aposto-

1725 266 1792 287 oo-

1726 281 1795 298 «αι-ιι)

1083 276 1107 296 Η
1138 276 1185 297 Pi‘.

1100 332 1204 365 stoliea
1230 332 1272 365 rel
1297 332 1403 378 spuriis
1435 332 1491 365 alia
1517 332 1658 365 firmitate
1683 331 1845 369 roboratis,

1102 394 1220 415 u-’cuou
1240 381 1386 415 omnibus
1403 381 1474 418 illis,
1490 394 1569 427 quae
1584 381 1732 415 Clemens
1747 390 1774 415 et
1788 382 1846 416 Eu-

1100 431 1212 476 genius
1228 430 1368 477 praelati,
1388 431 1417 464 iu
1436 430 1600 476 praedictis
1615 443 1722 465 corum
1741 431 1847 474 literis,

1102 480 1262 514 voluerunt
1293 494 1353 515 nou
1377 480 1511 521 obstare,
1535 481 1698 514 contrariis
1715 480 1848 527 quibus-

1101 543 1248 577 cumque.
1279 530 1404 572 Quibus
1432 529 1581 564 omnibus
1609 530 1669 573 illa,
1698 543 1734 564 ac
1761 531 1784 563 si
1812 530 1849 563 de

1103 580 1197 614 verbo
1220 580 1255 614 ad
1276 579 1403 614 verbum
1429 580 1654 624 insererentur,
1668 588 1697 613 et
1718 579 1850 625 deroga-

1103 630 1250 663 toriarum
1267 629 1481 675 derogatorias
1502 629 1660 663 clausulas
1679 629 1707 663 in
1731 641 1764 663 se
1779 641 1851 664 con-

1103 680 1250 718 tinerent,
1277 678 1497 725 praesentibus
1523 690 1578 724 pro
1608 679 1766 726 expressis
1789 678 1850 713 lia-

1103 728 1226 768 bentes,
1250 728 1310 762 illis
1327 729 1402 763 alias
1425 729 1454 762 in
1482 740 1540 762 suo
1564 728 1676 764 robore
1703 739 1851 775 perman-

1102 778 1201 819 suris,
1237 777 1338 825 quoad
1378 777 1571 825 praemissa,
1610 778 1784 825 specialiter
1822 786 1849 811 et

1102 840 1247 873 expresse
1279 827 1479 873 derogamus.
1508 828 1569 861 Aut
1596 828 1621 862 si
1652 827 1854 875 patriarchis,

1102 877 1302 924 archiepisc,
1331 878 1428 923 episc.
1452 885 1481 910 et
1505 876 1680 912 rectoribus
1706 877 1853 924 praefatis

1102 939 1157 961 seu
1174 926 1340 974 quibusvis
1365 927 1444 966 aliis,
1466 927 1674 961 communiter
1696 926 1741 961 vel
1769 926 1852 961 divi-

1102 977 1174 1020 sim,
1187 990 1200 1009 a
1217 976 1299 1011 Sede
1317 977 1449 1022 praelata
1468 975 1623 1010 indultum
1640 976 1752 1011 existat
1767 976 1851 1024 quod

1104 1026 1264 1064 interdici,
1296 1026 1447 1072 suspendi
1483 1025 1527 1059 rel
1560 1026 1851 1065 excommunicari.

1103 1083 1155 1109 aut
1173 1083 1257 1109 extra
1281 1076 1328 1109 vcl
1350 1075 1427 1109 ultra
1453 1083 1535 1109 certa
1559 1075 1623 1110 loca
1639 1075 1677 1110 ad
1702 1075 1851 1110 iudicium

1103 1125 1223 1159 evocari
1261 1137 1320 1159 non
1351 1125 1483 1172 possint,
1512 1137 1565 1171 per
1593 1124 1696 1160 literas
1724 1134 1852 1173 aposto-

1104 1175 1177 1209 licas
1205 1187 1264 1208 non
1298 1174 1446 1209 facientes
1471 1173 1594 1221 plenam
1619 1182 1649 1209 et
1671 1187 1851 1222 expressam

1105 1236 1139 1258 ac
1161 1223 1200 1257 de
1227 1223 1320 1258 verbo
1348 1223 1385 1258 ad
1416 1224 1543 1258 verbum
1567 1223 1606 1258 de
1634 1223 1756 1259 indulto
1791 1224 1853 1259 hu-

1104 1273 1240 1308 iusmodi
1262 1274 1465 1318 mentionem,
1479 1282 1508 1308 et
1526 1273 1667 1320 qualibet
1688 1273 1746 1308 alia
1763 1274 1854 1309 dictae

1103 1323 1193 1358 Sedis
1228 1323 1433 1370 indulgentia,
1460 1323 1597 1370 generali
1631 1324 1677 1358 vel
1704 1324 1853 1371 speciali,

1103 1374 1329 1420 cuiuscumque
1347 1373 1465 1408 tenoris
1499 1372 1623 1413 existat,
1659 1385 1713 1420 per
1745 1386 1852 1421 quam,

1103 1423 1322 1470 praesentibus
1351 1435 1411 1457 non
1440 1434 1620 1470 expressam
1649 1423 1695 1457 vel
1720 1423 1854 1458 totaliter

1104 1485 1165 1507 non
1191 1473 1351 1512 insertam,
1374 1472 1505 1507 effectus
1524 1484 1630 1506 earum
1654 1480 1683 1507 et
1704 1484 1852 1507 concessa

1106 1524 1135 1556 iu
1177 1523 1222 1557 eis
1262 1522 1487 1557 iurisdictionis
1526 1522 1669 1556 executio
1707 1522 1852 1569 impediri

1105 1581 1209 1619 posset
1245 1571 1483 1619 quomodolibet
1512 1571 1556 1605 vel
1593 1571 1727 1611 differri,
1755 1580 1784 1607 et
1817 1572 1855 1606 de

1103 1634 1161 1669 qua
1191 1624 1346 1669 cuiusque
1369 1629 1432 1656 toto
1460 1632 1567 1656 tenore
1594 1620 1737 1656 habenda
1761 1621 1800 1656 sit
1823 1621 1853 1655 in

1106 1671 1220 1706 nostris
1243 1672 1340 1705 literis
1363 1671 1480 1705 mentio
1502 1670 1659 1717 specialis.
1684 1671 1748 1705 Nos
1770 1671 1853 1705 enim

1104 1734 1242 1756 exnunc
1266 1721 1314 1755 illa
1338 1730 1367 1755 et
1389 1732 1610 1767 quaecumque
1632 1720 1703 1765 alia,
1725 1733 1806 1768 quae
1825 1721 1854 1754 in

1105 1771 1246 1805 futurum
1271 1783 1324 1817 per
1355 1783 1411 1805 nos
1432 1770 1478 1805 vel
1501 1769 1619 1805 Sedem
1639 1769 1855 1816 Apostolicam

1104 1820 1343 1868 quomodolibet
1366 1820 1495 1854 concedi
1534 1828 1564 1853 ot
1592 1820 1705 1858 statui,
1728 1819 1855 1855 decerni

1107 1871 1150 1904 rel
1179 1870 1314 1905 ordinari
1339 1868 1515 1916 contigerit,
1538 1878 1643 1904 contra
1670 1869 1857 1912 Clementis,

1105 1920 1239 1966 Eugenii
1262 1920 1458 1966 aliorumque
1483 1918 1763 1966 praedecessorum
1782 1932 1857 1966 prae-

1105 1971 1259 2004 dictorum
1283 1978 1313 2003 et
1334 1970 1546 2016 praesentium
1571 1969 1729 2004 literarum
1749 1969 1856 2004 huius-

1108 2020 1189 2054 modi
1206 2028 1359 2063 tenorem,
1380 2031 1500 2054 necnon
1514 2019 1538 2053 si
1555 2031 1647 2053 secus
1665 2031 1762 2065 snper
1777 2018 1824 2053 liis
1839 2031 1855 2053 a

1106 2082 1278 2117 quoquam,
1300 2069 1410 2117 quavis
1425 2069 1618 2112 auctoritate,
1645 2069 1782 2103 scienter
1808 2069 1854 2102 vel

1107 2120 1295 2165 ignoranter,
1329 2119 1472 2154 attentari
1506 2118 1683 2164 contigerit„
1706 2118 1791 2153 irrita
1826 2125 1856 2152 et

1107 2169 1210 2203 inania
1246 2169 1427 2216 nulliusque
1462 2168 1581 2202 roboris
1618 2168 1664 2202 vel
1705 2168 1854 2203 momenti

1107 2232 1175 2253 esse
1199 2219 1410 2253 decernimus.

1157 2269 1176 2315 ξ
1203 2271 1259 2303 ⁰20.
1289 2268 1326 2303 Et
1351 2269 1423 2315 quia
1447 2267 1571 2301 difficile
1593 2267 1671 2302 foret
1698 2275 1750 2301 etc.

1156 2321 1255 2365 5⁶21.
1279 2318 1361 2352 Nulli
1385 2329 1460 2363 ergo
1481 2325 1533 2351 etc.

1156 2369 1188 2403 Si
1212 2369 1284 2415 quis
1305 2375 1408 2401 autem
1431 2374 1484 2401 etc.

1157 2418 1271 2452 Datum
1295 2417 1414 2451 Romae
1437 2416 1518 2463 apud
1542 2415 1692 2451 Sanctum
1715 2415 1855 2459 Petrum,

1108 2480 1190 2502 anno
1227 2467 1454 2501 incarnationis
1481 2467 1656 2501 dominicae
1690 2465 1856 2500 millesimo

1108 2517 1420 2564 quadringentesimo
1459 2517 1690 2562 septuagesimo
1722 2523 1854 2561 quarto.

1110 2567 1210 2614 pridie
1244 2565 1393 2601 kalendas
1425 2566 1627 2613 septembris,
1654 2565 1855 2613 pontificatus

1109 2625 1205 2651 nostri
1229 2628 1310 2650 anno
1333 2627 1376 2650 tv.

1142 2673 1203 2703 Dat.
1223 2674 1268 2703 die
1289 2673 1319 2703 31
1341 2673 1457 2712 augusti
1476 2673 1560 2708 1474,
1579 2672 1825 2712 pontif.ann01v.

1861 277 1908 302 An.
1926 276 1953 301 C.
1975 277 2039 303 t't7tt

1883 2270 2004 2297 Transump,
2029 2271 2055 2291 fi-

1870 2302 1914 2322 deti⁴

1882 2341 1968 2362 Sanctio
2000 2347 2053 2369 poe-

1870 2372 1931 2393 natis,
