2281 3251
109 252 160 278 An.
181 252 210 279 C.
227 254 287 280 tb'tt

120 1544 235 1570 Dignitates
264 1546 282 1564 in

99 1581 154 1595 noia
171 1576 283 1601 collegiata

101 1607 195 1631 ordinum

120 2307 257 2327 obstantibus

143 2338 237 2363 derogat.

963 258 1069 280 ltrtt's

305 319 432 342 mensae
454 308 623 355 episcopali
646 308 837 344 Salutiarum
860 311 951 346 ctiam
983 324 1055 358 pcr-

306 365 398 402 pctuo
411 357 605 404 applicamus
615 360 906 405 etappropriamus,
916 360 955 395 ita
968 361 1053 407 quod

305 408 394 441 liceat
408 418 446 441 ex
462 418 547 441 nunc
560 407 709 454 episcopo
720 408 1055 457 Salutiarnm,quierit

305 468 360 503 pro
372 463 524 503 tempore,
537 457 730 502 corporalem
748 459 980 505 possessionem
999 459 1055 494 bo-

306 517 416 540 norum
447 506 626 540 monasterii
649 515 679 541 et
701 507 874 543 decanatus
900 521 935 543 ac
964 522 1055 556 prae-

304 554 498 589 ‹lictorumet
510 554 632 590 illorum
654 556 769 591 iurium
785 558 940 599 omnium,
955 570 1009 604 per
1022 571 1054 593 sc

305 603 352 638 vel
370 604 465 638 alium
489 616 543 639 seu
566 604 655 650 alios,
676 607 800 653 propria
814 608 1002 642 auctoritate
1017 608 1055 642 li-

305 653 377 688 hcre
399 653 650 700 apprehendere3
663 663 692 689 et
709 657 864 691 translatis
885 657 1007 692 dilectis
1024 657 1054 691 in

303 702 430 737 Christo
465 703 588 738 filiabus
625 704 781 739 abbatissa
808 713 838 740 et
865 706 1056 741 monialibus

302 751 376 787 ‹licti
406 753 585 787 monasterii
608 754 645 788 ad
669 754 753 788 aliud
782 755 827 789 vel
851 755 908 790 alia
937 767 1055 790 mona—

302 801 396 836 steria
412 802 554 836 eiusdem
576 802 722 848 Ordinis,
746 804 796 838 ubi
814 804 980 839 benevolas
999 805 1055 838 in-

303 851 443 885 venerint
470 852 680 898 receptrices,
707 864 761 887 scu
791 865 861 887 sese
889 853 1055 888 transferre

302 900 468 941 voluerint,
484 908 636 935 reservata
664 902 721 945 eis,
744 902 845 948 quoad
874 903 1004 937 vixerint
1024 903 1053 937 in

300 949 385 983 dicto
402 950 641 993 monasterio,et
656 952 809 997 assignata
826 964 964 998 congrua
980 965 1055 999 por—

301 998 385 1033 tione
405 1010 441 1033 ex
464 998 619 1033 fructibus
634 999 707 1035 dicti
725 1002 906 1036 monasterii
930 1014 986 1048 pro
1000 1014 1054 1037 ea-

300 1060 368 1082 rum
390 1048 471 1083 victu
490 1056 519 1082 et
542 1049 653 1083 vestitu
680 1062 715 1084 ac
735 1050 992 1094 necessitatibus,
1015 1051 1052 1085 ad

301 1097 418 1131 bonum
449 1106 479 1131 et
501 1097 587 1144 pium
611 1098 775 1133 arbitrium
804 1099 964 1146 generalis
986 1100 1054 1135 Or-

299 1146 380 1180 dinis
400 1146 539 1192 ipsorum
552 1157 581 1182 et
596 1148 668 1182 dicti
685 1149 826 1195 episcopi
847 1149 1052 1190 Salutiarum,

299 1196 352 1242 qui
369 1208 424 1242 pro
440 1204 581 1242 tempore
607 1197 675 1240 erit,
699 1198 837 1244 reliquos
859 1199 980 1233 fructus
996 1199 1054 1234 bo-

300 1256 424 1285 norum,
443 1252 506 1279 tam
530 1247 710 1281 monasterii
733 1259 826 1294 quam
839 1248 1010 1283 decanatus
1023 1257 1053 1283 et

299 1293 497 1340 praediorum
522 1295 770 1341 praedictorum,
786 1297 814 1330 in
834 1309 910 1332 suos
924 1306 953 1332 et
968 1310 1054 1332 men-

299 1355 351 1377 sae
378 1343 568 1390 episcopalis
605 1344 796 1380 Salutiarum
822 1346 1050 1393 praedictarum

300 1404 376 1427 usus
398 1401 429 1427 et
457 1393 619 1428 utilitatem
643 1403 838 1437 convertere,
860 1396 999 1431 cuiusvis
1014 1397 1052 1431 li-

298 1442 399 1476 centia
422 1454 518 1488 super
540 1443 599 1477 hoc
627 1444 756 1479 minime
785 1445 946 1492 requisita.

346 1491 366 1537 S
387 1494 420 1526 4.
443 1492 484 1526 Et
509 1492 640 1539 insuper
661 1494 831 1529 statuimus
853 1502 883 1529 et
906 1495 1051 1530 decerni-

300 1553 370 1575 mus
396 1541 481 1587 quod
513 1542 806 1588 archidiaconatus,
829 1544 882 1591 qui
911 1545 940 1578 in
969 1544 1050 1579 dicta

297 1590 429 1625 ccclesia
457 1590 619 1638 collegiata
650 1593 788 1627 secunda
817 1593 991 1638 existebat,
1020 1595 1049 1628 in

299 1640 367 1686 ipsa
389 1652 476 1674 nunc
497 1649 598 1676 erecta
622 1641 813 1687 cathedrali,
829 1650 900 1689 post
915 1644 1050 1690 pontifi—

297 1688 395 1723 calem
431 1690 541 1734 maior,
576 1698 605 1725 et
632 1691 711 1726 aliae
745 1691 913 1737 dignitates
939 1693 1050 1728 ordine

298 1750 355 1773 suo
382 1738 524 1773 similiter
548 1739 578 1773 in
608 1740 675 1786 ipsa
702 1740 871 1775 cathedrali
896 1741 1049 1787 ecclesia,

297 1787 530 1835 duodecimque
542 1790 759 1830 canonicatus,
775 1798 805 1825 ct
823 1790 951 1825 totidem
971 1804 1050 1837 prae-

298 1836 418 1872 bcndae
432 1846 463 1871 et
481 1837 540 1872 alia
564 1838 716 1873 beneficia
745 1840 844 1886 ipsius
867 1840 1049 1886 collegiatae

298 1886 447 1921 ccclesiae
470 1886 509 1921 de
526 1895 629 1922 cetero
652 1888 713 1922 sint
736 1889 766 1922 in
792 1889 858 1935 ipsa
880 1890 925 1924 sic
948 1898 1049 1925 erecta

298 1935 469 1970 cathedrali
496 1937 646 1978 ecclesia;
672 1945 702 1972 et
724 1938 998 1974 archidiaconatus
1020 1947 1049 1974 ct

297 1984 376 2019 aliae
398 1985 567 2031 dignitates
599 1998 635 2021 ac
662 1988 866 2022 canonicatus
895 1996 925 2023 et
956 2000 1048 2035 prae-

298 2034 418 2069 bendae
440 2047 476 2070 ac
498 2035 648 2071 beneficia
670 2037 881 2072 ecclesiastica
896 2065 905 2082 ,
929 2038 959 2072 in
983 2038 1048 2085 ipsa

296 2096 386 2123 antea
408 2089 573 2136 collegiata
594 2090 738 2135 ecclesia,
765 2104 848 2126 nunc
876 2092 979 2126 dictae
994 2104 1047 2127 ca-

297 2142 447 2178 thedralis
465 2143 617 2179 ecclesiae
639 2152 762 2180 erectae
786 2146 991 2181 nominentur
1020 2154 1049 2180 et

297 2198 358 2232 sint
380 2206 409 2232 et
431 2209 502 2233 esse
523 2205 723 2233 censeantur.

345 2251 366 2299 S
392 2256 425 2287 5.
456 2252 527 2287 Non
559 2252 758 2288 obstantibus
791 2253 1049 2300 quibuscumque

297 2306 469 2353 privilegiis
491 2314 521 2341 et
545 2306 689 2351 indultis,
712 2307 913 2342 monasteriis
935 2315 965 2342 et
987 2307 1049 2342 Or-

297 2359 362 2393 ‹lini
387 2359 602 2406 Cisterciensi,
629 2374 753 2397 necnon
775 2361 977 2402 Taurinensi,
995 2360 1048 2395 Al-

298 2413 386 2448 bensi
409 2422 439 2449 et
466 2414 592 2450 Astensi
620 2416 777 2463 episcopis
800 2416 966 2463 praefatis,
988 2414 1048 2450 sub

297 2467 552 2516 quibuscumque
592 2470 754 2505 tenoribus
788 2479 818 2505 et
845 2469 1048 2517 expressione

299 2521 464 2558 verborum
489 2524 649 2559 concessis
667 2524 853 2571 privilegiis,
875 2523 993 2571 quibus
1013 2534 1049 2558 e-

299 2577 413 2622 tiamsi,
431 2590 486 2625 pro
501 2577 624 2613 illorum
645 2578 812 2614 sufficienti
832 2578 1047 2625 derogatione,

298 2631 336 2666 dc
366 2631 425 2667 illis
460 2644 635 2682 eorumque
663 2634 735 2668 totis
766 2633 926 2669 tenoribus
949 2644 1047 2680 prae-

1733 253 1796 284 511

1099 313 1241 347 ‚sontibus
1268 315 1413 359 specialis
1435 322 1464 348 et
1486 326 1630 361 expressa
1655 317 1773 350 mentio
1802 317 1853 351 lia-

1099 362 1199 396 lwntla
1228 364 1318 402 l'orct,
1343 363 1402 397 illis
1425 363 1499 398 alias
1517 364 1547 398 in
1570 377 1627 399 suo
1651 365 1761 399 robore
1780 378 1850 411 per·

1099 413 1255 446 iiiansuris
1272 439 1279 449 ,
1308 412 1366 446 hac
1395 413 1460 447 vice
1487 413 1649 448 dumtaxat
1671 415 1851 461 specialiter

1098 470 1125 494 vt
1153 474 1302 508 expresse.
1329 462 1532 508 derogamus,
1560 463 1739 510 ceterisque
1767 476 1851 499 con—

1099 510 1200 544 trariis
1226 511 1493 558 quibuscumque.

1147 559 1229 593 Nulli
1253 572 1328 604 crgo
1354 569 1408 594 etc.

1099 259 1118 280 ll
1144 259 1190 280 ΙΨ.

1146 609 1260 643 Datum
1285 609 1405 644 Romae
1424 610 1507 656 apud
1531 610 1682 645 Sanctum
1707 611 1849 652 Petrum,

1098 670 1180 692 aimo
1208 657 1440 693 Incarnationis
1471 660 1647 695 dominicae
1681 661 1850 696 millesimo

1098 707 1350 752 quingentesimo
1378 709 1570 753 undecimo,
1597 718 1708 756 quarto
1736 710 1850 745 kalen-

1101 757 1155 790 das
1184 757 1387 801 novembris,
1419 758 1619 804 pontificatus
1648 760 1744 794 nostri
1768 772 1850 795 anno

1098 813 1217 839 octavo.

1130 867 1190 897 Dat.
1207 867 1253 897 die
1269 867 1307 897 020
1322 868 1451 898 octobris
1470 869 1554 906 1511,
1571 874 1648 908 pont.
1664 880 1740 900 anno
1756 879 1815 901 vnt.

1400 1017 1529 1053 XXXV.

1099 1099 1273 1132 Declaracio
1302 1100 1550 1133 z‘urisdiccionum
1579 1101 1696 1134 Vicarii
1719 1103 1846 1145 Papae,

1146 1148 1379 1187 Gubernatoris,
1394 1150 1556 1183 Auditori's
1574 1150 1729 1189 Gamerae,
1749 1153 1849 1185 Sena-

1144 1198 1218 1230 toris
1240 1198 1434 1242 aliorumque
1456 1199 1593 1232 iudicum
1621 1200 1733 1233 Curiae
1754 1200 1848 1245 Capi-

1144 1247 1213 1280 zolii
1237 1259 1273 1280 ac
1301 1248 1480 1282 Marescalli
1508 1248 1598 1282 Urbis
1625 1251 1680 1292 (t).

1364 1325 1579 1356 SUMMARIUM

1094 1386 1262 1417 Exordium.
1279 1405 1318 1410 —
1344 1389 1369 1417 vl.
1388 1388 1480 1418 Causa
1505 1389 1594 1418 huius
1618 1389 1848 1420 constitutionis.

1132 1448 1172 1453 —
1193 1432 1220 1461 ΕΞ.
1239 1432 1402 1462 Declaratio
1426 1433 1480 1462 sori
1499 1433 1606 1463 civium
1631 1438 1659 1463 et
1683 1434 1848 1464 incolarum

1132 1492 1171 1497 ——
1192 1476 1219 1505 3.
1247 1476 1487 1516 Clericorumque
1511 1477 1724 1515 Romanorum,
1755 1494 1795 1501 —
1820 1480 1848 1509 4.

1133 1519 1288 1549 Laicorum
1312 1520 1399 1550 etiam
1427 1521 1664 1560 delinquentium
1689 1526 1716 1551 et
1746 1523 1848 1553 curia-

1132 1564 1214 1594 lium.
1226 1581 1265 1586 —
1277 1565 1303 1594 5.
1316 1565 1489 1604 Appellatur
1501 1575 1515 1595 a
1534 1566 1710 1596 marescallo
1723 1567 1759 1596 ad
1773 1568 1806 1597 A.
1817 1567 1848 1597 C.

1131 1627 1171 1632 —-
1188 1610 1214 1639 ὃ.
1234 1610 1445 1640 Gubernatoris
1463 1610 1551 1640 Urbis
1571 1611 1748 1641 iurisdictio.
1763 1629 1802 1634 -
1821 1613 1847 1642 7.

1132 1654 1279 1684 Officialcs
1296 1654 1383 1684 Urbis
1399 1660 1474 1684 stent
1493 1656 1666 1695 syndicatui.
1685 1673 1723 1677 —
1739 1656 1766 1686 8.
1786 1657 1846 1696 Ap-

1132 1698 1249 1736 pellatio
1268 1699 1296 1727 in
1308 1698 1393 1728 Curia
1405 1698 1474 1737 Cap.
1495 1700 1529 1728 atl
1547 1709 1634 1738 quem
1646 1700 1741 1730 detur.
1757 1717 1797 1723 ·-
1816 1702 1845 1731 9.

1131 1741 1323 1771 Executorum
1343 1751 1457 1772 merces
1475 1743 1650 1773 declaratur.
1666 1761 1705 1765 —
1720 1745 1767 1775 10.
1783 1744 1847 1774 Alia

1133 1786 1292 1816 tribunalia
1318 1786 1407 1816 iudic.
1435 1787 1653 1816 ordinariorum
1683 1788 1846 1827 prohiben-

1133 1835 1187 1860 tur.
1220 1831 1327 1860 -=11.
1356 1830 1511 1861 Clausulae
1535 1832 1781 1870 praeseri-ativae.
1810 1849 1847 1854 —

1132 1875 1178 1904 11⁹2.
1202 1874 1296 1904 Poena
1321 1875 1615 1905 contravenientium.
1634 1893 1673 1898 —
1696 1876 1742 1906 13.
1758 1876 1848 1907 Dero-

1131 1919 1208 1958 gatio
1231 1919 1457 1950 contrariorum.

1161 1999 1248 2028 Iulius
1276 2000 1420 2036 episeopus
1439 2007 1534 2029 servus
1559 2008 1700 2030 servorum
1714 2001 1772 2035 Dei,

1226 2050 1260 2077 ad
1289 2051 1451 2085 perpetuam
1478 2050 1520 2078 rei
1543 2051 1711 2080 memoriam.

1140 2122 1239 2157 Decet
1256 2123 1436 2158 Romanum
1460 2124 1660 2169 Pontificem,
1685 2136 1723 2159 ex
1737 2124 1844 2159 debito

1091 2172 1139 2206 sui
1156 2173 1320 2218 pastoralis
1338 2173 1429 2208 officii
1449 2174 1640 2220 prospicere,
1656 2182 1691 2208 ut
1714 2174 1844 2221 ubique,

1094 2223 1278 2268 praesertim
1311 2223 1341 2256 in
1377 2223 1433 2257 hac
1464 2223 1544 2258 alma
1571 2223 1657 2258 Urbe
1678 2224 1726 2267 (ad
1749 2236 1843 2271 quam

1094 2283 1148 2317 pro
1163 2271 1280 2306 iustitia
1296 2279 1379 2306 totus
1394 2272 1480 2307 orbis
1502 2272 1657 2316 confluit),
1677 2285 1728 2312 ne,
1748 2285 1844 2320 prop-

1092 2329 1137 2355 ter
1163 2321 1264 2356 varios
1286 2321 1480 2356 diversorum
1515 2322 1655 2357 iudicum
1688 2331 1717 2357 et
1740 2322 1843 2358 tribu-

1093 2369 1209 2405 nalium
1232 2383 1408 2406 concursus
1423 2399 1431 2411 ‚
1457 2371 1496 2406 ad
1525 2372 1625 2407 varias
1653 2379 1683 2407 et
1705 2372 1844 2407 diversas

1093 2419 1282 2465 procedendi
1319 2421 1452 2465 formas,
1480 2421 1663 2468 praesertim
1688 2434 1843 2469 pauperes

1092 2468 1259 2515 litigantes,
1276 2470 1304 2504 in
1329 2482 1439 2505 eorum
1464 2469 1548 2505 bono
1571 2471 1640 2505 iure
1666 2470 1842 2515 laedantur,

1091 2519 1144 2553 sed
1170 2527 1202 2553 ut
1224 2519 1353 2554 cuilibet
1376 2519 1424 2554 ius
1446 2532 1540 2554 suum
1563 2519 1719 2567 explicite,
1738 2532 1842 2566 qnan-

1092 2576 1156 2603 tum
1173 2568 1323 2615 possibile
1345 2568 1396 2609 sit,
1419 2569 1580 2611 reddatur,
1602 2577 1632 2604 et
1653 2569 1842 2604 iurisdictio·

1125 2639 1164 2674 (ι)
1184 2639 1260 2666 Edita
1279 2640 1312 2666 A.
1333 2639 1367 2667 n.
1383 2639 1461 2666 1512.

1868 265 1913 289 An.
1933 264 1962 290 C.
1984 266 2047 291 1:312

1892 2135 2011 2157 Exordium.
