2281 3251
68 309 116 336 An.
131 306 162 336 C.
180 307 249 336 ¹520

310 363 385 410 55.
410 364 450 398 Et
480 363 594 399 deinde
624 367 908 413 supplicationibus
940 376 1013 403 tunc

73 418 192 445 Orandiquss
201 423 249 454 1¹³9-
263 412 353 447 ducis
367 421 397 447 et
408 413 541 448 ducissae
559 414 730 450 Britanniae
744 417 924 461 inclinatus,
940 432 1011 465 prze-

65 450 249 508 ’,1301ῗῖῧῖῗῆᾞῖ
264 462 358 496 sutum
383 462 570 497 Psalterium
600 477 653 499 seu
684 466 810 500 modum
835 467 942 501 orandi
967 480 1012 502 ea-

65 512 248 563 Ἣξίἷῡῑξζιξὲζζ
263 510 334 545 dein
357 513 544 546 auctoritate
566 515 762 560 approbavit,
788 515 941 563 illumque
964 524 1010 550 to-

63 549 90 594 In
105 557 181 594 in'eius
196 579 247 594 con-
262 560 424 594 lerandum
436 561 558 605 fore,ac
571 564 694 598 cunctis
707 564 853 599 fidelibus
867 578 904 599 co
918 566 1011 600 modo

64 604 181 625 “numm''
261 621 350 644 orare
377 610 471 645 licere
499 611 637 657 decrerit
663 621 693 647 et
721 613 898 655 declaravit;
923 627 956 649 ac
981 623 1011 649 ut

260 670 372 694 omnes
399 668 428 694 et
455 659 569 706 singuli
597 661 818 697 christifideles
850 664 887 698 ad
915 663 1011 698 dero-

261 708 355 742 tionis
376 721 470 755 opera
493 718 523 744 et
545 709 583 744 ad
607 710 726 745 dictum
748 712 877 746 modum
901 713 1009 747 orandi

260 756 456 804 frequentius
472 758 709 802 inducerentur,
733 761 886 795 universis
899 769 929 795 et
943 762 1010 796 sin-

258 807 340 852 gulis
350 806 621 851 christifidelibus,
637 810 731 844 modo
752 810 909 855 praedicto
923 823 1010 846 orare

259 855 448 897 volentibus,
476 857 620 901 ubilibet,
643 870 678 893 ac
701 868 775 894 tuuc
798 868 827 893 et
851 872 906 905 pro
930 868 1010 894 tem—

259 917 334 950 pore
356 906 582 947 existentibus,
607 919 662 954 pro
684 908 822 954 qualibet
845 909 1010 955 vice,qua,

258 954 341 988 sicut
370 956 607 1001 praemittitur,
634 966 771 1000 orarent,
788 970 845 1003 pro
871 958 1010 1005 qualibet

256 1003 479 1050 quinguagena
513 1004 639 1051 praefati
668 1006 834 1047 Psalterii,
870 1007 1010 1054 quinque

256 1064 356 1087 annos
372 1060 402 1087 et
421 1053 548 1088 totidem
566 1054 781 1101 quadragenas
801 1056 840 1090 de
862 1056 1010 1091 iniunctis

256 1103 459 1148 poenitentiis
482 1103 511 1136 in
531 1103 667 1138 Domino
688 1104 845 1149 relaxavit,
870 1114 962 1151 prout
978 1106 1008 1139 iu

256 1151 358 1197 ipsius
384 1151 463 1186 Sixti
489 1152 738 1198 praedecessoris
761 1154 857 1187 literis
872 1154 1011 1201 desuper

255 1200 420 1241 confectis,
434 1213 513 1248 quas
532 1211 683 1248 perpetuo
697 1202 810 1237 durare
827 1203 936 1244 voluit,
950 1204 1010 1250 ple-

256 1261 328 1284 mus
349 1258 541 1285 continetur.

305 1302 320 1342 ἕ
344 1302 376 1333 6.
399 1299 440 1334 Et
462 1299 641 1334 successive
665 1300 734 1346 piae
754 1301 924 1335 memoriae
951 1301 1009 1335 In—

55 1348 142 1403 n¹¹¹¹¹0⁶·
159 1349 242 1372 V1112-
256 1348 422 1383 nocentius
444 1348 527 1395 Papa
554 1348 643 1392 VIII,
673 1350 765 1384 etiam
790 1350 1010 1396 praedecessor

57 1387 95 1435 ὅ
109 1382 187 1410 tndutg.
204 1384 241 1405 ‘¹⁰‘
256 1404 375 1442 noster,
387 1410 457 1432 cum
471 1410 554 1432 anno
568 1397 687 1432 domini
704 1410 918 1439 tuanxxxnt,
933 1399 1010 1434 alias

254 1458 468 1492 MCDLxxxw,
491 1460 551 1481 xm
573 1447 624 1481 die
646 1449 765 1483 mensis
779 1448 927 1487 octobris,
943 1450 1010 1495 qui-

255 1496 326 1531 dam
349 1497 613 1531 Bartholomaeus
629 1497 668 1531 de
683 1497 836 1532 Comatiis
852 1498 890 1532 de
906 1498 1008 1532 Bono-

255 1546 318 1590 nia,
339 1554 413 1580 tunc
431 1546 507 1581 dicti
523 1545 654 1580 Ordinis
675 1546 832 1592 generalis
849 1547 1007 1592 magister,

254 1607 326 1630 cum
341 1595 484 1629 eiusdem
507 1594 638 1630 Ordinis
661 1595 907 1641 provincialibus
921 1597 1008 1642 capi-

253 1644 355 1678 tulum
377 1643 524 1690 generale
557 1644 586 1678 in
610 1644 691 1678 alma
714 1644 800 1679 Urbe
822 1644 1007 1689 celebraret,

252 1693 484 1728 Bartholomaei
495 1693 652 1738 generalis
669 1693 754 1728 vivae
766 1694 851 1728 vocis
866 1694 1006 1735 oraculo,

253 1743 402 1777 omnibus
420 1743 473 1790 qui
492 1752 566 1777 tunc
583 1750 671 1777 erant
688 1750 719 1776 et
745 1744 777 1777 in
801 1743 941 1778 futurum
957 1756 1007 1778 es-

252 1800 325 1826 sent
347 1791 386 1826 de
408 1792 489 1826 dicta
513 1792 781 1836 confraternitate,
808 1801 838 1826 et
861 1804 915 1838 per
930 1793 1008 1826 heb-

253 1840 421 1876 dc-madam
454 1841 595 1876 dicerent
623 1841 810 1875 Psalterium
835 1840 871 1875 Β.
894 1841 1008 1876 Mariae

252 1889 393 1936 Virginis
421 1889 629 1934 huiusmodi,
660 1890 832 1936 plenariam
863 1890 1005 1925 omnium

252 1948 455 1986 peccatorum
485 1952 615 1974 suorum
641 1940 880 1979 remissionem,
908 1940 1006 1974 semel

253 1989 285 2023 in
305 1989 366 2023 vita
390 1998 419 2024 et
441 1989 537 2023 semel
558 1989 587 2022 in
612 1989 721 2023 mortis
744 1989 890 2032 articulo,
913 1989 1006 2023 etiam

253 2038 390 2085 receptis
410 2050 464 2085 per
492 2039 597 2072 literas
623 2038 660 2072 ad
683 2037 837 2072 beneficia
860 2038 934 2072 dicti
952 2037 1006 2072 Or-

252 2087 346 2129 dinis,
368 2100 430 2122 non
460 2087 497 2122 ad
529 2097 714 2135 quaestum,
746 2087 799 2122 sed
833 2087 1008 2122 devotionis

253 2153 360 2186 causa,
381 2142 549 2185 concessit,
573 2142 611 2176 de
633 2153 694 2189 qua
717 2143 925 2177 concessione
954 2154 1007 2188 per

252 2195 357 2231 literas
391 2197 615 2231 testimoniales
643 2196 744 2243 ipsius
771 2196 1006 2232 Bartholomaei

253 2250 300 2285 sui
323 2251 434 2286 secreti
457 2250 550 2297 sigilli
581 2262 635 2285 seu
658 2250 771 2296 signati
800 2251 919 2286 usualis
946 2252 1007 2285 im-

254 2304 420 2350 pressione
442 2304 581 2339 munitas
602 2312 736 2339 constat.

302 2358 322 2406 g
345 2361 377 2393 7.
400 2358 439 2393 Et
461 2359 592 2405 insuper
614 2358 714 2393 felicis
736 2358 907 2393 memoriae
928 2358 1008 2407 Ray-

70 2421 128 2443 Auer
143 2422 199 2458 qud.
218 2422 238 2442 in
254 2412 405 2454 mundus,
433 2413 513 2448 tituli
533 2413 567 2448 S.
587 2412 703 2448 Mariae
726 2412 831 2447 Novae
846 2412 1008 2460 presbyter

57 2452 167 2511 ᾗζᾞζζζέ
176 2452 240 2506 ,iiiii-“³
254 2466 435 2511 cardinalis,
450 2475 525 2501 tunc
541 2479 596 2514 per
613 2466 815 2502 Germaniam
830 2466 931 2501 dictae
948 2466 1007 2501 Se-

58 2515 242 2573 ζζζζξζζᾱυςὲζῗ
254 2520 304 2555 dis
331 2520 466 2567 legatus,
485 2520 603 2555 eisdem
632 2520 844 2555 confratribus
867 2528 899 2554 et
928 2532 1008 2555 con-

57 2576 97 2598 ¹⁵³⁸
111 2577 220 2599 ⁰⁸d⁸¹¹¹⁰2-
254 2574 429 2615 sororibus,
442 2586 497 2622 pro
506 2574 645 2622 quolibet
660 2575 788 2615 rosario,
804 2581 929 2608 centum
940 2574 1008 2608 dies

257 2627 526 2675 indulgentiarum
549 2636 715 2676 perpetuo,
738 2636 767 2662 et
781 2628 925 2662 similiter
939 2628 1008 2674 plu-

255 2693 306 2719 res
332 2694 367 2719 ac
393 2682 508 2720 diversi
535 2682 678 2719 locorum
713 2681 862 2719 ordinarii
889 2681 1009 2729 singuli

947 315 1007 337 LEO
1031 316 1047 337 Χ
1071 316 1117 337 Pt‘.

1686 309 1753 342 759

1056 369 1284 415 indulgentiam
1301 382 1343 404 xri
1357 374 1401 414 (t)
1425 371 1546 407 dierum
1561 382 1802 413 concesserunt,

1055 427 1145 465 prout
1165 419 1256 453 etiam
1280 419 1309 453 in
1325 419 1505 467 Raymundi
1524 421 1692 456 cardinalis
1711 423 1800 468 legati

1055 480 1176 502 necnon
1205 468 1378 503 Alexandri
1417 470 1557 517 episcopi
1587 479 1615 505 et
1639 472 1744 505 nuncii
1773 481 1801 506 ct

1053 517 1284 551 ordinariorum
1314 517 1495 553 huiusmodi
1519 520 1651 566 singulis
1666 520 1802 567 desuper

1053 566 1204 600 confectis
1223 567 1320 601 literis
1343 567 1458 601 dicitur
1485 568 1610 615 plenius
1633 569 1798 604 contineri.

1101 615 1174 661 §8-
1198 614 1279 650 Cum
1303 624 1419 660 autern,
1447 617 1527 652 sicut
1555 618 1662 653 eadem
1693 619 1800 664 petitio
1831 632 2000 655 Hicmod0P0n-

1052 663 1273 709 subiungebat,
1296 665 1429 700 dilectus
1452 666 1534 701 titius
1556 667 1669 701 nobilis
1692 668 1735 702 vir
1758 663 1876 702 Io-¹“⁶¹¹
1893 665 1919 685 ‘¹⁶
1937 670 2000 692 ΡΜ·

1817 694 1920 715 dictorum
1946 701 2000 716 con-

1052 724 1150 746 annes
1166 714 1227 747 dux
1243 721 1272 747 et
1286 713 1417 748 dilectae
1435 715 1524 749 nobis
1540 716 1568 750 in
1580 717 1705 751 Christo
1720 717 1800 752 filiae
1817 725 1934 777 firinatsszue
1963 731 1999 748 re-

1818 763 1870 783 quisi
1883 763 1894 778 u
1907 773 1913 782 ,

1820 322 1870 348 An.
1883 322 1912 348 C.
1934 322 2000 349 1520

1054 761 1175 796 nobiles
1189 762 1335 797 mulieres
1348 763 1442 797 Maria
1460 764 1560 811 ipsius
1576 765 1701 800 Ioannis
1711 766 1802 802 ducis

1052 823 1182 845 consors
1207 811 1330 846 ducissa
1356 811 1541 848 Iuliacensis
1559 823 1589 849 ct
1614 815 1801 860 Montensis,

1051 872 1086 893 ac
1108 860 1217 894 Sibilla
1243 861 1468 897 marchionissa
1496 862 1800 910 Brandeburgeusis,

1051 909 1152 943 dictae
1179 909 1295 944 Mariae
1322 910 1467 945 ducissae
1495 913 1627 958 genitrix
1645 940 1653 956 ,
1677 926 1799 948 necnon

1051 958 1187 992 dilectus
1209 960 1302 993 etiam
1333 959 1412 993 filius
1431 963 1579 1005 magister
1595 962 1727 996 Ioannes
1750 963 1801 997 In-

1051 1007 1250 1052 genolzelsis,
1268 1009 1463 1055 praepositus
1479 1010 1638 1045 Ecclesiae
1648 1011 1682 1046 S.
1695 1012 1802 1046 Victo-

1052 1055 1304 1091 risColoniensis
1321 1058 1485 1098 dioecesis,
1502 1059 1662 1094 literarum
1678 1071 1800 1107 aposto-

1052 1104 1181 1139 licarum
1198 1107 1324 1140 maioris
1343 1108 1572 1153 praesidentiae
1591 1109 1800 1155 abbrevIator,

1051 1166 1172 1188 necnon
1189 1156 1330 1190 notaritis
1344 1156 1479 1203 scriptor
1492 1157 1709 1202 etfamiliaris,
1724 1171 1800 1194 con-

1052 1203 1159 1237 tinuus
1174 1205 1396 1239 commensalis
1415 1215 1531 1244 noster,
1554 1206 1595 1241 ob
1608 1207 1799 1253 singularem

1050 1259 1080 1285 et
1102 1252 1270 1291 sinceram,
1293 1266 1386 1300 quam
1410 1255 1447 1288 ad
1465 1256 1563 1301 ipsam
1584 1256 1800 1291 intemeratam

1050 1299 1213 1345 Virginem
1228 1302 1332 1336 ferunt
1347 1303 1561 1345 devotionem
1577 1316 1611 1339 ac
1626 1305 1699 1339 dicti
1715 1307 1801 1351 prior

1051 1358 1079 1383 et
1107 1350 1281 1385 confratres
1308 1352 1459 1398 cupiant,
1492 1354 1597 1387 omnia
1623 1362 1653 1388 et
1679 1354 1801 1400 singula

1052 1399 1232 1445 praemissa,
1256 1401 1350 1435 etiam
1374 1413 1430 1447 per
1452 1413 1509 1435 nos
1531 1402 1710 1449 approbari,
1725 1416 1802 1438 con-

1051 1448 1166 1482 firmari
1191 1458 1220 1483 et
1246 1449 1399 1484 innovari.
1422 1450 1528 1492 Quare
1546 1463 1602 1497 pro
1627 1460 1723 1497 parte,
1740 1461 1800 1487 tam

1051 1496 1177 1531 Ioannis
1211 1498 1301 1532 ducis
1323 1507 1353 1532 et
1374 1498 1489 1533 Mariae
1512 1500 1657 1535 ducissae
1689 1514 1723 1536 ac
1751 1502 1803 1535 Si—

1050 1546 1415 1591 hillaemarchionissae,
1427 1560 1550 1582 necnon
1567 1549 1693 1584 Ioannis
1710 1563 1802 1596 prae-

1051 1596 1157 1641 positi,
1180 1608 1274 1642 quam
1298 1597 1412 1642 prioris
1433 1605 1463 1631 et
1491 1597 1618 1632 fratrum
1641 1598 1801 1634 Praedica-

1051 1654 1151 1678 torum
1191 1645 1280 1679 nobis
1311 1645 1367 1679 fuit
1396 1646 1556 1681 humiliter
1589 1648 1800 1694 supplicatum

1051 1701 1082 1727 ut
1110 1695 1280 1740 praemissa
1308 1695 1413 1729 omnia
1436 1703 1466 1729 et
1487 1696 1623 1741 singula,
1651 1709 1706 1742 pro
1730 1697 1801 1732 illo-

1050 1755 1118 1776 rum
1144 1743 1347 1777 subsistentia
1361 1744 1502 1789 firmiori,
1515 1745 1702 1791 approbare,
1717 1759 1803 1780 con-

1049 1791 1173 1826 firmare
1192 1801 1221 1826 et
1244 1793 1404 1836 innovare,
1420 1793 1560 1840 aliasque
1575 1795 1603 1828 in
1621 1796 1802 1840 praemissis

1049 1850 1227 1887 opportune
1252 1841 1415 1887 providere
1442 1843 1481 1877 de
1504 1843 1697 1889 benignitate
1721 1856 1800 1891 apo-

1048 1890 1156 1924 stolica
1175 1890 1390 1935 dignaremur.

1097 1939 1117 1985 S
1144 1943 1176 1974 9.
1201 1940 1265 1974 Nos
1296 1940 1400 1985 igitur,
1421 1940 1480 1987 piis
1509 1942 1588 1976 votis
1616 1942 1661 1976 eis
1689 1943 1719 1976 in
1744 1943 1801 1978 hac

1050 1997 1136 2035 parte
1165 1998 1293 2035 paterne
1315 1999 1504 2029 annuentes,
1520 1989 1703 2026 huiusmodi
1720 2004 1799 2038 sup—

1051 2038 1273 2084 plicationibus
1295 2039 1448 2079 inclinati,
1471 2041 1654 2075 auctoritate
1677 2049 1801 2087 aposto-

1049 2089 1120 2132 lica,
1142 2096 1249 2123 tenore
1273 2090 1497 2135 praesentium,
1512 2090 1798 2125 confraternitatem

1049 2150 1083 2172 ac
1106 2139 1200 2172 ritum
1220 2138 1284 2172 sive
1307 2138 1436 2173 modum
1464 2139 1571 2173 orandi
1595 2139 1798 2184 huiusmodi,

1049 2199 1172 2222 necnon
1202 2199 1312 2222 omnes
1344 2196 1374 2221 et
1400 2188 1539 2233 singulas
1574 2188 1798 2235 indulgentias,

1049 2244 1109 2271 tam
1135 2249 1190 2284 per
1216 2236 1340 2271 Sixtum
1365 2245 1395 2271 et
1416 2237 1635 2272 Innocentium
1664 2238 1798 2285 praede-

1048 2298 1202 2331 cessores,
1226 2299 1320 2333 quam
1349 2286 1498 2332 legatum,
1518 2287 1670 2321 nuncium
1693 2295 1723 2322 et
1746 2300 1798 2322 or-

1049 2335 1187 2370 dinarios
1207 2336 1392 2384 praedictos,
1409 2344 1440 2370 ut
1456 2336 1640 2382 praefertur,
1665 2348 1799 2372 conces-

1049 2398 1100 2420 sas
1123 2394 1152 2420 et
1167 2386 1304 2431 desuper
1321 2385 1478 2420 confectas
1502 2385 1619 2430 literas,
1642 2398 1677 2421 ac
1692 2387 1796 2420 omnia

1049 2443 1079 2469 et
1101 2435 1224 2481 singula
1254 2435 1283 2469 in
1320 2435 1364 2469 eis
1398 2442 1542 2469 contenta
1571 2435 1797 2481 approbamus,

1049 2484 1272 2519 confirmamus
1295 2492 1324 2518 et
1349 2485 1554 2527 innovamus,
1578 2485 1726 2531 ipsasque
1750 2485 1798 2518 in-

1048 2534 1225 2580 dulgentias
1248 2533 1286 2567 de
1303 2545 1385 2567 novo
1408 2541 1562 2579 perpetuo
1578 2533 1796 2568 concedimus.

1098 2584 1117 2630 S
1142 2588 1196 2618 to.
1220 2583 1260 2617 Et
1283 2591 1316 2616 ut
1337 2582 1471 2616 loannes
1487 2582 1551 2616 dux
1573 2590 1603 2616 et
1624 2582 1719 2617 Maria
1742 2582 1798 2617 du-

1049 2634 1129 2668 cissa
1157 2641 1184 2667 et
1212 2632 1322 2667 Sibilla
1346 2631 1584 2676 marchionissa,
1607 2643 1643 2666 ac
1665 2631 1798 2668 Ioannes
1834 2635 1977 2662 ¹¹¹⁴¹¹¹⁸⁶¹¹¹¹⁸⁵

1084 2694 1123 2732 (t)
1141 2694 1225 2731 Ripoll
1241 2695 1301 2730 legit
1318 2695 1521 2728 quinquaqinta,
1538 2693 1577 2729 (R.
1597 2694 1647 2730 T.)-
1872 2671 1942 2695 auson

1829 1953 1901 1974 Omnia
1922 1955 2000 1976 confir-

1815 1987 1870 2007 ruat,
