2281 3251
255 272 306 299 An.
324 271 353 298 C.
374 273 439 299 tttt'r

268 680 421 701 ruet-iusim
413 681 438 699 ri-

256 715 288 731 tus
304 717 345 731 non
368 715 438 731 tuns-

256 742 342 763 lentur.

269 879 395 900 Belou-matio
413 880 438 899 de

255 911 438 930 commendatione

255 945 369 962 monaster.
387 944 423 961 etc.

269 2124 340 2146 Onon
354 2130 441 2146 eorum-

256 2157 302 2177 dem
312 2157 368 2177 elren
378 2156 442 2178 elee-

255 2193 353 2215 mosyna·
369 2190 407 2210 etc.

504 263 575 295 606
1054 271 1133 294 ΒΠΗι
1136 271 1240 294 tntum
1270 271 1434 294 nonaxon
2020 269 2070 296 An.
2087 268 2114 295 C.
2138 268 2204 295 tutu

455 338 488 363 ut
515 328 624 364 nullus
645 328 815 375 episcopus
836 334 889 361 aut
898 326 1014 381 abbas,
1037 326 1150 374 quovis
1166 327 1210 360 in-

453 387 555 414 stante
583 391 618 413 ac
647 377 838 423 riquirente,
875 376 933 410 nisi
966 376 1024 410 sibi
1056 376 1146 431 copia
1180 384 1208 410 et

455 429 584 464 facultas
607 427 763 472 legitimae
778 425 973 460 defensionis
999 426 1209 472 permittatur,

453 479 545 513 etiam
569 478 593 512 si
617 477 749 510 crimina
773 475 888 509 suerint
916 476 1049 515 uotor,ia
1073 474 1208 521 diligen-

454 535 564 575 terque
581 525 722 573 partibus
735 524 862 565 auditis
875 536 968 559 causa
989 525 1128 572 plenarie
1143 537 1209 571 pro-

454 577 522 612 bata
552 576 663 614 luerit,
687 574 798 622 privari
824 573 934 608 valeat.

503 626 522 669 ,Ξ
545 627 577 659 8.
601 624 712 680 Neque
739 623 852 670 aliquis
881 622 1039 670 praelatus
1068 623 1208 656 invitus.

455 676 511 710 nisi
536 674 604 709 aliis
635 674 726 708 iustis
755 672 1049 719 essicaciorilmsque
1077 673 1209 707 rationi-

454 725 512 759 bus
526 732 555 759 et
573 724 693 764 causis,
716 722 936 765 transferatur,
960 723 1042 756 iuxta
1073 721 1204 757 sormam

453 787 488 809 ac
511 773 673 809 decretum
702 772 825 807 concilii
849 771 1112 806 Constantiensis.

502 824 522 871 g
545 827 576 858 9.
605 822 645 858 Et
669 822 818 870 quoniam
847 833 884 856 ex
912 821 1111 856 commeudis
1134 833 1208 856 mo-

454 874 676 917 nasteriorum,
695 880 727 906 ut
750 871 896 918 magistra
921 883 1025 906 rerum
1045 871 1210 919 experien-

455 923 494 958 tia
517 922 646 969 saepius
673 921 792 962 docuit,
822 921 1009 956 monasteria
1039 921 1118 968 ipsa,
1147 929 1208 955 tam

454 973 483 1007 in
512 971 731 1019 spiritualibus
743 983 837 1018 quam
855 972 884 1004 in
905 972 1162 1018 temporalibus?
1145 983 1210 1005 nra-

453 1024 532 1057 viter
551 1022 733 1061 laeduntur,
752 1022 873 1068 quippe
894 1033 1029 1068 quorum
1053 1020 1208 1059 aedificia,

454 1072 565 1127 partim
577 1070 918 1106 eomincudatariorum
930 1070 1119 1116 negligentia
1125 1082 1210 1126 ,pa-r-

453 1122 507 1156 tim
531 1121 658 1156 ataritia
683 1120 730 1155 vel
755 1120 874 1155 incuria
897 1099 1110 1160 collaetgbuntni
1130 1129 1159 1155 ct
1179 1120 1207 1154 in

453 1171 522 1205 dies
545 1171 673 1205 divinus
695 1170 828 1205 cultus
823 1183 853 1204 tn
870 1170 918 1204 his
940 1170 1039 1216 tnagis
1058 1169 1208 1204 diminui-

453 1229 515 1264 tur,
543 1222 727 1267 passimque
755 1219 949 1266 obloquendi
982 1219 1110 1254 matoria
1135 1231 1208 1267 per-

452 1270 748 1316 sonis,praesertim
777 1269 1002 1308 saecularibus
1028 1269 1208 1315 praebetur.

453 1332 515 1354 non
544 1319 664 1366 absque
692 1318 856 1365 diguitatis
886 1319 975 1366 Apo
963 1318 1091 1353 tolicae
1117 1309 1210 1353 Sedis

453 1368 679 1409 diminutione,
694 1381 709 1403 a
724 1381 784 1416 qua
803 1368 1010 1403 commendae
1026 1368 1206 1402 huiusmodi

454 1418 717 1464 proficiscuntur:
743 1427 775 1452 ut
797 1430 907 1453 eorum
936 1418 1133 1452 indemnitati
1157 1431 1207 1453 sa-

453 1467 575 1503 lubrius
599 1467 795 1511 consulatur,
819 1467 964 1502 volumus
991 1479 1025 1502 ac
1047 1468 1210 1502 sancimus

454 1525 582 1560 ut,cum
599 1517 649 1552 illa
666 1529 722 1564 per
744 1517 866 1552 obitum
883 1516 1045 1557 abbatum,
1069 1517 1122 1564 qui
1148 1517 1209 1552 illis

454 1575 620 1614 praeerant,
635 1567 823 1607 vacaverint,
847 1565 934 1600 nullo
954 1574 1044 1614 pacto
1060 1567 1207 1613 cuiquam

453 1617 577 1664 possint
603 1616 819 1651 commendari
855 1616 926 1660 (nisi
957 1628 1012 1663 pro
1041 1628 1209 1651 conserva-

454 1667 537 1701 tione
557 1667 752 1701 auctoritatis
773 1665 976 1713 Apostolicae
998 1665 1103 1707 Sedis,
1127 1666 1208 1701 etad

452 1715 683 1751 occurrendum
699 1715 826 1750 malitiis
840 1715 923 1750 illam
939 1716 1208 1762 impugnantium,

454 1777 511 1813 pro
529 1774 707 1813 temporum
723 1765 847 1812 qualit.,
862 1765 953 1800 alitor
974 1766 1075 1809 notas,
1093 1766 1132 1800 de
1147 1765 1209 1800 sra-

454 1824 536 1850 trum
561 1816 740 1850 nostrorum
757 1816 903 1859 consilio,
919 1816 1018 1849 risum
1045 1815 1137 1849 suerit
1155 1828 1210 1850 cx-

455 1864 591 1911 pedire),
604 1864 659 1900 sed
673 1864 712 1899 de
729 1876 862 1912 persona
881 1865 1003 1906 idonea,
1020 1865 1102 1899 iuxta
1120 1878 1210 1911 prac-

453 1915 601 1962 scriptam
626 1915 896 1958 constitutionem,
919 1915 964 1949 cis
982 1915 1020 1948 ita
1046 1915 1210 1960 providea-

455 1972 523 2005 tur,
552 1973 584 1999 ut
607 1963 668 1999 illis
692 1963 798 1999 idonei
821 1964 968 2005 abbates,
993 1972 1084 2011 prout
1107 1964 1208 1999 (lecet.

455 2012 628 2060 praefuturi
651 2014 726 2048 sint.

503 2064 524 2111 S
547 2066 603 2098 10.
628 2063 671 2098 Ea
697 2076 769 2098 vcro
793 2063 994 2107 monasteria,
1018 2075 1098 2111 quae
1120 2076 1209 2099 com-

456 2118 600 2153 mendata
624 2117 750 2163 luerint,
774 2131 846 2153 eum
873 2130 928 2165 per
950 2130 1060 2153 eorum
1085 2130 1208 2153 cessum

456 2171 501 2206 vel
525 2171 704 2216 decessum,
731 2171 848 2220 quibus
875 2180 961 2206 erant
979 2172 1210 2217 commendata,

455 2225 661 2261 commendae
684 2225 870 2261 huiusmodi
899 2226 1116 2266 cessaverint,
1141 2239 1209 2261 car-

455 2279 614 2315 dinalibus
636 2280 797 2316 dumtaxat
820 2293 855 2316 ac
879 2281 1022 2328 persor-is
1050 2280 1211 2328 qualifica-

456 2334 494 2369 tis
521 2342 551 2369 et
580 2334 786 2370 benemeritis
821 2335 1037 2370 commendari
1067 2335 1209 2382 possint,

457 2388 497 2423 ita
527 2397 629 2424 tamen
650 2388 735 2436 quod
759 2401 868 2424 eorum
893 2389 1111 2424 monasterior.
1129 2401 1213 2423 com-

457 2443 656 2484 mendatarii,
679 2442 795 2489 quibus
810 2456 843 2478 ea
865 2443 903 2478 de
919 2452 1023 2478 cetero
1046 2454 1212 2477 commen—

457 2495 527 2533 data
552 2497 688 2541 suerint,
711 2498 854 2532 cuiusvis
876 2497 1055 2544 dignitatis,
1082 2496 1212 2531 lionoris

457 2559 487 2585 ct
512 2551 765 2598 praeeminentiae
793 2551 937 2591 existant,
955 2550 1079 2586 etiamsi
1106 2551 1211 2585 cardi-

457 2605 580 2640 nalatus
601 2605 720 2641 bonore
751 2613 781 2640 ct
803 2605 955 2652 dignitate
979 2605 1162 2652 fungantur,
1186 2605 1210 2639 si

458 2670 599 2694 mensam
633 2658 803 2696 habuerint
832 2667 1031 2707 separatam,
1057 2671 1092 2694 ac
1123 2670 1212 2694 seor-

1249 338 1320 360 sum
1343 337 1358 359 a
1383 337 1493 360 mensa
1521 324 1735 370 conventuali,
1763 332 1906 372 quartam
1930 337 2006 360 suae

1251 386 1379 410 mensae
1402 383 1520 422 partem
1538 387 1594 430 pro
1609 376 1837 410 instauratione
1858 373 2005 418 fabricae,

1250 436 1307 459 seu
1331 436 1387 471 pro
1410 425 1616 464 ornamentis,
1631 424 1774 460 vestibus
1794 436 1829 459 ac
1846 435 2007 470 paramen-

1251 474 1289 508 tis
1315 473 1459 509 emendis
1481 474 1730 530 sarciendisque,
1745 482 1800 510 aut
1829 485 2004 529 pauperum

1250 523 1398 558 alimonia
1426 532 1478 558 aut
1500 525 1740 565 sustentatione,
1765 533 1797 559 ut
1825 525 1926 558 maior
1943 524 2008 558 exi-

1250 581 1353 618 getae
1368 573 1514 608 suadebit
1537 573 1727 615 necessitas;
1749 574 1775 609 si
1803 585 1876 608 vero
1897 585 2005 609 mensa

1250 622 1343 657 suerit
1370 623 1577 667 communis,
1604 601 1727 658 tertiani
1753 624 1897 658 omnium
1933 623 2007 658 sru-

1250 681 1360 707 ctnum
1389 672 1463 707 dicti
1487 672 1671 708 monasterii
1699 672 1759 707 sibi
1793 672 2005 708 commendati

1251 730 1383 769 partem,
1401 734 1458 769 pro
1480 722 1671 770 supradictis
1693 721 1844 756 oneribus
1867 734 2007 770 suppor-

1251 772 1353 807 tandis
1368 779 1398 806 et
1413 771 1665 808 substentatione
1681 770 1923 815 monachorum,
1943 784 2007 808 om-

1252 821 1346 856 nibus
1373 821 1442 856 aliis
1471 821 1617 856 deductis
1643 822 1820 866 oneribus,
1854 821 2005 868 impartiri

1251 879 1430 906 teneantur.
1462 871 1510 906 Ac
1537 871 1646 906 literae
1672 883 1753 918 quae
1776 883 1873 918 super
1896 883 2009 906 mona—

1251 922 1374 955 sterior.
1403 921 1589 956 huiusmodi
1613 920 1814 956 commendis
1836 920 2009 967 expedien-

1252 979 1313 1016 tur,
1337 983 1408 1005 cum
1438 970 1578 1005 clausula
1594 970 1654 1006 boc
1670 971 1773 1018 ipsum
1797 969 1944 1018 specifice
1958 983 2010 1005 ex-

1251 1021 1407 1068 primente
1427 1020 1563 1055 debeant
1579 1020 1740 1068 expediri,
1764 1020 1920 1067 alioquin,
1937 1020 1963 1055 si
1979 1032 2009 1055 a·

1251 1071 1322 1105 liter
1345 1070 1565 1117 expediantur,
1589 1070 1707 1106 nullius
1733 1070 1797 1105 sint
1825 1069 1946 1105 roboris
1961 1069 2006 1105 vel

1251 1121 1415 1156 momenti.

1299 1170 1318 1215 >
1346 1173 1398 1204 ll.
1417 1170 1455 1204 Et
1475 1170 1625 1218 qnoniam
1642 1169 1786 1205 ecclesiis
1809 1168 2008 1214 huiusmodi,
2035 1179 2079 1200 ner
2082 1180 2164 1200 muno
2182 1179 2208 1200 a.

1249 1205 1369 1266 absque
1387 1220 1491 1267 aliqui
1511 1220 1671 1255 fructuum
1690 1219 1917 1259 diminutione,
1935 1231 2008 1265 pro·
1999 1197 2160 1262 ΣξῖἷζζᾞξῊ
2176 1215 2209 1231 ‘⁶'

1251 1269 1348 1303 sideri
1376 1270 1487 1312 dccet,
1512 1277 1544 1303 ut
1567 1278 1628 1303 tam
1653 1269 1797 1315 dignitati
1822 1268 2008 1315 praesiden-

1251 1319 1328 1353 tium
1347 1347 1354 1359 ‚
1377 1331 1471 1366 quani
1479 1297 1708 1353 ecclesiarum
1732 1327 1762 1353 et
1789 1318 2006 1353 aedificiorum

1251 1369 1428 1403 necessitati
1449 1368 1644 1407 consulatur,
1667 1367 1870 1403 decernimus
1893 1369 2009 1415 pariter

1250 1429 1286 1452 ac
1307 1418 1475 1453 statuimus
1498 1426 1543 1458 ut,
1566 1429 1663 1464 super
1690 1417 1874 1452 earumdem
1905 1417 2009 1452 eccle—

1250 1467 1368 1502 siarum
1389 1467 1553 1507 fructibus,
1569 1467 1742 1514 pensiones
1754 1467 1884 1502 minime
1901 1479 2009 1502 reser-

1252 1525 1377 1562 ventur,
1399 1517 1457 1551 nisi
1482 1530 1516 1551 cx
1547 1517 1770 1562 resignationis
1804 1528 1898 1552 causa
1921 1544 1930 1557 ‚
1957 1526 2010 1551 aut

1251 1567 1342 1601 etiam
1367 1566 1438 1606 alia,
1457 1579 1537 1614 quae
1561 1567 1592 1600 in
1621 1573 1743 1601 secreto
1766 1574 1874 1600 nostro
1902 1566 2010 1601 consi-

1251 1616 1349 1651 storio
1374 1617 1466 1657 iusta,
1495 1615 1666 1664 probabilis
1688 1623 1718 1650 et
1744 1615 1875 1651 honesta
1905 1615 2007 1651 habita

1251 1665 1356 1700 fuerit.

1300 1720 1315 1759 ξ
1343 1718 1395 1750 12.
1425 1715 1602 1750 Statuimus
1627 1727 1756 1763 quoque
1781 1723 1814 1750 ut
1835 1715 1874 1750 de
1902 1724 2009 1751 cetero
2037 1721 2210 1758 Quqebffneflei·

1253 1765 1448 1812 parochiales
1475 1765 1626 1800 ecclesiae
1648 1777 1683 1800 ac
1705 1765 1874 1811 dignitates
1901 1766 2008 1800 maio-
2024 1753 2209 1806 ξζζῗζ“,ξᾎ”’,ῗζ,““

1253 1828 1301 1850 res
1323 1823 1353 1849 et
1377 1815 1565 1863 principales
1592 1814 1717 1862 aliaque
1741 1814 1891 1850 beneficia
1912 1815 2010 1850 eccle-

1251 1865 1387 1910 siastica,
1415 1877 1549 1912 quorum
1575 1864 1709 1909 fructus,
1732 1864 1874 1899 redditus
1889 1872 1918 1899 et
1936 1877 2010 1911 pro-

1252 1923 1365 1950 ventus
1383 1915 1592 1950 ducentorum
1609 1914 1796 1949 ducatorum
1811 1914 1877 1949 auri
1895 1913 1934 1948 de
1946 1913 2010 1949 Ca-

1252 1976 1355 2008 mera,
1390 1963 1568 1999 secundum
1597 1976 1798 1999 communem
1828 1963 2009 1998 extimatio-

1253 2026 1338 2054 nem,
1355 2015 1490 2049 valorem
1507 2026 1651 2049 annuum
1669 2025 1730 2048 non
1746 2013 1946 2048 constituunt
1962 2013 2008 2048 vel

1251 2065 1422 2110 attingunt,
1450 2076 1572 2099 necnon
1597 2062 1777 2110 hospitalia,
1806 2063 2009 2108 leprosariae,

1252 2114 1448 2148 xenodochia
1475 2115 1711 2160 cuiuscumque
1729 2113 1853 2156 valoris,
1875 2124 1956 2159 quae
1969 2111 2008 2147 ad

1253 2180 1427 2216 pauperum
1445 2181 1535 2203 usum
1552 2175 1583 2203 et
1600 2167 1748 2203 alimonia
1765 2166 1907 2201 instituta
1924 2174 2009 2207 sunt,

1251 2230 1378 2257 sanctae
1414 2222 1577 2257 Romanae
1604 2220 1767 2256 Ecclesiae
1795 2220 2010 2255 cardinalibus

1253 2289 1315 2311 non
1336 2276 1612 2317 commendentur,
1635 2283 1688 2310 aut
1703 2274 1764 2309 alio
1786 2274 1898 2322 quovis
1917 2273 2009 2309 titulo

1252 2331 1467 2374 conserantur,
1478 2330 1535 2365 nisi
1547 2329 1731 2377 perobitum
1747 2328 1945 2363 familiarium
1958 2341 2011 2364 no-

1252 2384 1740 2430 strorum(1>vacavcriut;quae
1760 2382 1821 2417 illis
1843 2394 2010 2417 commen-

1252 2439 1317 2473 dari
1344 2439 1478 2487 possint,
1501 2446 1545 2479 ut⁴
1562 2438 1611 2472 illa
1640 2437 1677 2472 ad
1707 2436 1831 2472 illarum
1857 2447 2011 2484 persona-

1254 2506 1322 2528 rum
1345 2493 1404 2528 sibi
1432 2500 1590 2539 gratarum
1604 2500 1633 2527 et
1649 2491 1835 2526 idonearum
1865 2502 2011 2525 commo-·

1253 2546 1328 2581 dum
1353 2547 1431 2581 infra
1463 2559 1517 2581 sex
1544 2558 1672 2581 menses
1699 2545 1856 2579 dimittere
1878 2552 2010 2578 tenean-

1254 2608 1304 2635 tur
1319 2628 1326 2641 ‚
1353 2601 1472 2648 quibus
1495 2601 1588 2636 etiam
1606 2627 1613 2641 ,
1637 2600 1739 2647 quoad
1770 2598 1920 2634 beneficia
1935 2625 1943 2639 ,
1971 2597 2009 2632 ad

1289 2672 1330 2706 (t)
1344 2672 1470 2699 Suorum.
