2281 3251
94 275 141 300 Αη,
159 272 177 296 (ἶ
204 270 275 296 tam

90 1703 218 1724 Execiituites
227 1703 267 1724 liu-

84 1734 115 1754 ius
138 1734 206 1754 ttuttae
228 1735 266 1754 de-

83 1767 146 1791 putat.

929 268 1041 290 stXTt's
1065 268 1095 290 {V
1124 268 1172 290 ΙΨ.

290 328 447 363 corentur;
474 320 559 369 quod
588 320 626 354 de
653 328 757 356 cetero
786 320 891 356 literae
914 329 1036 368 aposto-

290 371 367 405 licae
390 371 475 417 ipsos
491 370 721 405 thesaurarium
739 378 767 404 et
784 370 926 414 cleri005,
950 383 1035 418 prae-

289 427 396 454 sentes
418 430 446 455 et
476 420 610 463 futuros,
633 420 827 453 numerarios
851 428 881 453 et
909 421 1035 466 partici-

289 476 409 515 pantes»,
437 480 611 516 eorumque
634 477 764 515 nepotes
791 476 820 502 et
855 468 1034 512 familiares,

289 527 349 552 tam
365 518 444 552 circa
461 519 592 565 gratiam
610 530 703 564 quam
729 518 890 555 iustitiam.
907 530 1034 564 quomo-

287 567 405 602 dolibet
427 575 667 610 concernentes,
689 578 769 613 quae
794 579 848 614 per
870 566 1035 602 Cancella-

286 617 363 651 riam
385 625 439 651 aut
461 616 625 652 Cameram
642 616 857 663 Apostolicam
883 628 938 663 pro
959 625 1035 651 tem-

288 677 362 712 pore
390 666 528 713 expediri
552 666 726 711 contingit,
753 666 848 711 gratis
872 666 989 712 ubique
1004 675 1034 700 et

286 716 354 749 sine
386 716 490 763 aliqua
525 715 699 755 solutione,
740 716 832 749 etiam
870 714 1034 750 abbrevia-

286 773 402 808 torum,
426 765 614 819 scriptorum
648 776 683 799 ac
713 764 834 810 plumbi
857 772 887 799 et
911 765 1033 811 registri

285 825 407 848 necnon
450 814 690 849 secretariorum
742 792 964 860 atior-Dumque
984 813 1034 848 os—

285 862 430 897 flcialium
476 863 708 910 quorumlibet,
750 863 957 910 expediantur
1004 870 1033 897 et

283 911 423 958 expediri
451 911 596 956 debeant,
634 919 726 959 prout
761 912 931 959 scriptores
974 911 1031 958 ipsi

283 961 445 1007 apostolici
481 961 685 996 obtinuerunt
720 961 867 1006 gratiose,
890 960 1035 995 concedi-

284 1022 355 1044 mus
369 1017 401 1044 et
416 1010 628 1056 indulgemus.
654 1009 839 1045 Mandantes
862 1009 1034 1044 rescriben-

283 1059 371 1093 dario
393 1067 423 1093 et
445 1059 732 1107 computatoribus,
750 1058 1032 1099 abbreviatoribns,

283 1108 490 1155 scriptoribus
524 1117 554 1143 et
589 1108 709 1154 registri
746 1108 902 1154 magistris
935 1117 965 1142 et
987 1120 1033 1142 se·

284 1158 423 1192 cretariis
446 1158 574 1201 nostris,
597 1158 794 1204 aliorumque
816 1157 1032 1204 quorumlibet

282 1206 460 1241 officialium
488 1207 650 1241 Romanae
679 1206 795 1241 Curiae
831 1206 1032 1254 praesidenti-

282 1255 341 1290 bus
352 1264 382 1290 et
395 1256 684 1291 emolumentorum
699 1267 809 1290 eorum
832 1255 1032 1290 exactoribus

281 1313 311 1339 et
338 1305 571 1348 collectoribus,
595 1318 633 1340 ne
660 1304 735 1352 quid
771 1317 826 1352 pro
849 1305 941 1340 dictis
968 1304 1034 1339 lite-

282 1354 324 1388 ris
348 1354 493 1401 praefatis
513 1355 707 1389 thesaurario
724 1361 753 1388 et
775 1354 896 1389 clericis
914 1354 1032 1389 Came-

282 1415 334 1437 rae
357 1404 618 1451 participantibus
640 1411 670 1438 et
690 1415 798 1438 eorum
818 1403 987 1450 nepotibus
1003 1410 1033 1438 et

281 1452 502 1498 familiaribus,
525 1452 650 1488 duobus
667 1464 723 1499 pro
745 1465 854 1488 eorum
878 1452 1031 1499 quolibet,

283 1510 389 1548 petere
404 1502 449 1537 vel
465 1503 602 1549 exigere,
620 1502 679 1536 sub
693 1502 1032 1537 excommunicationis

282 1563 394 1597 poena,
429 1552 455 1586 si
483 1551 737 1596 contrafecerint,
756 1551 953 1592 incurrenda‚
981 1563 1032 1585 au-

281 1600 377 1635 deant
404 1601 450 1635 vel
475 1608 688 1648 praesumant.

329 1653 344 1693 ἕ
373 1651 404 1684 5.
429 1649 672 1685 Committentes
694 1657 724 1684 et
741 1649 914 1684 districtius
930 1649 1032 1683 iniun-

281 1707 391 1745 gentes
425 1699 539 1734 dilecto
566 1699 629 1734 filio
651 1699 685 1733 S.
710 1699 747 1733 R.
783 1699 821 1733 E.
845 1698 1031 1733 vicecancel-

282 1748 357 1783 lario
380 1760 435 1796 pro
458 1756 599 1795 tempore
626 1748 771 1783 existenti
798 1760 834 1782 ac
863 1747 1030 1782 venerabili

282 1797 366 1832 fratri
386 1805 492 1832 nostro
507 1798 631 1842 Latino,
643 1798 1030 1844 episcopoTusculanen.,

280 1846 315 1881 S.
358 1847 398 1881 R.
435 1847 472 1881 E.
507 1846 671 1891 cardinali,
693 1847 864 1882 camerario
903 1854 1031 1890 nostro,

280 1907 455 1943 eorumque
478 1896 509 1930 in
533 1895 627 1930 dictis
649 1896 761 1931 officiis
779 1895 1030 1939 successoribus,

281 1945 499 1992 praesentibus
529 1953 560 1980 et
585 1945 708 1989 futuris,
733 1953 766 1979 ut
795 1946 880 1992 ipsos
903 1945 1032 1979 thesau—

280 1995 398 2029 rarium
439 2002 470 2029 et
509 1995 658 2038 clericos,
692 2006 865 2041 eorumque
888 2001 1030 2041 nepotes,

280 2043 458 2085 familiares,
485 2044 516 2078 in
550 2045 648 2078 nostri
677 2043 787 2078 indulti
820 2053 846 2078 ct
890 2055 1032 2078 conces-

279 2093 378 2127 sionis
393 2093 577 2128 huiusmodi
594 2093 724 2140 pacifica
740 2093 938 2140 possessione
960 2105 1032 2127 cou-

281 2141 416 2186 foveant,
450 2141 622 2177 defendant
655 2150 750 2189 atque
777 2150 976 2185 conservent,
999 2150 1031 2176 et

281 2190 333 2225 illo
361 2192 404 2226 uti
435 2191 534 2226 libere
567 2199 597 2225 et
630 2192 767 2237 gaudere
796 2191 911 2226 faciant
938 2199 1030 2238 atque

279 2248 402 2285 curent,
418 2253 479 2276 non
496 2240 719 2288 permittendo,
735 2248 842 2276 contra
857 2240 940 2275 illius
956 2241 1029 2281 vim,

280 2290 393 2324 seriem
429 2299 524 2337 atque
546 2289 691 2330 formam,
719 2302 773 2325 eos
807 2303 822 2324 a
856 2301 1029 2338 quoquam,

279 2339 391 2385 quavis
428 2340 612 2375 auctoritate
647 2349 676 2374 et
704 2339 856 2386 dignitate
889 2338 1030 2384 suffulto,

281 2388 389 2435 impeti
412 2388 460 2423 vel
483 2388 655 2424 molestari.

330 2437 414 2472 Nulli
436 2449 511 2484 ergo
528 2445 582 2473 etc.

328 2486 445 2522 Datum
463 2487 596 2532 Romae,
613 2499 695 2522 anno
713 2498 926 2532 mcccctxxu,
943 2486 1031 2521 deci-

281 2544 424 2571 mosexto
445 2536 505 2572 kal.
529 2536 690 2582 februarii,
708 2538 909 2584 pontificatus
932 2536 1030 2570 nostri

281 2595 365 2620 anno
385 2597 499 2633 primo.

320 2642 381 2673 Dat.
398 2642 444 2675 die
462 2643 496 2673 17
514 2644 640 2675 ianuarii
657 2643 743 2682 1472,
760 2644 861 2684 pontif.
880 2651 955 2673 anno
973 2651 992 2673 t.

1710 254 1780 287 205

1395 319 1421 353 lt
1450 322 1494 361 (tt

1078 394 1270 438 Approbacio
1286 399 1311 425 et
1324 392 1491 436 explicatio
1507 390 1730 424 constitutionis
1751 391 1829 423 Gre-

1125 444 1207 486 90rr'i
1234 442 1292 481 XI,
1313 442 1350 475 de
1371 441 1551 474 auctoritate
1576 440 1746 473 cardinalis
1771 451 1830 484 pro

1126 499 1256 536 tempore
1286 490 1465 535 protectoris
1504 490 1641 534 fratrum
1669 489 1829 522 Minorum

1129 541 1258 574 Ordinis
1280 541 1316 574 S.
1340 539 1499 573 Francisct'
1513 540 1570 582 (⁶2).

1346 617 1560 649 sonitatum}

1077 678 1267 710 Prooemium.
1286 698 1324 702 —
1348 682 1373 710 1.
1391 681 1476 718 Greg.
1492 679 1524 709 Xl
1541 680 1744 710 auctoritatem
1765 688 1830 719 pro-

1117 725 1234 754 tectoris
1257 724 1377 754 Ordinis
1401 724 1429 754 S.
1453 724 1605 754 Francisci
1637 724 1830 764 praescripsit

1116 768 1202 797 insua
1212 769 1430 798 constitutione.
1447 785 1486 790 —-
1500 768 1527 798 9.
1548 767 1600 798 Hic
1621 768 1711 806 igitur
1727 767 1829 798 Ponti-

1115 811 1160 841 fex
1178 813 1226 851 qui
1247 813 1316 842 dicti
1335 812 1453 843 Ordinis
1476 813 1568 843 extitit
1586 812 1723 842 minister
1742 821 1831 850 gene-

1116 856 1197 894 ralis,
1220 856 1586 887 observantiamd.bullae
1604 857 1688 895 Greg.
1711 856 1746 886 XI
1769 857 1829 886 uti-

1116 899 1172 929 lem
1196 909 1263 930 esse
1287 902 1430 939 cognovit.
1453 918 1493 923 —
1522 901 1549 931 3.
1572 900 1710 931 Eamdem
1741 901 1831 939 igitur

1116 944 1266 974 constitut.
1287 945 1439 984 approbat3
1461 961 1499 966 —
1513 945 1542 974 4.
1562 944 1695 974 Declarat
1712 953 1830 983 quoque

1114 991 1141 1016 et
1170 989 1332 1027 restringit3
1365 1006 1402 1010 —
1435 989 1462 1018 5.
1492 988 1749 1027 Protectoremque
1780 997 1831 1026 pro

1115 1036 1245 1070 tempore
1264 1033 1300 1063 ad
1323 1033 1442 1063 Ordinis
1467 1033 1734 1073 praeservationem
1763 1032 1832 1062 hor-

1116 1081 1201 1106 tatur.

1141 1144 1238 1172 Sixtus
1257 1144 1397 1179 episcopus
1417 1150 1513 1172 servus
1537 1150 1679 1172 servorum
1697 1142 1759 1176 Det.

1210 1194 1243 1221 ad
1272 1194 1436 1229 perpetuam
1455 1193 1496 1222 rei
1525 1193 1694 1222 memoriam.

1124 1255 1239 1290 Sancta
1267 1256 1424 1290 Minorum
1448 1255 1593 1301 Religio,
1616 1266 1695 1301 quae
1716 1266 1826 1302 agrum

1075 1305 1238 1339 militantis
1271 1305 1433 1339 Ecclesiae
1475 1305 1592 1339 sanetis
1614 1303 1763 1350 operibus
1798 1311 1829 1337 et

1075 1355 1228 1401 exemplis
1263 1354 1479 1400 copiosissime
1508 1353 1694 1397 foecundat,
1727 1361 1758 1387 et
1783 1365 1829 1387 sa-

1076 1404 1209 1450 pientiae
1225 1403 1392 1450 splendore
1412 1403 1596 1437 catholicam
1614 1401 1747 1436 illustrat
1766 1402 1828 1436 Ec-

1075 1453 1201 1487 clesiam
1220 1481 1228 1496 ,
1257 1460 1343 1487 tanto
1367 1452 1569 1487 uberioribus
1592 1451 1746 1485 fructibus
1772 1451 1827 1485 fer·

1076 1503 1160 1536 tilior
1182 1514 1250 1537 esse
1267 1502 1464 1548 perspicitur,
1481 1510 1599 1548 quanto
1623 1501 1652 1535 in
1684 1508 1825 1535 suostatn

1075 1552 1211 1598 quietior
1243 1559 1406 1598 permanet
1436 1560 1465 1585 et
1498 1550 1653 1594 consistit,
1672 1558 1703 1583 et
1730 1550 1829 1583 maior

1076 1601 1314 1647 promptiorque
1330 1612 1346 1634 a
1365 1600 1501 1634 subditis
1515 1599 1656 1633 eiusdem
1680 1598 1827 1633 fratribus

1074 1650 1205 1684 Ordinis
1232 1651 1297 1684 suis
1321 1649 1465 1696 praelatis
1487 1648 1680 1683 observantia
1704 1648 1828 1682 exliibe-

1074 1708 1135 1740 tur;
1159 1700 1316 1746 nullisque
1332 1699 1499 1733 extrinseci
1520 1697 1737 1745 impedimenti
1754 1709 1828 1751 per-

1074 1749 1310 1783 turbationibus
1331 1748 1465 1794 agitatur
1483 1755 1514 1782 et
1536 1747 1731 1791 molestatur,
1749 1758 1826 1793 quin

1074 1798 1103 1832 in
1126 1811 1160 1832 ea
1181 1807 1274 1846 caput
1298 1798 1426 1831 unicum
1449 1797 1488 1831 sit
1510 1804 1540 1831 et
1559 1808 1629 1831 esse
1651 1803 1827 1834 censeatur,

1073 1859 1087 1881 a
1111 1859 1175 1894 quo
1197 1847 1303 1882 omnia
1330 1846 1432 1881 dictae
1449 1845 1626 1892 Religionis
1642 1845 1771 1891 negocia
1798 1854 1828 1879 et

1072 1908 1185 1931 causae
1219 1896 1492 1939 administrentur,
1520 1903 1549 1930 et
1576 1895 1624 1929 cui
1658 1905 1771 1929 omues
1797 1903 1828 1928 et

1073 1946 1188 1992 singuli
1203 1946 1277 1980 dicti
1288 1944 1418 1980 Ordinis
1434 1951 1564 1991 pareant
1578 1952 1608 1980 et
1622 1943 1707 1978 illius
1722 1942 1828 1978 subia-

1073 2003 1163 2049 ceant
1184 1995 1381 2041 disciplinae.

1847 268 1894 291 λι),
1913 265 1939 289 (ἶ
1962 266 2026 291 llt7'2

1869 1266 2000 1287 Prooemtum,

1122 2047 1192 2087 gl.
1215 2009 1345 2078 Dudum
1373 2042 1530 2090 siquidem
1561 2042 1660 2077 felicis
1687 2041 1825 2077 recorda·
1853 2052 1915 2072 om
1940 2050 1964 2071 xi
1986 2057 2024 2070 111-

1074 2093 1166 2128 tionis
1188 2092 1362 2140 Gregorius
1389 2092 1472 2138 Papa
1500 2091 1717 2135 Undecimus,
1740 2102 1827 2137 prae-

1072 2142 1220 2177 decessor
1247 2151 1376 2185 noster,

1840 2118 1896 2135 [evol

1405 2142 1530 2187 cognito
1563 2141 1646 2187 quod
1680 2119 1922 2174 nonnullisrrsi

1839 2182 1891 2202 1οΓ
1877 2183 1914 2195 ttttt
1903 2177 1923 2195 l
1949 2177 1967 2195 ln
1988 2181 2025 2195 §un

1840 2087 1885 2103 ctoi
1889 2087 1959 2103 :inmte
1954 2088 1996 2107 irp
2000 2088 2024 2101 a*

1920 2114 2024 2164 51011111113

1948 2151 2023 2170 ”W-

1073 2191 1146 2226 dicti
1180 2191 1310 2227 Ordinis
1333 2199 1537 2239 protectores,
1564 2193 1641 2224 dum
1664 2201 1948 2233 11131019111,ς,1,,,1,

1073 2253 1167 2287 quam
1191 2242 1235 2276 eis
1252 2254 1288 2276 ex
1311 2241 1452 2276 eiusdem
1473 2239 1603 2274 Ordinis
1616 2238 1739 2285 Regula
1754 2250 1827 2273 con-

1074 2291 1209 2331 ceditur,
1236 2291 1454 2326 auctorit1te1n
1487 2288 1655 2323 vendicare
1676 2300 1713 2323 ac
1737 2300 1825 2322 usur-

1075 2352 1147 2387 pare
1169 2340 1230 2374 sibi
1251 2340 1328 2387 ipsis
1343 2340 1519 2378 voluerunt,
1535 2350 1605 2372 vera
1624 2336 1824 2372 subditorum

1108 2406 1147 2439 (t)
1176 2406 1246 2432 Haec
1272 2405 1341 2431 bulla
1369 2405 1475 2439 ponitur
1492 2403 1542 2430 sub
1563 2411 1637 2429 num.
1664 2411 1681 2429 v
1701 2403 1725 2429 in
1747 2403 1824 2429 Rom.

1073 2445 1144 2471 Edit.
1165 2446 1204 2479 (n.
1225 2446 1276 2479 T.).
1316 2445 1354 2479 (ΕΞ)
1382 2444 1507 2471 Eamdem
1523 2443 1742 2478 approbationem
1765 2443 1825 2469 fecit

1073 2484 1122 2511 tut.
1140 2485 1162 2511 11
1179 2485 1220 2511 die
1240 2486 1269 2511 15
1286 2484 1414 2515 octobris,
1438 2484 1532 2519 pontif.
1549 2483 1590 2510 sui
1611 2491 1653 2509 an.
1673 2490 1711 2514 iv,
1731 2490 1823 2517 quam,

1075 2525 1110 2551 uti
1123 2525 1279 2560 simpliciter
1296 2524 1533 2557 confirmatoriam,
1548 2523 1725 2559 praetermisi.
1736 2523 1766 2548 Et
1776 2530 1824 2556 pro

1073 2566 1192 2593 eiusdem
1212 2566 1389 2601 explicatione
1405 2565 1589 2592 convenitalia
1600 2565 1692 2592 Const.
1706 2564 1776 2590 Pauli
1792 2564 1823 2594 V,

1075 2608 1140 2632 Cum
1157 2606 1238 2638 Ordo,
1257 2605 1301 2632 ubi
1326 2605 1434 2633 notabo.
1467 2605 1505 2632 De
1535 2608 1589 2631 toto
1610 2608 1697 2631 autem
1724 2603 1824 2630 Ordine

1073 2647 1167 2682 scripsi
1184 2646 1215 2674 ad
1233 2646 1344 2674 Constit.
1363 2646 1462 2673 Honor.
1481 2645 1527 2679 111,
1549 2646 1627 2672 Solet.
