2281 3251
242 253 291 279 Αιι.
309 253 338 279 C.
355 253 419 278 taa7

255 709 312 730 fluite
355 710 425 736 itaque

240 739 316 761 Pontit.
345 742 426 760 sancti-

239 771 316 795 neam,
332 792 335 795 ,

249 1156 373 1183 Festunique
387 1162 424 1182 pro

240 1189 273 1208 die
291 1188 314 1208 to
330 1191 425 1214 septem-

240 1219 283 1239 bris
299 1220 397 1243 instituit,

265 1649 423 1675 indulgentias—

237 1687 277 1709 que
293 1682 339 1702 eius
355 1682 424 1708 sepul-

240 1712 313 1733 chrum
333 1713 425 1733 visitan-

242 1744 297 1764 tibus
307 1747 423 1765 concessit.

487 243 534 275 90

437 307 655 342 commisimus
688 314 720 340 ut
761 305 917 340 veritatem
943 305 1188 351 praemissorum

437 366 467 391 et
491 357 527 391 :le
556 356 779 391 miraculorum
816 354 1054 388 communnione
1079 353 1191 398 inqui-

440 416 540 441 rerent
565 405 746 451 diligenter,
768 416 900 450 qnorum
919 403 1068 436 relatione
1095 403 1189 435 etiam

438 455 685 490 continuationis
715 453 938 487 miraculorum
965 451 1092 498 probata
1110 451 1193 484 veri-

439 515 496 544 tam,
513 518 569 538 nos
584 513 612 539 et
629 504 773 538 venerab.
793 503 902 536 fratres
920 510 1042 534 nostros
1058 499 1091 533 S.
1105 499 1143 534 R.
1157 499 1190 533 E.

439 555 625 596 cardinales,
640 553 678 587 de
693 552 799 586 Sancti
813 551 954 585 eiusdem
973 550 1034 583 vita
1056 549 1189 583 mirabili

441 604 602 638 miraculis
623 614 652 637 et
681 602 800 636 meritis
822 600 968 647 gloriosis
991 599 1146 633 instruxit.

489 658 504 697 ξ
536 655 589 687 1⁶2.
631 651 670 686 Et
704 651 774 697 quia
815 650 902 696 plura
938 657 967 682 et
997 649 1112 683 maiora
1156 648 1194 682 de

441 703 557 737 Sancto
586 703 653 749 ipso
677 701 903 746 comperimus,
921 711 1014 744 qnam
1038 698 1192 732 insinuata

441 752 585 790 fuissent,
613 751 651 785 dc
680 751 809 783 fratrum
852 748 1082 795 praedictorum
1116 759 1193 781 con—

440 802 510 836 silto
538 810 567 835 et
582 813 724 837 assensu,
742 798 886 845 plurimis
905 797 1066 831 Ecclesiae
1103 809 1195 843 prac—

441 852 510 885 latis
548 848 758 887 adstantibus„
797 848 835 882 de
877 847 1102 893 omnipotentis
1139 846 1193 880 Dei

439 901 550 934 virtute
565 909 595 934 et
625 899 785 932 beatorum
815 897 1029 943 apostolorum
1054 895 1137 930 Petri
1165 904 1192 929 et

441 950 526 983 Pauli
545 962 578 984 ac
595 947 893 983 nostraauctoritate
913 945 1192 982 cotilisi,eum‹lem

440 999 566 1033 beatum
592 997 756 1032 Nicolaum
775 1004 955 1031 sanctorum
975 994 1191 1029 confessorum

439 1049 603 1094 cathalogo
625 1047 773 1081 duximus
795 1044 1051 1080 adscribendum.

489 1102 504 1141 ἓ
537 1099 588 1132 25.
618 1096 757 1142 Ideoque
794 1094 1028 1129 universitatem
1060 1102 1192 1128 vestram

441 1159 608 1182 monemus
631 1155 659 1180 et
683 1146 846 1179 hortamur
872 1152 1008 1182 attente,
1039 1156 1095 1190 per
1115 1156 1194 1189 apo-

439 1197 546 1232 stolica
561 1197 676 1243 scripta
691 1195 777 1229 vobis
791 1192 1023 1241 praecipiendo,
1040 1192 1194 1227 mandan-

440 1256 486 1282 tcs
508 1256 663 1293 qnatenus
685 1253 795 1291 quarto
812 1232 889 1277 'fflus
914 1242 1117 1289 septembris,
1131 1254 1193 1289 quo

438 1306 566 1331 sanctus
582 1297 647 1342 ipse
664 1295 805 1340 migrarit
820 1292 858 1327 ad
874 1292 1061 1335 Dominum,
1079 1292 1191 1327 testum

437 1346 579 1381 eiusdem
617 1345 726 1379 devote
754 1353 783 1377 et
812 1342 994 1377 solemniter
1016 1342 1193 1385 celebretis,

437 1405 467 1430 et
489 1395 607 1430 faciatis
630 1394 668 1428 ab
690 1392 840 1428 omnibus
863 1393 1063 1426 veneratione
1080 1391 1194 1426 condi-

437 1458 496 1492 gna
516 1444 664 1480 celebrari
682 1446 739 1486 (l)¹
755 1451 799 1484 ut,
813 1442 861 1488 pia
877 1442 944 1476 eius
958 1441 1194 1485 intercessione,

437 1504 466 1529 et
506 1495 556 1529 hic
578 1506 593 1528 a
623 1493 726 1527 noxiis
763 1492 895 1539 protegi,
925 1499 955 1525 et
984 1491 1012 1525 in
1050 1490 1191 1526 futurum

437 1545 631 1591 sempiterna
659 1542 811 1588 consequi
839 1541 952 1587 gandia
982 1540 1118 1575 valeatis.

486 1598 501 1637 ξ
531 1597 585 1628 14.
616 1592 654 1626 Et
678 1600 710 1626 ut
732 1591 771 1626 ad
796 1590 973 1626 venerabile
990 1591 1061 1625 eius
1083 1590 1193 1637 sepul-

437 1644 548 1679 chrum
585 1655 622 1677 eo
644 1642 807 1676 ardentius
830 1639 1082 1675 christifidelium
1109 1652 1194 1674 con-

439 1693 513 1727 ssuat
557 1691 752 1731 multitudo,
787 1700 815 1725 et
848 1689 1006 1724 celebrius
1048 1689 1191 1724 eiusdem

439 1742 628 1778 confessoris
642 1742 762 1775 colatur
777 1739 939 1780 festivitas,
956 1739 1106 1773 omnibus
1123 1751 1193 1773 vere

439 1791 673 1839 poenitentibus
695 1800 723 1825 ct
747 1789 910 1829 confessis,
938 1789 990 1835 qui
1009 1801 1080 1824 cnm
1098 1789 1193 1823 devo-

439 1843 523 1877 tione
550 1851 579 1876 et
608 1840 781 1875 reverentia
805 1839 880 1873 illue
907 1839 936 1872 in
965 1838 1074 1873 eodem
1115 1838 1193 1873 festo

437 1891 627 1926 accesserint
649 1889 822 1927 annuatim,
848 1889 948 1935 ipsius
969 1887 1116 1933 suffragia
1136 1900 1192 1933 pe-

438 1941 554 1981 tituris,
576 1940 614 1974 de
637 1938 863 1986 omnipotentis
896 1936 953 1971 Dei
978 1937 1191 1972 misericordia

437 1999 467 2025 et
491 1990 653 2026 beatorum
687 1987 769 2023 Petri
798 1996 827 2022 et
849 1987 938 2021 Pauli
975 1986 1190 2033 apostolorum

437 2041 505 2075 eius
532 2039 715 2074 anctoritate
737 2037 860 2080 confisi,
887 2045 1008 2082 septem
1032 2048 1132 2070 annos
1163 2044 1192 2070 ct

438 2089 567 2124 totidem
596 2087 825 2135 qttatlragcnas3
853 2085 1078 2121 accedentibus
1119 2097 1192 2119 vero

436 2139 528 2174 antiis
549 2138 681 2183 singulis
703 2137 741 2171 ad
770 2137 888 2171 dictum
904 2134 1120 2182 sepulchrum,
1141 2135 1190 2168 in-

437 2188 479 2222 fra
504 2187 647 2223 eiusdem
665 2186 734 2221 festi
758 2194 911 2225 octavam,
934 2185 1016 2219 duos
1033 2196 1133 2219 annos
1161 2192 1191 2219 et

436 2238 516 2273 duas
542 2237 761 2284 quadragenas
783 2236 822 2270 de
846 2235 995 2269 iniunctis
1017 2235 1063 2269 eis
1081 2233 1191 2280 poeni-

437 2288 541 2323 tentiis
570 2286 814 2321 misericorditer
842 2285 1029 2319 relaxamus.

485 2337 556 2372 Dat.
584 2336 705 2371 Romae
739 2335 821 2382 apud
864 2333 897 2368 S.
927 2333 1079 2372 Petrum,
1107 2344 1191 2367 anno

435 2386 665 2422 Incarnationis
692 2385 869 2419 dominicae
900 2385 1014 2427 ¹447,
1050 2381 1190 2417 kalendis

436 2435 598 2475 februarii,
627 2435 829 2481 pontificatus
852 2433 948 2467 nostri
977 2444 1060 2468 anno
1088 2443 1155 2465 xvi.

476 2484 536 2514 Dat.
553 2484 599 2514 die
615 2484 628 2513 1
646 2483 788 2512 februarii
803 2482 888 2519 1447,
906 2486 984 2520 pont.
1003 2490 1080 2510 anno
1093 2489 1149 2510 xvt.

471 2533 510 2568 (t)
527 2533 620 2560 Sixtus
633 2532 663 2564 V,
682 2531 750 2557 bulla
763 2539 831 2565 qnae
847 2530 1047 2564 incipttsaucta
1061 2530 1189 2560 Romana,

435 2570 495 2596 data
508 2576 526 2595 x
539 2568 590 2595 kal.
607 2568 659 2594 ian.
675 2566 751 2598 ¹585,
764 2566 870 2593 missam
888 2570 914 2592 et
930 2565 1045 2591 osticium
1066 2564 1116 2591 sub
1137 2565 1188 2590 ritu

435 2605 534 2640 duplici
557 2603 589 2675 εἳ
609 2604 667 2630 eius
694 2602 822 2630 honorem
848 2600 975 2628 celebrari
1003 2608 1081 2635 posse
1103 2599 1190 2626 indul-

435 2641 470 2668 sit.
490 2641 528 2676 (rt.
548 2647 573 2667 τ.

1019 248 1119 271 Bt‘LLA
1126 248 1206 270 tttmt
1230 247 1391 270 ROMANL'M

1531 301 1691 337 xxxvlt.

1237 383 1466 416 Declaran'ones
1487 391 1513 415 et
1536 383 1740 425 mt'tiyali'ones
1760 382 1895 425 Reyulae
1907 392 1989 414 soro-

1284 444 1351 464 rum
1375 434 1436 465 sive
1463 433 1647 465 mom'alt'um
1674 433 1708 464 S.
1733 432 1855 467 Clarae,
1892 438 1918 463 et
1935 442 1990 463 ιά-

1285 493 1351 514 rum
1366 482 1534 526 suppositio
1549 481 1666 515 Ordu'nt'
1677 482 1810 525 fratrum
1829 480 1863 513 M
1867 480 1989 512 {norum

1286 531 1321 564 S.
1346 531 1505 564 Francisct'
1515 531 1552 563 de
1575 530 1790 564 Obserrniiti'a.

1501 613 1718 644 SUttttAtttuat

1239 678 1427 709 Prooemium.
1450 696 1488 701 —
1508 679 1533 708 t.
1556 678 1696 709 Montatvs
1715 678 1743 708 S.
1762 678 1864 708 Clarae
1893 688 1907 707 a
1929 678 1990 708 fra-

1277 722 1370 752 tribus
1391 723 1426 752 de
1445 721 1633 753 Observantia
1655 723 1715 760 regi
1737 722 1935 762 postulabant.
1953 739 1991 744 —

1276 767 1303 796 ⁶2.
1334 766 1392 796 lloc
1417 768 1460 796 eis
1483 767 1616 797 Pontifex
1640 768 1725 797 modo
1751 767 1944 806 indulget.—
1965 767 1991 797 3.

1277 811 1400 841 vocatos
1419 812 1446 841 in
1464 811 1609 841 electione
1629 811 1799 840 abbatissae
1817 816 1845 840 et
1861 816 1991 840 votorum

1278 865 1434 885 numerum
1459 856 1599 885 declarat.
1630 872 1667 877 ——
1687 855 1716 885 4.
1746 855 1886 893 Regulam
1915 856 1991 885 circa

1277 900 1421 929 ieiunium
1454 900 1612 929 modificat.
1638 917 1676 922 -—
1699 900 1725 928 5.
1746 898 1887 937 Regulam
1908 908 1993 928 eam-

1277 945 1352 979 dem,
1376 945 1470 984 qttoad
1491 945 1700 979 calceamenta,
1720 944 1847 982 mitigat,
1862 960 1899 965 —
1914 943 1941 973 6.
1960 942 1991 973 Et

1276 989 1371 1028 quoad
1395 989 1652 1025 cibos,silentiuin
1671 993 1724 1018 etc.
1741 1004 1779 1010 -—
1801 988 1827 1018 7.
1850 988 1889 1017 Ac
1910 997 1994 1026 prae-

1275 1039 1369 1072 cepta.
1392 1050 1430 1055 —
1458 1034 1482 1063 8.
1509 1033 1541 1062 Et
1559 1033 1713 1069 ferculum;
1741 1049 1780 1054 —
1805 1033 1832 1062 9.
1861 1031 1988 1068 Quibus-

1276 1087 1402 1116 cumque
1423 1087 1478 1107 non
1497 1077 1694 1107 obstantibus.

1235 1157 1370 1193 fingenius
1405 1158 1547 1193 episcopus
1585 1164 1679 1186 servus
1703 1163 1842 1186 servorum
1862 1156 1919 1189 Dei,
1952 1157 1992 1184 di-

1279 1207 1350 1235 lecto
1370 1207 1425 1235 filio
1446 1206 1532 1234 fratri
1553 1207 1646 1235 Iacobo
1667 1207 1698 1234 de
1726 1205 1939 1238 rumendinis.
1962 1205 1994 1233 de

1280 1257 1405 1289 Bononia.
1426 1257 1485 1285 ord.
1506 1256 1569 1284 Min.
1589 1255 1743 1291 professori
1760 1255 1792 1283 de.
1816 1255 1994 1283 observantia

1280 1307 1412 1342 regulari,
1434 1306 1554 1334 salutem
1571 1307 1601 1334 et
1620 1305 1801 1340 apostoticam
1826 1303 1995 1332 benedictio-

1279 1363 1350 1385 nem.

1285 1432 1416 1468 Ordinis
1445 1433 1501 1476 tui,
1531 1432 1716 1479 praesertim
1741 1431 1931 1465 familiarum
1960 1430 1990 1464 m

1238 1483 1370 1529 regulari
1389 1481 1585 1516 observantia
1602 1481 1740 1516 Domino
1757 1480 1990 1520 famulantium,

1236 1532 1276 1567 ob
1317 1544 1453 1579 quarum
1493 1531 1656 1576 religionis
1689 1530 1930 1564 sanctimoniam
1962 1538 1992 1564 et

1238 1581 1451 1628 multiplicum
1489 1581 1636 1615 virtutum
1666 1580 1767 1623 dona,
1795 1580 1923 1614 maximi
1961 1579 1990 1613 in

1237 1631 1354 1678 populo
1377 1630 1547 1665 christiano
1569 1631 1743 1664 animarum
1774 1629 1896 1664 fructus
1913 1641 1992 1675 pro-

1236 1681 1302 1715 dire
1325 1688 1512 1722 cernuntur,
1539 1692 1645 1714 curam
1674 1688 1820 1725 gerentes
1842 1679 1991 1721 solerter,

1237 1730 1287 1765 illa
1305 1730 1440 1765 libenter
1454 1729 1673 1772 concedimus,
1694 1741 1747 1775 per
1759 1740 1841 1776 quae
1863 1740 1992 1762 earnm-

1236 1780 1307 1815 dem
1344 1779 1544 1819 familiarum,
1572 1779 1665 1813 etiam
1685 1779 1855 1825 utriusque
1884 1790 1991 1821 sexus,

1235 1838 1408 1876 augmento
1435 1828 1730 1875 conservationique
1753 1828 1866 1863 melius
1893 1839 1929 1862 ac
1945 1827 1992 1861 fa-

1235 1879 1329 1913 cilius
1356 1879 1477 1912 consuli
1502 1878 1716 1924 intelligimus.

1284 1932 1299 1971 ἓ
1329 1930 1359 1961 1.
1387 1927 1484 1966 Sane,
1506 1940 1578 1962 cum
1604 1935 1673 1974 post
1688 1926 1888 1961 concordiam
1910 1926 1991 1960 inter

1237 1978 1316 2012 lilios
1340 1977 1461 2015 fratres,
1489 1978 1540 2023 qni
1569 1977 1720 2011 dicuntur
1742 1976 1988 2020 Conventuales,

1235 2035 1264 2060 et
1293 2039 1346 2061 ros
1371 2035 1400 2060 et
1429 2026 1518 2071 aiios,
1541 2026 1659 2073 quihus
1681 2026 1720 2060 de
1742 2025 1889 2071 Regulari
1913 2023 1988 2060 Ob-

1234 2077 1389 2111 servantia
1413 2084 1458 2110 est
1472 2076 1652 2122 appellatio,
1669 2076 1763 2110 unius
1779 2075 1989 2122 eiusdemque

1234 2125 1392 2159 Minorutn
1416 2125 1548 2160 Ordinis
1575 2138 1684 2160 secum
1715 2125 1838 2164 factam,
1863 2137 1920 2160 nos
1939 2126 1988 2158 in—

1235 2176 1399 2210 tendentes
1421 2174 1517 2222 qnod,
1542 2183 1611 2222 post
1634 2175 1784 2209 dilectum
1811 2174 1908 2209 silium
1927 2173 1989 2208 fra-

1235 2233 1312 2259 trem
1342 2225 1490 2260 loannem
1515 2225 1553 2259 de
1570 2224 1771 2271 Capistrano,
1797 2225 1840 2258 tui
1857 2223 1988 2259 Ordinis

1234 2274 1273 2309 de
1301 2274 1508 2309 Observantia
1537 2275 1565 2308 in
1592 2273 1734 2321 partibus
1769 2272 1989 2308 Cismontanis

1234 2324 1396 2363 vicarium,
1419 2324 1498 2359 alter
1521 2324 1604 2358 illius
1628 2335 1794 2358 successor
1816 2330 1988 2366 crearetur,

1233 2373 1333 2408 eidem
1359 2386 1413 2420 per
1440 2374 1545 2408 literas
1571 2373 1761 2420 apostolicas
1787 2372 1988 2408 commiseri-

1235 2436 1304 2457 mus
1326 2423 1424 2470 quod,
1453 2422 1504 2457 ubi
1539 2431 1568 2458 et
1591 2422 1717 2469 quando
1754 2422 1812 2457 sibi
1838 2422 1987 2469 placeret,

1233 2481 1305 2507 ante
1327 2474 1375 2507 sui
1399 2472 1492 2507 officii
1522 2472 1630 2514 finem,
1656 2471 1789 2506 vicarios
1810 2481 1840 2507 et
1867 2471 1988 2507 discre-

1233 2530 1281 2556 tos
1317 2522 1549 2569 provinciarum
1593 2521 1652 2556 sibi
1688 2521 1900 2556 subiectarum
1930 2533 1986 2568 pro

1233 2572 1363 2606 alterius
1385 2571 1487 2607 vicarii
1516 2571 1684 2615 electione,
1711 2570 1787 2605 alias
1814 2571 1986 2614 creatione,

1232 2621 1448 2669 capitulariter
1481 2628 1698 2668 congregaret,
1720 2628 1751 2655 et
1772 2619 1851 2656 faeta
1874 2619 1986 2655 huius-

2005 242 2053 268 Αη.
2072 241 2100 268 C.
2121 241 2186 267 tma7

2033 1448 2164 1469 Prooemium.

2018 1937 2122 1958 Montates
2168 1937 2189 1958 S.

2004 1968 2078 1990 Clarae
2111 1974 2123 1988 a
2146 1968 2191 1989 fra-

2004 2001 2072 2021 tribus
2096 2000 2122 2021 de
2145 1999 2190 2021 Ob-

2003 2032 2112 2051 servantia
2144 2031 2191 2057 regi

2003 2062 2146 2088 postulabant.
