2281 3251
217 284 255 310 Αη
286 286 303 309 C
332 286 398 312 ιἰῑιιῑ

238 2442 356 2463 Exordium.

468 274 531 306 1⁶2ss

411 352 427 374 a
457 340 605 386 periculis
639 342 761 376 cuncus
793 355 917 389 semper
959 351 1096 389 protegat
1132 352 1161 378 et

411 390 578 434 defendat,
601 403 635 425 ac
658 391 740 426 illam
765 391 877 429 nobis,
900 404 992 438 quam
1022 392 1161 427 mundus

412 439 485 475 dare
513 453 574 475 non
592 449 705 488 potest,
721 453 843 489 pacem,
868 442 1006 476 bostium
1027 453 1159 477 eorum-

411 490 482 525 dem
506 490 625 525 sublata
662 490 849 535 formidine,
883 504 955 525 cum
981 499 1158 539 temporum

412 540 634 588 tranquillitate
662 540 823 584 concedat,
851 549 879 574 et
904 549 972 587 post
996 542 1076 576 vitae
1093 542 1159 576 mi-

412 589 508 624 litiam
533 589 778 638 depositumque
796 590 960 637 pastoralis
981 590 1074 626 ollicii
1099 591 1159 626 rni-

412 639 588 679 nisterium,
620 652 679 675 una
708 652 780 674 cum
803 651 897 686 grege
927 640 1017 675 nobis
1039 641 1159 677 credito

410 689 446 723 ad
474 689 586 737 gaudia
616 689 774 725 valeamus
800 697 924 725 aeterna
949 691 1124 737 pervenire.

458 744 473 783 g*
500 741 552 773 ¹8.
575 739 660 774 Nulli
684 751 758 785 ergo
781 740 912 775 omuino
931 740 1095 776 bominum
1120 741 1158 775 li-

356 800 366 812 fl
384 806 394 809 -
409 798 475 824 ceat
498 788 577 823 banc
600 790 744 836 paginam
769 797 947 825 nostrorum
971 791 1158 838 pronuntia-

410 839 514 877 tionis,
537 838 774 879 declarationis,
802 840 1051 881 constitutionis,
1079 840 1158 876 ‹leli-

409 888 551 929 nitionis,
573 888 808 936 adscriptionis,
825 891 1070 937 aggregationis,
1093 899 1157 926 sta-

408 939 475 977 tuti,
500 938 715 978 iniunctionis,
739 938 918 980 voluntatis,
947 940 1156 980 relaxationis,

407 988 614 1033 monitionis,
656 989 872 1036 requisitionis
911 999 939 1025 et
969 990 1156 1026 hortationis

406 1038 590 1086 infringere,
616 1046 670 1072 etc.

454 1088 569 1122 Datum
593 1087 716 1124 Romae
734 1089 817 1137 apud
842 1090 991 1125 Sanctum
1015 1089 1156 1136 Petrum,

404 1150 487 1173 anno
517 1137 746 1173 incarnationis
774 1139 951 1175 dominicae
988 1140 1156 1176 millesimo

403 1187 716 1235 quiadringentesimo
758 1189 1022 1237 quinquagesimo
1055 1199 1155 1232 sexto,

405 1237 547 1273 kalendis
565 1238 708 1277 ianuarii,
734 1239 935 1286 pontificatus
953 1240 1050 1275 nostri
1073 1253 1156 1276 anno

404 1300 519 1334 ΙΗἹῙΠΟ.

443 1348 503 1380 Dat.
520 1350 567 1380 die
587 1351 595 1380 l
619 1350 743 1380 ianuarii
767 1352 858 1389 1455,
879 1352 980 1391 pontis.
1001 1362 1077 1383 auno
1097 1362 1113 1382 ι,

755 1535 807 1570 tlt.

407 1617 599 1656 Declarasto,
627 1618 711 1662 quod
744 1619 888 1652 canonici
908 1620 1155 1664 congregationis

451 1667 486 1699 S.
515 1667 708 1706 Salvatort's,
743 1668 872 1701 Ordinis
903 1670 939 1703 S.
963 1671 1154 1714 Augustini,

451 1724 520 1750 sunt
546 1719 612 1750 veri
637 1718 780 1751 canonici
808 1719 962 1761 requini-es
994 1720 1070 1753 dicii
1093 1719 1156 1754 Or-

452 1767 532 1799 dim's
548 1794 556 1804 ‚
598 1778 761 1812 eorumque
799 1769 972 1813 prt'ot'leqi'is
1014 1771 1155 1804 omnibus

450 1816 664 1861 perfruuntur.

671 1895 885 1927 sonitatum!

403 1963 569 1994 Exordium.
592 1980 629 1986 —
662 1965 686 1993 l.
709 1964 949 2003 Congregationis
978 1966 1155 2006 supplicatio

443 2018 494 2048 pro
507 2008 663 2040 obtinenda
680 2009 790 2040 declar.
799 2011 845 2048 (de
859 2020 910 2050 qim
926 2011 954 2040 ἱιι
970 2011 1102 2050 rubrica).
1118 2029 1156 2034 —

442 2053 469 2083 2.
497 2052 659 2084 Declaratio
692 2054 780 2084 buius
802 2054 968 2093 pontificis,
1000 2057 1078 2096 quod
1108 2058 1155 2088 isti

442 2098 576 2129 canonici
600 2102 670 2129 sunt
692 2099 751 2130 vert
771 2100 905 2130 canonici
929 2101 1080 2140 regulares
1103 2100 1157 2131 Or-

443 2144 521 2173 dinis
551 2142 580 2174 S.
614 2145 770 2182 Augustini
804 2149 831 2175 et
857 2154 958 2175 eorum
993 2145 1155 2184 privilegiis

444 2188 604 2227 potiuntur.
621 2205 658 2211 —
674 2188 701 2218 3.
717 2188 870 2228 Derogatio
888 2190 1114 2220 contrariorum.

450 2263 583 2293 Callistus
610 2265 752 2301 episcopus
780 2271 876 2294 servus
895 2271 1036 2294 servorum
1055 2265 1110 2300 Dei,

539 2314 573 2342 ad
596 2316 757 2350 perpetuam
781 2315 821 2344 rei
845 2315 1022 2354 „memet-iam.

455 2388 569 2422 Sacrae
596 2388 704 2422 merita
733 2388 919 2435 Religionis,
942 2389 1002 2424 sub
1025 2402 1085 2436 qua
1109 2389 1157 2423 di-

406 2437 476 2473 leeti
506 2436 560 2471 lilii
595 2438 678 2485 prior
705 2439 860 2484 generalis
886 2448 915 2474 et
948 2439 1091 2474 canonici
1119 2439 1157 2474 dc

406 2487 650 2534 congregatione
671 2488 704 2522 S.
721 2487 904 2529 Sall-atonis,
927 2488 1058 2523 Ordinis
1076 2488 1158 2523 San-

405 2538 444 2572 cti
469 2537 656 2583 Augustini,
686 2537 714 2572 in
745 2537 928 2573 bumilitatis
959 2538 1086 2586 spiritu,
1108 2538 1156 2573 dc-

406 2596 512 2622 votum
536 2596 565 2622 et
589 2586 734 2622 sedulum
757 2587 908 2622 exhibent
927 2588 1089 2624 Altissimo
1112 2588 1158 2623 sa-

408 2637 574 2680 mnlatum‚
595 2650 656 2672 non
678 2637 809 2685 indigne
833 2646 1006 2680 merentur,
1025 2647 1058 2673 ιιι
1079 2638 1158 2673 votis

405 2699 527 2727 eorum,
548 2687 579 2722 in
603 2688 639 2723 iis
660 2699 740 2735 quae
764 2688 877 2723 favoris
899 2697 971 2724 sunt
991 2697 1020 2724 et
1039 2688 1157 2736 gratiae,

990 288 1175 310 nt'tttttttttt
1206 289 1272 310 ttott
1279 288 1338 310 §.NT
1344 290 1365 311 &l

1202 343 1366 390 apostolici
1408 343 1520 378 favoris
1549 342 1740 390 praesidium
1783 343 1952 380 liberaliter

1203 393 1436 440 impendamus.

1250 444 1270 489 g
1298 446 1325 477 Ι.
1353 443 1448 482 Sane,
1473 455 1529 489 pro
1552 451 1637 489 parte
1665 444 1778 490 prioris
1804 451 1832 478 et
1859 455 1952 478 cano—

1202 492 1343 527 nicorum
1373 492 1620 548 praedictorum,
1650 493 1741 527 nobis
1769 506 1869 549 nuper
1894 506 1950 528 ex-

1202 541 1298 576 bibita
1328 543 1434 590 petitio
1468 542 1648 578 continebat
1670 542 1753 590 quod
1786 543 1858 590 ipsi,
1884 543 1975 590 qui-

1202 591 1261 626 bus
1283 592 1321 626 ab
1348 592 1527 639 Apostolica
1550 592 1633 627 Sede
1661 605 1715 639 per
1736 593 1806 627 eius
1834 592 1950 637 literas,

1202 650 1234 675 ut
1261 641 1409 676 omnibus
1432 649 1462 677 et
1485 641 1619 689 singulis
1642 642 1825 690 privilegiis,
1849 641 1952 677 indul—

1199 691 1325 737 gennis,
1355 692 1480 738 gratiiS,
1507 691 1764 739 exemptionibus
1802 700 1832 726 et
1858 691 1952 727 libcr-

1201 740 1328 785 ιιιιίΙιιιετ
1362 740 1431 776 aliis
1458 741 1620 776 ca'nonicis
1654 741 1848 788 regularibus
1875 741 1949 777 dieti

1199 790 1331 825 (ii-dinis
1365 791 1554 837 generaliter
1576 791 1747 830 concessis,
1779 799 1809 825 et
1835 791 1951 838 quibus

1200 841 1258 888 ipsi
1282 841 1424 876 canonici
1450 841 1609 887 regulares
1643 849 1674 876 et
1696 853 1805 876 eorum
1830 841 1895 876 loca
1917 842 1948 876 in

1199 903 1314 937 genere
1338 891 1500 939 potiuntur
1521 899 1549 925 et
1572 891 1721 937 gaudent,
1741 890 1799 936 ipsi
1821 903 1950 939 quoque

1198 949 1228 975 et
1259 953 1369 976 eorum
1399 940 1513 975 domus
1543 940 1634 988 potiri
1657 948 1687 975 et
1718 940 1857 987 gaudere
1890 954 1950 977 va—

1199 991 1292 1036 leant,
1333 1003 1520 1026 concessum
1558 990 1622 1025 l'ore
1661 991 1876 1038 dignoscitur,
1911 1005 1948 1027 ex

1197 1042 1291 1076 certis
1325 1053 1434 1076 eorum
1463 1040 1585 1076 animos
1621 1040 1820 1075 moventibus
1854 1042 1950 1076 ratio—

1199 1090 1356 1126 nabilibus
1383 1090 1504 1135 causis,
1540 1090 1675 1138 cupiunt
1701 1102 1734 1125 se
1768 1089 1833 1126 fore
1861 1102 1950 1126 veros

1197 1140 1272 1176 dicti
1321 1140 1452 1175 Ordinis
1487 1141 1645 1188 regulares
1683 1141 1855 1175 canonicos
1896 1153 1951 1187 per

1196 1190 1313 1226 Sedcm
1346 1190 1535 1239 praedictam
1564 1189 1733 1229 declarari,
1761 1199 1790 1224 et
1819 1202 1875 1238 pro
1903 1199 1950 1226 ta-

1198 1240 1308 1276 libus
1303 1253 1332 1275 tn
1358 1249 1517 1296 posterum
1543 1240 1660 1288 ubique
1675 1240 1807 1275 censeri.
1831 1239 1949 1284 Quare,

1199 1302 1254 1337 pro
1289 1298 1374 1337 parte
1407 1290 1519 1338 prioris
1545 1298 1577 1325 et
1603 1289 1828 1325 canonicorum
1858 1302 1949 1337 prae-

1197 1339 1372 1381 dictorum,
1400 1340 1610 1375 asserentium
1637 1340 1722 1386 quod
1752 1339 1809 1387 ipsi
1832 1351 1950 1374 secun-

1197 1389 1272 1425 dum
1301 1389 1455 1437 regularia
1479 1390 1620 1426 instituta
1643 1390 1798 1425 dictorum
1823 1390 1950 1425 canoni-

1197 1451 1305 1475 corum
1329 1440 1520 1486 regularium
1546 1439 1732 1488 profitentur
1757 1447 1787 1474 et
1815 1439 1948 1485 degunt,

1196 1501 1233 1524 ac
1255 1490 1447 1528 rochettum,
1471 1498 1563 1538 prout
1584 1489 1634 1525 alii
1659 1489 1802 1525 canonici
1832 1489 1947 1536 praeli-

1197 1539 1272 1580 bati,
1294 1539 1452 1579 deserunt,
1480 1539 1570 1575 nobis
1603 1539 1661 1574 suit
1687 1539 1847 1574 bumilitet·
1863 1551 1947 1586 sup-

1197 1589 1370 1637 plicatum,
1407 1599 1439 1624 ιιι
1476 1590 1616 1637 ipsorum
1657 1599 1729 1625 voto
1755 1601 1853 1636 super
1887 1589 1948 1624 boc

1196 1648 1374 1687 opportune
1397 1639 1564 1687 providere
1586 1639 1625 1675 de
1653 1639 1846 1686 benignitate
1869 1650 1947 1687 apo-

1196 1689 1304 1725 stolica
1331 1689 1544 1737 diguaiQemur

1245 1739 1266 1786 g
1291 1741 1325 1773 2.
1355 1739 1418 1775 Nos
1445 1740 1551 1787 igitur,
1577 1739 1756 1775 buinsmodi
1784 1737 1947 1786 supplica-

1198 1789 1336 1824 tionibus
1372 1790 1524 1831 inclinati,
1559 1790 1694 1836 priorem
1728 1797 1756 1824 et
1778 1788 1948 1823 canonicos

1197 1838 1236 1873 de
1283 1839 1526 1887 congregatione
1561 1838 1742 1875 huiusmodi
1784 1838 1880 1873 fuisse
1917 1846 1947 1874 et

1197 1900 1266 1923 esse
1293 1901 1382 1925 veros
1408 1890 1580 1925 canonicos
1607 1889 1766 1936 regulares
1788 1888 1862 1923 dicti
1885 1887 1949 1923 Or-

1197 1938 1289 1978 dinis,
1328 1940 1511 1975 auetoritate
1547 1940 1716 1987 apostoliea
1744 1947 1773 1974 et
1800 1950 1836 1972 ex
1864 1945 1948 1973 certa

1197 1989 1338 2029 scientia,
1363 1998 1470 2025 tenore
1495 1989 1707 2037 praesentium
1737 1987 1948 2024 declaramus.

1197 2038 1415 2075 Decerneutes
1442 2039 1527 2087 quod
1557 2039 1615 2087 ipsi
1652 2038 1691 2074 de
1718 2048 1842 2074 caetero
1878 2050 1951 2086 per-

1199 2089 1302 2137 petuis
1322 2089 1436 2125 suturis
1452 2089 1650 2137 temporibus
1666 2101 1722 2136 pro
1739 2088 1854 2125 talibus
1873 2100 1950 2123 cen-

1197 2139 1278 2183 seri,
1302 2139 1408 2175 baberi
1431 2148 1460 2174 et
1487 2139 1636 2186 reputari,
1659 2151 1782 2174 necnon
1802 2137 1951 2174 omnibus

1198 2198 1227 2224 et
1255 2189 1389 2236 singulis
1417 2189 1676 2237 praeeminentiis,
1708 2189 1802 2224 etiam
1831 2188 1861 2222 iu
1887 2200 1949 2235 pu-

1199 2239 1290 2274 blicis
1324 2239 1447 2274 actibus
1490 2251 1527 2274 ac
1563 2239 1734 2286 privilegiis
1769 2247 1801 2274 et
1832 2238 1950 2284 gratiis.

1198 2289 1315 2336 quibus
1338 2290 1467 2337 praefati
1491 2289 1632 2325 canonici
1660 2288 1824 2335 ⁴regulares
1855 2300 1951 2333 geue-

1200 2339 1303 2374 raliter
1331 2339 1494 2386 potiuntur
1532 2347 1561 2374 et
1597 2338 1761 2386 gaudent,
1795 2338 1886 2386 potiri
1921 2347 1949 2372 et

1198 2389 1336 2435 gaudere
1355 2389 1501 2433 debeant,
1521 2397 1553 2423 ιιι
1570 2389 1746 2424 existentes
1770 2389 1832 2423 veri
1852 2400 1950 2423 cano-

1199 2439 1260 2474 nici
1278 2439 1436 2486 regulares
1450 2438 1583 2474 Ordinis
1599 2437 1775 2486 praelibati.
1799 2438 1846 2473 Ac
1860 2450 1950 2472 ntan-

1199 2488 1309 2524 dantes
1332 2500 1606 2536 quorumcumque
1641 2487 1781 2523 locorum
1817 2487 1949 2522 dioece—

1198 2539 1306 2583 sanis,
1343 2547 1373 2573 nt
1413 2550 1467 2574 eos
1504 2551 1560 2590 pio
1598 2537 1713 2573 talibus
1750 2538 1779 2572 in
1816 2536 1949 2584 singulis

1201 2588 1338 2635 publicis
1365 2597 1395 2623 et
1425 2588 1495 2624 aliis
1530 2587 1653 2624 actibus
1684 2587 1805 2624 censeri
1837 2587 1949 2622 faciant

1198 2650 1234 2674 ac
1256 2639 1348 2674 οιίιιιι
1373 2639 1521 2686 reputari.

1234 2700 1273 2736 (t)
1290 2701 1344 2728 lioc
1364 2700 1432 2728 idem
1453 2700 1571 2728 decrevit
1589 2700 1637 2727 lul.
1656 2699 1686 2727 ΙΙ.

1967 289 2017 316 An.
2035 290 2053 316 C
2087 290 2151 317 1255

1973 459 2000 477 (m
1991 464 2029 478 π;ιι
2033 463 2080 484 re„—
2072 462 2088 476 ι
2094 464 2148 478 tion

1965 481 2045 539 §.upplu-
2050 493 2091 509 ιιιο
2111 497 2150 516 pro

1965 521 2015 539 uhtu
2026 521 2079 540 onita
2107 522 2147 541 de-

1965 527 2021 572 r-itar
2025 552 2068 571 tion
2057 557 2082 572 ne
2112 552 2146 574 sats

1965 583 2033 607 quain
2046 583 2128 604 rubrica
2144 600 2147 601 ι

1977 1752 2094 1774 Det-tarano
2108 1753 2147 1774 ltn-

1963 1784 1994 1804 ius
2019 1782 2128 1805 nonunt-ts
2141 1799 2147 1807 ,

1963 1815 2017 1841 quod
2033 1815 2067 1835 isti
2081 1820 2149 1836 cntio-

1964 1847 2004 1866 niti
2029 1849 2076 1867 sunt
2100 1847 2144 1867 veri

1964 1878 2060 1898 canonici
2084 1882 2150 1903 regu-

1964 1909 2020 1930 lares
2030 1908 2116 1930 Ordinis
2126 1907 2148 1929 S.

1964 1940 2073 1967 Augustini
2081 1942 2102 1960 et
2113 1945 2149 1960 ao-

1964 1977 2008 1992 rum
2030 1970 2148 1998 privilegiis

1964 2003 2072 2030 potiuntur
2084 2002 2118 2025 (tt.
