2281 3251
224 281 274 310 Aa.
291 282 320 310 C.
341 282 406 310 ta56

240 1276 358 1298 Exordium.

222 1525 342 1552 Appellatio
351 1530 392 1547 non

209 1557 269 1577 duur
291 1564 302 1577 ι
318 1563 394 1578 rone-

209 1587 282 1608 ctione
307 1588 391 1614 praeta-

209 1621 286 1644 torum,
302 1619 343 1639 nisi
367 1620 393 1640 de

209 1647 296 1670 lic-nita
315 1649 392 1671 Summi

209 1679 324 1701 Pontiflcts.

470 271 515 305 22

460 338 654 378 praelatorum
678 341 756 367 extra
779 336 1044 374 congregationem,
1062 351 1099 356 —
1122 334 1165 364 tt.

459 383 515 413 Aut
537 382 758 412 rontestanduni
794 382 821 410 in
845 380 972 420 qualibet
996 387 1094 408 rausa.
1128 396 1166 401 —

461 428 506 457 15.
523 426 570 457 lus
585 436 649 456 vero
667 426 803 456 monachi
824 425 947 454 habeant
960 433 990 453 ea
1005 423 1164 462 repetendi,

459 482 544 513 quae,
559 472 582 501 si
600 472 627 501 in
646 471 764 501 saeculo
783 474 891 503 essent,
904 473 1034 507 repetere
1052 468 1164 506 potuis-

461 523 532 547 sent.
555 533 594 539 —
628 516 670 544 16.
692 514 898 544 Εοιιΐοςείοιιιέ
921 512 1021 541 audire
1050 512 1163 550 possint

457 568 484 592 et
506 561 659 591 absolvere
678 569 691 588 a
715 558 834 588 casibus
857 566 914 587 non
938 556 1104 586 reservatis.
1125 573 1164 578 —

460 608 502 637 ¹7.
523 606 669 636 Desectuin
690 603 829 633 natalium
850 602 991 640 patientes
1007 601 1041 630 ud
1062 610 1162 631 sacros

455 652 575 681 ordines
597 655 624 678 ct
643 648 824 688 praelaturas
847 646 1009 684 promoveri
1030 651 1163 684 possunt.

454 714 492 720 —
527 696 569 725 18.
601 693 740 725 Praelati,
771 691 902 730 quamvis
927 699 983 719 non
1008 689 1163 727 benedieti,

456 739 629 771 monasteria
655 741 778 776 possunt
801 744 910 773 regere.
926 752 964 756 —
984 735 1028 764 10.
1052 735 1089 765 Ex
1108 736 1162 771 iis,

454 795 528 825 quae
551 788 649 814 contra
674 782 743 812 haee
768 785 874 810 statuta
898 780 1054 818 contigerit
1071 785 1163 810 atten-

454 832 526 866 tari,
559 827 672 858 nullum
704 826 816 855 eisdem
853 825 1066 864 praeiudicium
1100 826 1161 864 pari

452 875 520 905 vult.
549 891 587 896 —
617 874 664 903 20.
688 872 812 901 Litterae
836 870 1012 910 apostolicae
1036 871 1064 900 in
1087 880 1160 900 con·

453 920 584 953 narium,
611 927 668 948 non
689 915 903 956 praeiudicent,
923 915 979 944 nisi
996 920 1110 945 constet
1126 916 1161 946 tle

452 969 547 994 mente
572 962 740 998 pontilicis,
773 960 850 1000 quod
885 959 965 989 hisce
999 959 1160 998 privilegiis

452 1008 577 1038 voluerit
599 1008 749 1046 derogare.
769 1023 808 1029 —
829 1005 876 1034 ⁶21.
899 1004 1082 1034 Obstantium
1105 1005 1159 1035 de-

449 1054 572 1092 rogatio.

453 1116 588 1153 sugemus
614 1115 757 1152 opiscopus
777 1120 871 1143 servus
896 1119 1036 1142 servorum
1051 1112 1114 1146 Det.

544 1162 577 1190 ad
607 1161 768 1197 perpetuam
795 1159 836 1188 ret
859 1158 1026 1188 memoriam.

458 1220 651 1268 Regulareni
681 1220 773 1254 vitam
806 1218 975 1265 agentibus
1008 1218 1160 1265 apostoli-

409 1284 482 1307 cum
499 1270 648 1306 convenit
669 1270 781 1305 adesse
801 1267 1007 1316 praesidium,
1026 1281 1063 1303 ne
1082 1268 1160 1304 forte

408 1320 579 1357 cuiuslibet
601 1319 785 1355 temeritatis
810 1320 957 1353 incursus
983 1327 1035 1352 aut
1058 1330 1112 1353 eos
1143 1331 1157 1353 a

411 1371 574 1418 proposito
597 1378 732 1407 revocet,
755 1376 807 1403 aut
830 1368 926 1403 robur
947 1367 1043 1416 (quod
1065 1367 1158 1414 absit)

410 1420 565 1467 religiosis
589 1419 750 1465 infringat.

456 1470 477 1518 S
497 1473 527 1504 t.
543 1469 720 1517 Cupientes
742 1469 846 1515 itaque
865 1467 1052 1502 dilectorum
1078 1467 1158 1503 lilio-

409 1533 476 1555 rum
496 1518 751 1566 congregationis
766 1517 990 1552 monachorum
1011 1517 1157 1559 Unitatis,

407 1570 482 1606 alias
497 1570 534 1606 de
547 1569 827 1612 observationem)
839 1567 873 1603 S.
887 1567 1024 1602 Iustinae
1034 1581 1157 1604 nuncn-

409 1629 508 1666 patae,
543 1618 683 1665 Ordinis
707 1619 742 1654 S.
784 1617 967 1662 Benedicti,
1006 1617 1097 1653 nobis
1123 1631 1158 1654 ac

407 1669 569 1705 Romanae
590 1669 750 1705 Ecclesiae
779 1667 960 1703 immediate
986 1667 1156 1710 subiectae,

407 1719 697 1768 opportunitatibus
715 1726 745 1754 et
759 1717 948 1762 commodis,
963 1726 1089 1765 propter
1109 1731 1156 1754 eo-

409 1782 477 1805 rum
499 1769 718 1805 excellentiam
747 1768 943 1811 meritorum,
966 1775 1058 1815 atque
1079 1768 1156 1804 vitae

407 1820 662 1857 sanctimoniam,
690 1831 747 1853 nos
769 1818 900 1853 reddere
929 1818 1099 1853 benevolos
1126 1828 1155 1853 et

407 1870 604 1910 favorabiles,
641 1878 726 1904 motu
751 1869 889 1916 proprio,
913 1881 974 1902 non
1002 1868 1038 1902 ad
1069 1869 1157 1915 ipso-

407 1932 477 1954 rum
513 1919 753 1961 monachorum,
781 1930 838 1952 nec
865 1918 1002 1952 alicuius
1027 1917 1155 1952 alterius

407 1981 503 2018 super
538 1970 597 2004 hoc
624 1968 716 2003 nobis
750 1968 872 2003 oblatae
908 1967 1069 2015 petitionis
1106 1969 1155 2003 in-

407 2021 567 2064 stantiam,
584 2018 640 2054 sed
663 2018 703 2054 de
723 2026 826 2053 nostra
851 2029 934 2052 mera
956 2017 1155 2062 liberalitate,

408 2082 446 2105 ne
474 2081 609 2118 nequam
632 2068 763 2116 spiritus
788 2080 907 2103 veneno
928 2068 1038 2103 afflatis
1066 2068 1156 2103 mali-

407 2119 523 2168 gnandi
568 2119 598 2153 in
639 2119 706 2166 ipsa
744 2118 988 2166 congregatione
1027 2117 1154 2153 materia

409 2169 608 2218 praebeatur,
629 2169 814 2204 auctoritate
839 2168 1008 2215 apostolica
1042 2168 1157 2202 statui-

408 2231 490 2260 mus,
515 2219 687 2254 districtius
711 2218 900 2258 inhibentes,
929 2230 967 2252 ne
991 2217 1040 2252 cni
1066 2230 1156 2265 prae-

409 2270 540 2305 latorum
565 2269 613 2304 vel
642 2269 868 2304 monachornm
893 2267 993 2302 dictae
1020 2279 1157 2314 congre-

408 2320 543 2366 gationis
564 2319 604 2354 ab
621 2319 784 2361 insnnnis,
806 2317 1069 2357 ordinationibus,
1086 2331 1155 2353 cor-

410 2369 603 2405 rectionibus
621 2377 650 2403 et
674 2369 829 2404 mandatis
851 2369 979 2415 capituli
1001 2368 1156 2414 generalis

409 2420 474 2455 sive
497 2419 705 2467 praesidentis
727 2431 783 2454 seu
812 2419 1006 2453 visitatorum
1030 2425 1085 2452 aut
1108 2430 1156 2453 re-

409 2479 531 2505 ctorum
560 2469 658 2517 ipsius
686 2469 954 2515 congregationis,
982 2468 1018 2502 ad
1043 2481 1157 2515 qnem-

409 2531 558 2567 cumque,
581 2519 673 2554 etiam
709 2518 746 2553 ad
777 2517 890 2554 Sedem
920 2518 1156 2565 Apostolicam,

410 2569 470 2605 nisi
493 2569 532 2604 de
549 2568 677 2616 speciali
703 2567 827 2603 indulto
841 2569 964 2605 Summi
982 2568 1156 2613 pontificis,

409 2619 499 2655 liceat
529 2618 698 2667 appellare,
721 2618 962 2666 appellationem
996 2617 1157 2654 nibilomi-

443 2681 484 2717 (l)
505 2681 565 2717 Leg.
585 2683 615 2708 de
634 2681 803 2711 observantia
821 2680 871 2716 (n).

998 279 1095 301 nrt-LA
1101 277 1181 300 ΙΙΙΕΜ
1204 275 1365 300 ROMANUM

1969 273 2018 299 An.
2037 273 2064 300 C.
2083 273 2150 300 ¹156

1209 345 1278 372 nus,
1309 332 1334 366 si
1362 343 1455 379 quam
1480 331 1636 377 interponi
1672 331 1851 377 contingat,
1879 342 1952 366 cum

1208 382 1280 417 inde
1302 381 1445 428 sequutis
1468 381 1583 416 irritam
1612 380 1821 416 decernendo.

1255 439 1270 476 ᾗ
1292 435 1324 466 2.
1348 432 1429 466 Cum
1452 439 1555 465 autem
1579 439 1687 465 contra
1709 429 1844 477 aliquem
1862 442 1951 477 prae-
1973 441 2149 476 inenumera-

1207 483 1301 516 lntnm
1319 481 1363 515 vel
1381 481 1567 515 monachum
1585 480 1687 515 dictae
1699 481 1952 526 congregationis
1964 472 2151 526 ζ’,ᾟξυᾞξξζζ

1206 533 1252 577 agi
1276 531 1443 576 contigerit
1470 531 1601 566 civiliter
1633 538 1687 564 aut
1722 528 1996 573 criminaliter,riu
2028 537 2150 564 proceden-

1205 581 1379 616 secundum
1403 580 1649 616 consuetudines
1682 586 1712 614 et
1733 586 1846 614 statuta
1874 591 1952 614 con·
1965 569 2011 589 ‘⁸⁰¹¹'

1205 631 1399 678 gregationis
1435 630 1631 677 praedictae,
1664 629 1740 664 iuris
1773 629 1953 664 communis

1205 681 1359 728 apicibus,
1397 680 1623 723 dilationibus,
1652 679 1815 723 terminis,
1851 678 1952 713 litium

1205 730 1396 766 anfractibus
1411 731 1545 769 omissis,
1561 730 1686 777 procedi
1700 728 1829 773 debere,
1846 737 1953 764 tenore

1206 781 1428 827 praesentium,
1457 780 1602 814 volumus
1629 790 1659 815 et
1687 778 1885 814 mandamus.

1252 833 1272 877 ᾗ
1295 834 1326 865 5.
1349 830 1543 868 Statuentes,
1576 830 1659 875 quod
1695 829 1820 876 praelati
1848 827 1951 864 dictae
1979 838 2129 866 inquirendum

1204 881 1469 927 congregationis,
1486 889 1593 915 contra
1619 879 1790 915 monachos
1808 878 1950 921 eosdem,
1963 874 2152 929 ξζζζξηζζοῖζ·

1203 932 1256 977 qni
1284 931 1439 965 licentiam
1468 943 1501 965 se
1523 930 1561 964 :ib
1585 930 1763 976 Apostoliea
1786 928 1870 964 Sede
1894 929 1949 964 lia·
1963 939 2003 962 que
2019 935 2043 955 *ἀ
2065 935 2149 955 ssvm·

1204 980 1277 1015 bere
1302 980 1437 1015 dixerint
1467 981 1503 1014 ad
1529 979 1613 1014 aliud
1636 979 1860 1027 quodcumque
1882 991 1948 1014 mo·
1963 965 2131 1019 ,Ῐζῖζζὶξᾞω

1204 1031 1375 1065 nastcrium
1415 1031 1480 1065 sire
1518 1030 1620 1065 locuni
1655 1042 1689 1065 se
1725 1027 1949 1069 transferendi,

1203 1081 1330 1114 obtentu
1360 1081 1520 1115 literarum
1543 1079 1806 1127 apostolicarum,
1830 1079 1890 1113 nisi
1920 1078 1948 1113 in

1203 1131 1280 1177 ipsis
1296 1130 1392 1165 literis
1407 1130 1565 1177 specialis,
1581 1130 1738 1165 nominata
1757 1137 1787 1163 et
1802 1139 1949 1175 expressa

1204 1180 1290 1215 lieret
1325 1181 1442 1214 mentio
1475 1180 1513 1214 de
1549 1181 1615 1226 ipsa
1650 1178 1895 1225 congregatione
1921 1186 1951 1212 et

1203 1229 1383 1265 huiusmodi
1414 1229 1536 1264 indulto
1557 1229 1672 1264 ·eidem
1701 1240 1874 1267 concesso,
1900 1239 1951 1262 re-

1203 1280 1353 1319 vocando,
1375 1288 1404 1314 et
1429 1288 1512 1319 tnnc,
1537 1280 1562 1314 si
1587 1279 1663 1313 infra
1692 1287 1753 1313 tres
1776 1289 1901 1312 menses
1919 1276 1949 1312 id

1201 1342 1262 1364 non
1288 1329 1496 1376 impleverint,
1513 1338 1671 1376 tamquam
1695 1336 1802 1362 contra
1821 1335 1950 1374 aposta-

1202 1387 1247 1414 tas
1271 1392 1362 1426 agere
1391 1379 1523 1420 valcant,
1553 1379 1609 1413 nisi
1647 1386 1770 1424 tempus
1799 1378 1827 1411 in
1853 1377 1950 1412 literis

1200 1429 1383 1475 apostolicis
1410 1429 1500 1464 fuerit
1532 1440 1735 1475 expressum,
1760 1427 1836 1462 infra
1865 1426 1948 1474 quod

1200 1491 1233 1513 se
1253 1478 1387 1513 debeant
1409 1478 1446 1512 ad
1471 1478 1650 1513 huiusmodi
1675 1478 1859 1512 monasteria
1884 1477 1950 1512 sive

1200 1528 1267 1563 loca
1302 1529 1520 1568 transtulisse,
1555 1540 1618 1575 quo
1651 1540 1725 1562 casu
1763 1539 1825 1562 non
1863 1527 1950 1574 prius

1199 1590 1291 1624 agere
1308 1579 1429 1625 possint
1448 1587 1556 1613 contra
1579 1590 1644 1618 eos,
1663 1590 1756 1624 quam
1777 1577 1859 1612 dicta
1877 1585 1951 1612 tem-

1200 1640 1274 1676 pora
1299 1629 1410 1663 suerint
1441 1629 1554 1675 elapsa.

1247 1683 1262 1721 g*
1292 1681 1323 1713 4.
1351 1678 1512 1721 Cetei-nn»,
1543 1690 1615 1713 cum
1648 1690 1702 1724 per
1729 1676 1804 1712 alias
1828 1684 1950 1712 nostras

1198 1729 1273 1763 certi
1298 1729 1415 1763 tenoris
1437 1727 1554 1771 literas,
1576 1740 1710 1775 quarum
1735 1734 1876 1762 tenorem
1898 1726 1949 1762 bic

1200 1777 1306 1812 baberi
1331 1777 1475 1813 volumus
1498 1790 1553 1824 pro
1575 1789 1734 1824 expresso,
1758 1784 1948 1812 memoratae

1198 1828 1432 1874 congregationi
1452 1827 1638 1862 duxerimus
1657 1826 1899 1874 indulgendum,
1915 1835 1948 1861 ut

1197 1877 1222 1911 si
1246 1878 1405 1924 contingat
1435 1877 1592 1920 civitates,
1616 1887 1714 1913 terras
1737 1877 1782 1912 vel
1810 1877 1892 1917 loca,
1915 1877 1946 1912 in

1198 1927 1313 1974 quibus
1342 1928 1528 1962 monasteria
1554 1928 1618 1962 sive
1641 1927 1707 1962 loca
1740 1927 1842 1963 dictae
1868 1939 1947 1962 con-

1197 1977 1387 2023 gregationis
1413 1978 1602 2018 consistant,
1633 1978 1844 2013 ecclesiastico
1875 1990 1947 2013 esse

1197 2026 1360 2073 supposita
1399 2027 1576 2071 interdicto,
1612 2027 1670 2074 ipsi
1707 2037 1809 2062 tamen
1845 2027 1948 2064 dietae

1197 2077 1452 2123 congregationis
1468 2077 1593 2124 praelati
1617 2085 1646 2112 et
1669 2077 1827 2122 monachi,
1846 2079 1948 2114 ianuis

1197 2126 1323 2167 clausis,
1340 2126 1514 2162 interdictis
1526 2127 1678 2168 exclusis,
1688 2127 1846 2163 submissa
1861 2140 1946 2166 voce.

1200 2176 1310 2211 missas
1330 2185 1360 2211 et
1376 2177 1434 2211 alia
1457 2176 1561 2212 divina
1580 2177 1678 2213 ollicia
1697 2177 1857 2212 celebrare
1873 2190 1948 2225 pos-

1197 2225 1271 2266 sint,
1295 2239 1363 2266 nos,
1387 2226 1526 2261 volentes
1548 2228 1822 2274 congregationem
1847 2228 1946 2275 ipsam

1199 2275 1354 2310 uberioris
1379 2276 1462 2311 dono
1484 2278 1601 2323 gratiae
1623 2277 1802 2318 confovere,
1827 2286 1858 2312 ut
1888 2278 1948 2313 liu-

1199 2325 1335 2360 iusmodi
1373 2335 1514 2373 tempore
1542 2327 1718 2371 interdicti,
1754 2328 1845 2363 etiam
1868 2340 1947 2364 con-

1200 2376 1296 2418 versi,
1325 2377 1504 2415 commissi,
1536 2376 1689 2424 capellani
1717 2385 1747 2411 et
1775 2378 1861 2421 laici,
1895 2379 1947 2426 qui

1200 2424 1277 2461 intra
1301 2435 1391 2472 septa
1417 2425 1567 2474 ‘ipsorum
1591 2428 1853 2463 monasteriorum
1882 2430 1949 2464 sive

1200 2473 1339 2510 locorum
1361 2488 1416 2523 pro
1432 2485 1571 2523 tempore
1590 2476 1810 2521 habitaverint,
1825 2490 1840 2511 a
1858 2490 1950 2525 prae-

1200 2523 1276 2560 fatae
1293 2526 1544 2573 congregationis
1568 2526 1729 2562 monacbis
1750 2527 1787 2562 ad
1805 2528 1834 2562 id
1854 2528 1950 2575 depu-

1199 2575 1280 2618 tatis,
1308 2576 1419 2610 missas
1445 2585 1475 2612 et
1497 2575 1554 2611 alia
1581 2576 1684 2611 divina
1713 2576 1811 2611 officia
1840 2578 1949 2614 audire

1971 1685 2067 1707 neutra·
2078 1687 2149 1708 divina

1963 1717 2084 1738 celebrandi
2100 1717 2149 1738 offi-

1963 1749 1995 1771 cia
2011 1752 2106 1777 tempore
2116 1750 2150 1771 in-

1962 1780 2047 1804 terdicti
2063 1780 2093 1809 (1)
2105 1789 2112 1806 ς

1235 2640 1404 2708 (¹)¹1{ttende
1411 2645 1511 2670 statuta
1520 2650 1533 2670 a
1546 2643 1645 2671 Concit.
1657 2643 1788 2677 Trident.,
1799 2652 1866 2672 sess.
1877 2652 1947 2678 xxv,

1199 2689 1257 2717 cap.
1293 2685 1318 2707 ⁹.
