2281 3251
884 308 982 332 rxmzx
1012 308 1123 332 annum
1664 298 1731 331 785

346 364 594 399 iurisdictionem
620 364 647 397 in
671 375 887 411 quascumque
911 376 1060 410 personas
1083 364 1190 398 Status
1215 363 1437 404 Ecclesiastici‚
1460 365 1530 398 699
1564 375 1593 396 α.
1622 361 1782 404 Quarum-

345 413 416 449 dam
451 420 602 448 terrarum
627 413 815 459 guliernium
849 413 966 448 eisdem
996 416 1106 448 iterato
1141 413 1371 457 committitur,
1394 415 1468 447 ibid.
1505 414 1533 447 b.
1564 411 1782 447 Emolumenta

345 463 419 497 dicti
447 462 602 508 gubernii,
630 464 703 498 ibid.
728 462 853 506 'l'erras,
875 475 961 497 arces
989 472 1015 497 et
1045 463 1144 497 officia
1172 462 1264 496 Sedis
1292 462 1500 509 Apostolicae,
1529 461 1659 508 siugulis
1681 461 1782 502 annis,

346 512 387 547 illi
411 513 533 547 visitare
558 520 698 560 possunt,
715 514 784 547 700
807 526 836 546 α.
861 512 1066 547 Confirmatio
1085 511 1338 559 praecedentium
1356 520 1383 546 et
1398 512 1528 546 aliorum
1550 510 1782 557 privilegiorum

347 571 377 597 et
400 561 596 604 facultatum,
626 574 684 596 nec
713 574 773 596 uon
794 569 979 596 statutorum
1009 562 1048 597 ab
1077 562 1151 608 ipsis
1180 561 1301 596 clericis
1335 561 1503 605 editorum,
1532 562 1597 595 ibid
1623 561 1640 594 b
1667 568 1697 595 et
1723 573 1782 606 seq.

248 611 400 647 canonici
428 613 597 658 regulares.
632 613 665 646 V.
691 611 951 646 Lateraneusium
975 612 1199 646 canonicorum
1227 618 1282 645 etc.
1309 619 1334 645 et
1356 610 1524 646 Salvatoris
1545 610 1602 654 (S.)
1626 609 1781 645 canonici.

247 661 398 697 Canoniei
427 662 614 696 saeculares,
649 663 682 695 V.
706 662 835 707 Georgii
866 662 921 704 (S.)
945 669 998 695 etc.

248 711 452 747 Canonizatio
475 712 511 746 B.
540 710 696 746 Osmundi
725 711 877 757 episcopi.
910 712 940 745 V.
964 710 1118 745 Osniuudi
1144 710 1203 753 iss.)
1230 718 1282 744 etc.

248 761 450 797 Canonizatio
472 761 506 796 S.
535 760 721 796 Bernardini
750 760 912 795 Senensis.
946 762 975 794 Γ,
1001 759 1216 794 llernardiiius
1240 759 1277 793 de
1300 757 1403 793 Senis.

248 811 451 846 Canonizatio
469 810 504 846 S.
525 811 775 845 Bonaveuturae.
806 811 839 844 V.
863 810 1083 844 Bonaventura
1112 810 1183 852 RS).

249 860 454 897 Canonizatio
472 860 505 895 S.
531 860 689 894 Francisci
714 860 753 893 de
776 859 884 894 Paula.
921 861 953 892 V.
984 859 1170 893 Franciseus
1193 857 1249 901 (S.)
1272 858 1309 892 de
1338 858 1445 892 Paula.

248 910 452 945 canonizatio
474 911 507 944 S.
531 909 693 956 Leopoldi,
719 909 864 943 Austriae
888 909 1048 955 principis.
1082 910 1113 942 V.
1134 907 1314 954 [copoldus
1337 907 1404 950 (S).

249 961 413 995 Cantores.
445 961 477 993 V.
502 959 663 994 Romanae
686 958 800 993 Curiae
824 958 934 993 officia.

251 1008 434 1045 Cardinales
457 1009 487 1043 in
510 1008 698 1044 consistorio
719 1015 842 1055 segreto
865 1007 1061 1054 pronunciati
1081 1019 1143 1041 non
1168 1005 1322 1040 habentur
1344 1006 1419 1040 tales
1447 1005 1623 1051 usquedum
1654 1005 1787 1050 insignia

351 1071 411 1094 non
434 1059 642 1105 susceperint,
665 1060 686 1092 2
702 1060 731 1101 b,
759 1070 816 1092 nec
839 1065 941 1091 votum
967 1057 1080 1091 liabent
1103 1057 1133 1090 in
1156 1055 1301 1101 eligendo
1324 1056 1456 1089 Summo
1481 1055 1630 1089 l‘ontifice
1647 1062 1698 1088 aut
1719 1054 1788 1088 aliis

349 1108 485 1148 actibus,
507 1109 623 1155 absque
647 1109 715 1141 eius
733 1107 868 1147 licentia,
898 1110 918 1140 5
941 1120 970 1140 α.
994 1106 1093 1140 Aliter
1113 1113 1349 1152 praesumentes
1368 1105 1551 1150 puniuntur,
1577 1105 1651 1138 ibid.
1674 1103 1789 1138 Cardi-

350 1158 435 1193 nales
459 1158 610 1203 dignitate
633 1158 745 1191 ceteris
772 1156 974 1195 antecellunt,
999 1158 1044 1189 55
1072 1158 1100 1190 b.
1125 1155 1242 1189 Eorum
1271 1154 1405 1188 oflicinm
1428 1166 1444 1188 a
1467 1153 1503 1187 B.
1534 1153 1626 1187 Petro
1662 1153 1789 1187 institu-

352 1216 430 1251 tum,
459 1209 504 1242 vel
528 1208 611 1242 iussu
637 1207 693 1241 Dei
717 1219 753 1240 ex
790 1206 882 1240 reteri
905 1205 1108 1239 Testamento
1131 1205 1283 1249 originem
1308 1203 1408 1243 traxit,
1432 1204 1505 1237 ibid.
1528 1203 1630 1249 Papae
1657 1201 1789 1237 coadIu-

352 1266 433 1292 tores
458 1258 486 1291 in
507 1257 640 1291 concilio
662 1256 800 1290 Nicaeno
823 1254 1022 1302 appellantur
1043 1253 1228 1297 cardinales,
1250 1262 1278 1287 et
1301 1252 1418 1299 alisque
1441 1253 1565 1287 testium
1590 1251 1790 1286 multitudine

350 1307 553 1342 condemnari
578 1313 751 1353 nequeunt,
775 1306 820 1339 56
847 1317 877 1338 α.
901 1303 1040 1338 Membra
1063 1303 1227 1338 Pontificis
1249 1310 1482 1347 nuncupantur,
1497 1313 1613 1348 cosque
1627 1300 1790 1336 offenden-

355 1366 401 1391 tes
427 1356 529 1391 laesae
553 1355 721 1390 maiestatis
740 1355 782 1389 rei
806 1354 995 1397 iudicantur,
1017 1355 1092 1387 ibid.
1115 1351 1375 1387 praeeminemus
1397 1351 1544 1391 decorati,
1562 1352 1636 1385 ibid.
1656 1353 1684 1385 b.
1702 1349 1789 1385 Con-

353 1407 511 1441 stantinus
534 1406 704 1451 imperator
726 1417 780 1439 eos
804 1412 906 1450 patres
933 1403 1109 1450 appellavit,
1136 1404 1210 1436 ibid.
1243 1401 1384 1435 Romana
1415 1400 1554 1435 Ecclesia
1577 1412 1683 1435 eorum
1716 1411 1792 1435 coe-

356 1465 421 1491 tum
438 1456 549 1490 ceteris
567 1456 765 1489 illustriorem
791 1453 894 1498 liabet,
916 1455 989 1487 ibid.
1005 1452 1129 1494 Quibus
1141 1452 1357 1499 praeeminent
1372 1450 1411 1484 ab
1435 1449 1682 1490 immemorabili,
1699 1452 1743 1484 57
1760 1462 1790 1484 a.

357 1506 425 1541 Hoc
447 1506 528 1541 idem
553 1504 756 1539 obtinuerunt
780 1504 807 1537 in
833 1503 972 1538 conciliis
994 1502 1204 1548 generalibus,
1225 1502 1301 1534 ibid.
1325 1499 1357 1534 In
1381 1500 1528 1534 omnibus
1544 1499 1707 1534 sententiis
1720 1507 1791 1534 ante

355 1568 466 1591 omnes
492 1556 706 1598 nominantur,
733 1555 807 1587 ibid.
831 1556 858 1588 b.
878 1552 912 1587 ln
943 1551 1187 1598 praelationibus
1209 1562 1316 1584 eorum
1345 1549 1479 1595 dignitas
1507 1549 1676 1595 praecellit,
1698 1549 1790 1583 etiam

353 1606 406 1641 ubi
435 1617 496 1641 non
517 1612 674 1650 tamquam
695 1603 879 1646 cardinales,
897 1602 950 1636 sed
975 1610 1093 1636 tantum
1112 1601 1153 1634 uti
1170 1600 1373 1635 ecclesiarum
1393 1598 1520 1644 praelati
1538 1599 1703 1642 intersunt,
1716 1599 1791 1632 ibid.

358 1655 419 1702 Ipsi
443 1667 457 1690 a
481 1654 548 1690 solo
570 1653 667 1701 Papa,
690 1653 739 1687 alii
761 1664 832 1687 vero
860 1652 984 1698 praelati
1007 1651 1045 1686 ab
1065 1651 1139 1697 ipsis
1162 1649 1352 1692 iudicantur,
1371 1650 1416 1682 58
1437 1661 1466 1682 a.
1490 1647 1524 1682 In
1540 1647 1692 1683 electione
1706 1647 1792 1682 Pon-

359 1705 461 1744 tificis,
490 1711 614 1738 servent
639 1703 828 1749 praescripta
856 1703 884 1735 in
909 1701 1050 1736 conciliis
1076 1699 1280 1746 Lngdunensi
1318 1706 1348 1732 et
1370 1697 1530 1742 Viennesi,
1553 1699 1597 1731 87
1621 1699 1648 1732 b.
1678 1696 1794 1732 Cardi-

357 1755 443 1789 nales
469 1754 596 1789 Curiam
620 1753 797 1788 Romanam
825 1759 994 1798 sequentes
1034 1750 1073 1785 ab
1108 1762 1141 1784 ea
1170 1748 1324 1783 absentari
1353 1755 1513 1793 nequeunt
1547 1748 1619 1781 266
1643 1748 1685 1788 b;
1713 1746 1793 1781 circa

359 1805 455 1839 vitam
479 1812 509 1839 et
532 1815 637 1837 mores
664 1801 885 1845 reformantur,
909 1802 977 1834 607
1001 1813 1031 1834 α.
1056 1798 1189 1834 Visitare
1212 1805 1360 1833 tenentur
1387 1797 1495 1831 saltem
1528 1796 1624 1831 semel
1646 1796 1676 1830 in
1711 1807 1794 1830 anno

357 1854 517 1888 titulorum
546 1852 625 1893 loca,
654 1853 724 1886 608
747 1864 785 1889 α,·
811 1850 898 1885 nimii
928 1861 989 1884 non
1011 1849 1072 1883 sint
1100 1849 1130 1882 in
1154 1847 1369 1882 subveniendo
1396 1845 1662 1892 consanguineis,
1692 1846 1793 1886 ibid„-

358 1904 387 1938 in
412 1902 609 1938 commendis
632 1902 760 1936 vicarios
780 1907 923 1944 teneant,
944 1901 1039 1939 ibid.,·
1067 1909 1237 1945 carumque
1273 1897 1421 1931 ecclesias
1456 1896 1627 1930 instaurent
1658 1902 1688 1930 et
1713 1894 1793 1930 bona

357 1961 554 1989 conservent,
576 1953 650 1986 ibid.
673 1953 708 1991 b;
731 1950 804 1997 quid
828 1961 952 1985 servare
971 1948 1104 1983 debeant
1138 1948 1220 1983 circa
1243 1946 1439 1981 familiarium
1468 1957 1634 1980 numerum
1660 1953 1691 1979 et
1716 1956 1795 1992 qua-

355 2003 467 2046 litates,
483 2002 778 2048 etcircaimpensas,
804 2001 897 2038 ibid.;
923 1998 994 2033 fidei
1019 1997 1285 2032 conservationem
1307 2003 1336 2031 et
1357 1995 1610 2043 propagationem
1629 1994 1795 2041 praecipue

357 2060 491 2096 curent,
515 2053 584 2086 609
608 2053 643 2089 b‚·
665 2051 690 2085 si
714 2050 803 2096 legati
828 2058 855 2082 et
881 2048 1108 2096 gubernatores
1136 2048 1197 2081 rint
1221 2045 1468 2092 provinciarum,
1496 2045 1537 2079 ibi
1561 2044 1714 2079 resideant
1730 2071 1737 2085 ,
1759 2055 1796 2078 ac

356 2102 561 2150 personaliter
583 2101 770 2146 gubernent,
786 2101 874 2141 ibid.;
897 2099 921 2132 si
945 2109 1052 2141 secuS,
1079 2096 1194 2131 Curiae
1216 2096 1379 2131 Romanae
1406 2095 1551 2129 intersint
1583 2105 1618 2128 ac
1644 2092 1717 2128 Sedi
1750 2092 1796 2127 Α-

356 2152 526 2198 postolicae
553 2151 709 2188 assistant.
734 2151 804 2183 GlO
826 2162 856 2183 α.
880 2148 968 2190 Quae
992 2148 1152 2194 impensae
1176 2158 1230 2194 pro
1257 2144 1461 2180 cardinalium
1490 2143 1651 2179 funeribus
1679 2142 1795 2176 facien-

356 2203 425 2243 dae,
452 2203 528 2236 ibid.
556 2199 741 2235 Cardinales
779 2211 841 2233 non
865 2198 1003 2233 revelent
1026 2209 1061 2231 ea
1086 2208 1181 2243 super
1215 2207 1296 2243 quae
1318 2194 1476 2229 silentium
1499 2193 1650 2228 indictum
1679 2192 1736 2226 fuit
1778 2205 1792 2226 a

355 2251 509 2286 Pontifice
531 2251 562 2284 in
586 2249 784 2292 consistorio,
807 2250 882 2283 ibid.
906 2247 1031 2282 Poenae
1048 2246 1275 2281 offendentium
1291 2244 1477 2280 cardinalem
1509 2243 1644 2291 aliquem
1661 2249 1713 2277 aut
1728 2241 1795 2276 eius

357 2301 488 2336 domum
513 2299 739 2338 invadentium,
768 2300 838 2332 649
866 2311 885 2332 a
906 2305 935 2332 et
958 2310 1018 2343 seq.

260 2351 409 2387 Caritatis
432 2349 670 2386 confraternitas
698 2361 754 2396 pro
776 2347 969 2396 pauperibus
985 2346 1165 2381 mendicare
1188 2343 1449 2380 erubescentibus
1464 2351 1493 2377 et
1516 2341 1714 2377 incarceratis
1728 2340 1796 2375 Ro-

360 2423 428 2446 mae
457 2410 610 2454 instituta,
640 2410 708 2442 759
736 2410 771 2448 b;
793 2407 996 2442 confirmatur
1020 2418 1055 2441 ac
1078 2403 1494 2440 inareliiconfraternitatem
1518 2402 1661 2449 erigitur,
1681 2402 1749 2435 740
1764 2412 1796 2435 α.

356 2470 485 2517 Propria
513 2476 627 2504 statuta
655 2467 764 2502 fratres
785 2465 922 2501 condere
944 2472 1086 2513 possunt,
1107 2466 1180 2499 ibid.
1204 2465 1231 2497 b.
1256 2461 1484 2509 Indulgentiae,
1500 2461 1576 2495 ibid.
1600 2460 1687 2495 Bona
1702 2470 1798 2506 quae·

357 2540 493 2576 cumque
521 2526 764 2563 confraternitati
782 2524 918 2572 relinqui
950 2531 1094 2572 possunt,
1119 2525 1183 2557 741
1216 2523 1244 2556 b.

262 2588 462 2624 Carmelitae.
494 2587 527 2620 V.
552 2585 722 2628 Albertus,
750 2582 934 2631 patriarcha.

261 2646 412 2691 Carolus,
440 2644 663 2692 Hispaniarum
693 2655 760 2686 rex,
783 2642 914 2689 eiusque
937 2640 1051 2676 coniux
1071 2639 1306 2675 Catliolicorum
1322 2636 1414 2672 titulo
1437 2636 1659 2683 insigniuntur,
1678 2635 1748 2670 692
1762 2646 1794 2669 a.

262 2704 475 2741 Cartusiensis
502 2702 589 2738 Ordo
616 2701 723 2737 obedit
751 2700 846 2748 priori
876 2699 1000 2736 maioris
1029 2699 1142 2735 domus
1169 2697 1331 2733 Cartusiae
1367 2703 1397 2732 et
1423 2693 1640 2731 definitoribus
1668 2692 1794 2741 capituli
