2281 3251
238 267 290 294 An.
312 264 342 294 C.
354 264 422 293 ¹5¹3

487 253 557 288 646

439 320 544 356 ficales
560 319 703 361 maiores,
718 325 769 352 aut
785 316 957 363 collegiatis
974 316 1114 351 ecclesiis
1130 317 1186 351 bu-

438 370 571 404 iusmodi
597 368 786 416 principales
813 366 947 410 suerint,
976 379 1029 412 per
1056 366 1184 401 eosdem

438 421 605 454 servitores
621 428 648 452 et
666 429 815 465 personas
837 418 866 451 in
889 417 1014 451 titulum
1032 417 1078 451 vel
1096 429 1186 451 com-

437 470 581 504 mendam
609 477 660 502 aut
693 468 768 503 alias
802 479 885 501 nuuc
912 475 940 501 et
965 479 1020 513 pro
1043 475 1184 514 tempore

436 519 574 558 obtenta,
597 530 632 552 ac
649 530 696 552 res
719 527 747 551 et
771 518 848 551 bona
866 528 1086 564 quaecumque
1109 529 1186 551 mo-

435 568 507 603 bilia
529 577 558 603 et
581 567 776 607 immobilia,
807 566 981 613 praesentia
1005 575 1034 601 et
1058 566 1157 601 futura
1176 594 1183 607 ,

434 618 472 652 ab
486 618 570 652 omui
584 618 650 652 iure
666 628 939 664 quarumcumque
955 616 1182 663 parochialium

433 668 648 706 ecclesiarum,
661 667 738 701 infra
754 679 887 714 quarum
905 667 1020 701 limites
1033 667 1183 707 existunt,

433 729 487 752 sen
511 730 644 765 quarum
668 717 848 764 parochiani
878 729 932 763 pro
949 726 1088 764 tempore
1102 717 1184 751 exti-

434 767 546 807 terint,
575 767 806 806 iurisdictione,
834 766 994 807 dominio,
1017 775 1182 813 potestate,

433 817 605 852 visitatione
632 825 662 852 et
691 817 886 852 correctione
915 816 1181 864 patriarcharum,

431 866 753 914 archiepiscoporum,
768 867 989 914 episcoporum
1005 874 1035 900 et
1049 867 1181 902 aliorum

432 915 659 951 ordInariorum
696 929 870 972 coiumque
900 916 1101 958 officiatum,
1130 917 1182 951 ri-

431 966 598 1009 cariorum,
613 967 901 1002 commissariorum
917 976 946 1002 ct
962 966 1094 1001 aliorum
1108 978 1181 1013 quo

431 1028 649 1064 r,umcumque
664 1026 755 1051 etiam
771 1017 1014 1064 apostolicorum
1040 1016 1179 1051 iudicum

430 1073 459 1100 et
491 1066 731 1113 delegatorum,
765 1075 827 1102 tam
867 1066 1180 1122 ecclesiasticorum,

429 1127 522 1161 qnam
545 1117 777 1161 saecularium,
805 1117 898 1152 etiam
927 1117 950 1151 si
980 1117 1102 1152 mixtim
1126 1128 1180 1152 or-

430 1165 540 1200 dinarii
568 1175 598 1201 ct
613 1166 746 1213 delegati
765 1175 794 1202 et
808 1167 885 1202 alias
906 1167 1181 1215 qualitercumque

429 1214 595 1261 qualificati
622 1216 759 1259 fuerint,
787 1217 958 1252 eximimus
985 1226 1013 1251 et
1044 1216 1180 1252 totaliter

428 1264 610 1306 liberamus,
632 1275 661 1300 et
684 1267 798 1301 subB.
829 1267 910 1301 Petri
935 1267 1121 1314 patrocinio,
1143 1279 1179 1301 ac

1015 262 1203 285 uenatum!
1231 261 1392 284 nouatum

1228 326 1257 351 et
1284 316 1508 357 immobilibuS,
1535 329 1811 365 quorumcumque
1838 315 1979 352 valorum

1228 367 1374 410 existant,
1390 379 1462 402 cum
1479 368 1734 415 quibuscumque
1750 367 1904 414 personis,
1918 375 1979 402 tam

1227 417 1449 451 ecclesiasticis
1489 430 1582 464 quam
1615 418 1845 456 saecularibus,
1871 418 1981 452 cuius-

1228 479 1363 514 cumque
1387 466 1547 514 qualitatis
1570 467 1615 503 vel
1641 468 1898 515 praeeminentiae
1913 467 1982 502 exi-

1227 516 1439 561 stentibus,ac
1454 517 1608 561 ecclesiis,
1620 518 1713 553 etiam
1732 516 1980 562 cathedralibus,

1228 567 1490 612 metropolitanis,
1509 567 1752 613 parochialibus,
1771 567 1980 614 hospitalibus

1228 616 1272 650 vel
1288 617 1356 651 aliis
1371 617 1535 663 quibusvis
1551 617 1610 664 piis
1626 617 1704 652 locis
1718 627 1909 664 permutare;
1923 629 1978 653 seu

1227 665 1306 701 bona
1324 667 1579 714 archihospitalis
1593 676 1624 702 et
1637 667 1852 702 membrorum
1870 667 1980 702 liuius-

1226 716 1334 760 modi,
1357 729 1428 751 cum
1458 716 1627 764 praedictis
1653 725 1682 752 et
1719 717 1884 764 quibusvis
1911 718 1979 752 aliis

1227 766 1381 812 personis,
1403 767 1495 802 etiam
1519 767 1741 802 ecclesiasticis
1763 766 1810 802 vel
1832 766 1978 802 saecula-

1226 816 1323 861 ribus,
1340 829 1375 852 ac
1397 817 1541 852 ecclesiis
1562 825 1593 852 et
1608 817 1684 852 locis
1708 816 1886 864 praedictis,
1903 828 1976 852 cum

1224 866 1342 913 quibus
1363 866 1619 914 archiliospitalis
1641 875 1671 901 et
1689 866 1904 902 membrorum
1922 866 1976 902 hu·

1226 916 1362 952 iusmodi
1376 917 1588 952 conditionem
1601 917 1726 952 efficere
1741 917 1900 964 potuerint
1915 929 1979 952 me·

1225 966 1346 1011 liorem,
1362 967 1392 1001 in
1407 967 1639 1015 emphyteusim
1661 975 1857 1014 perpetuam,
1872 975 1903 1002 et
1917 966 1977 1001 sub

1223 1028 1328 1051 annuo
1351 1029 1472 1052 canone
1497 1018 1563 1052 sive
1582 1029 1693 1062 censu,
1715 1028 1770 1052 seu
1794 1016 1832 1051 ad
1850 1025 1978 1064 tempus

1224 1067 1268 1101 vel
1283 1067 1371 1112 alias,
1387 1068 1504 1103 totiens
1521 1068 1670 1114 quotiens
1684 1079 1764 1114 opus
1778 1066 1882 1107 fuerit,
1898 1079 1977 1102 con-

1223 1116 1368 1162 cedendi,
1385 1126 1537 1152 eteorum
1557 1118 1656 1165 pretia
1676 1118 1706 1151 in
1728 1116 1863 1152 fabricas
1876 1124 1907 1151 et
1923 1129 1977 1152 su-

1222 1168 1445 1203 stentationem
1479 1179 1655 1215 pauperum
1677 1165 1915 1213 achihospitalis
1947 1174 1978 1202 et

1222 1217 1438 1253 membrorum
1454 1217 1637 1252 huiusmodi
1661 1215 1877 1255 convertendi,
1898 1216 1977 1252 tibe-

1222 1279 1285 1300 ram
1311 1267 1468 1303 licentiam
1497 1276 1527 1302 et
1554 1267 1732 1302 facultatem
1756 1266 1973 1302 concedimus.

1998 262 2048 290 An.
2064 261 2093 290 θ..
2113 263 2179 292 1815

1269 1317 1290 1363 5³
1319 1318 1351 1351 6.
1382 1317 1551 1363 Quocirca,
1576 1316 1808 1352 venerabilibus
1825 1316 1973 1352 fratribus
1995 1326 2176 1350 axae-:torentin-

1222 1367 1348 1407 nostiis,
1357 1369 1514 1402 universis
1527 1376 1558 1402 et
1571 1367 1972 1414 singulisarchiepiscopis,
1986 1358 2175 1412 {2:‚222222‘fa'

1221 1417 1402 1465 episcopis
1394 1430 1429 1452 ac
1452 1417 1576 1452 dilectis
1595 1418 1665 1451 liliis
1686 1416 1864 1461 abbatibus,
1881 1417 1972 1464 prio·
1987 1421 2117 1449 rr¹=¹¹⁰r¹0n
2134 1421 2177 1443 d·-

428 1324 533 1349 nostra
545 1316 886 1361 etSedisApostolieae
910 1317 1107 1364 protectione
1123 1329 1178 1351 sn-

428 1365 592 1411 scipimns,
604 1378 640 1400 ac
655 1367 745 1401 nobis
755 1375 783 1401 et
801 1366 944 1401 Romano
961 1366 1107 1401 Pontifici
1123 1379 1178 1413 pro

429 1424 567 1461 itf'ntltfflc
591 1416 735 1450 t'Xisls'ssll
765 1417 947 1452 immediate
975 1416 1176 1451 Sttbiicittltts.
1986 1455 2054 1481 punt

428 1463 469 1498 lta
486 1466 577 1520 quod
603 1466 805 1512 patiiarcliae,
819 1467 1071 1522 archicpiscopi,
1089 1467 1179 1501 ordi-

426 1514 516 1559 narii,
544 1514 704 1560 olsiciales,
732 1517 848 1557 vicarii
873 1517 1093 1557 commiss-iiii,
1121 1529 1177 1551 rc—

427 1542 528 1599 ctore⁷s
554 1574 583 1599 et
608 1565 725 1601 indices
749 1567 916 1612 praedicti,
941 1575 1121 1614 praesentes
1148 1575 1178 1601 ct

426 1614 535 1659 futuri,
558 1615 673 1650 nullam
693 1616 956 1662 iurisdictionem,
971 1617 1179 1664 superiorita—

427 1672 501 1704 tem,
517 1667 747 1707 auctoritatem,
767 1666 955 1710 dominium,
977 1675 1177 1714 potestatem

427 1714 633 1750 visitationem
674 1725 728 1751 aut
755 1718 983 1752 correctionem
1013 1717 1042 1752 in
1071 1716 1178 1752 archi-

426 1763 592 1810 hospitale,
616 1766 754 1801 membra
778 1776 808 1801 et
824 1779 976 1814 personas
997 1779 1048 1808 ac,
1064 1768 1178 1802 liuius-

427 1814 511 1849 modi
535 1815 661 1850 servitio
683 1817 827 1860 dni-ante,
849 1817 1028 1862 servitores,
1051 1830 1178 1852 eorum-

426 1876 488 1911 que
502 1864 662 1904 bem—sicia,
677 1878 726 1901 res
737 1875 767 1901 et
782 1867 861 1902 bona
878 1866 1072 1912 huiusmodi,
1089 1880 1179 1914 prae-

426 1914 524 1949 sentia
548 1923 578 1949 et
601 1914 716 1950 futura.
736 1925 843 1964 utpote
871 1930 1001 1972 prorsus
1016 1927 1179 1963 exemptas

426 1972 456 1998 rt
478 1973 620 2012 exempta
637 1993 645 2009 ,
681 1967 774 2000 etiam
799 1967 917 2001 ratione
945 1980 1178 2014 cuiuscumque

426 2012 531 2049 delicti
553 2023 607 2050 aut
629 2025 807 2051 contractus
825 2029 881 2051 seu
906 2030 949 2051 τοι
971 2017 1009 2052 de
1022 2030 1081 2064 qua
1097 2030 1178 2065 age-

427 2073 526 2109 retur,
554 2065 747 2113 ubicumque
769 2067 988 2102 committatur
1015 2067 1177 2112 delictum,

427 2117 548 2153 ineatur
572 2129 752 2155 contractus
773 2130 826 2156 aut
849 2133 898 2156 res
921 2121 988 2169 ipsa
1016 2121 1178 2167 consistat,

426 2184 595 2215 exercere,
627 2187 682 2210 seu
715 2185 1072 2217 excommunicationis,
1103 2189 1177 2212 sus-

428 2227 589 2274 pensionis
607 2237 638 2264 et
665 2230 818 2266 interdicti
835 2243 890 2265 seu
906 2230 982 2266 alias
994 2232 1177 2276 sententias,

427 2293 575 2318 censuras
597 2292 626 2318 et
650 2296 767 2331 poenas
788 2285 1017 2321 ecclesiasticas
1040 2287 1178 2333 promul-

427 2349 500 2385 gare
525 2348 692 2385 nequeant.

476 2393 529 2440 g
518 2395 550 2427 ὁ.
575 2393 620 2427 Ac
646 2394 855 2430 confratribus
877 2395 1129 2442 archiliospitalis
1149 2405 1177 2431 et

1221 1467 1308 1501 ribus
1338 1475 1368 1501 et
1395 1467 1465 1502 aliis
1484 1467 1627 1515 personis
1650 1467 1680 1501 in
1704 1467 1855 1513 dignitate
1868 1466 1974 1502 eccle-

1220 1516 1343 1551 siastica
1359 1518 1551 1558 constitutis,
1568 1530 1603 1552 ac
1616 1516 1842 1552 cathedralium
1858 1524 1887 1551 et
1904 1528 1974 1552 me-

1222 1567 1402 1613 tropolitan.
1427 1567 1630 1602 ecclesiarum
1659 1567 1833 1612 canonicis,
1850 1579 1973 1602 necnon

1220 1616 1406 1651 eorumdem
1423 1617 1786 1673 archipresbyterorum,
1808 1617 1975 1665 episcopo-

1221 1680 1290 1701 rum
1319 1666 1508 1702 officialibus
1533 1680 1588 1702 seu
1626 1668 1748 1702 vicariis
1771 1667 1800 1702 in
1823 1667 1975 1714 spiritua-

1223 1716 1305 1752 libus
1324 1717 1535 1763 generalibus,
1553 1718 1685 1753 ubilibet
1712 1718 1905 1758 constitutis,
1921 1730 1974 1764 per

1220 1768 1515 1815 apostolieasciipta
1531 1768 1718 1802 mandamus
1732 1776 1890 1815 quatenus
1914 1767 1973 1815 ipsi

1221 1818 1266 1851 vel
1284 1818 1347 1852 dno
1377 1826 1431 1853 aut
1445 1831 1527 1853 unus
1542 1831 1665 1862 eornm,
1684 1830 1738 1865 pei
1749 1830 1782 1853 se
1804 1818 1851 1852 vel
1877 1817 1972 1853 alium

1221 1879 1277 1902 seu
1306 1868 1400 1913 alios,
1435 1869 1527 1903 etiam
1561 1869 1587 1902 si
1615 1869 1677 1903 sint
1704 1876 1789 1903 extra
1818 1868 1907 1907 loca,
1941 1868 1972 1902 in

1221 1918 1337 1964 quibus
1364 1919 1503 1965 deputati
1534 1918 1651 1953 fuerint
1691 1926 1929 1953 conservatores
1943 1925 1974 1952 et

1222 1967 1616 2016 indices,arcliihospitali,
1633 1967 1783 2003 membris
1802 1980 1838 2002 ac
1865 1968 1895 2002 in
1913 1967 1974 2004 illis

1220 2017 1409 2064 degentibus
1427 2020 1573 2066 personis
1585 2027 1627 2058 et,
1642 2018 1823 2053 huiusmodi
1840 2017 1974 2053 durante

1220 2068 1359 2112 servitio,
1381 2069 1586 2104 servitoribus
1599 2077 1752 2103 eteorum
1776 2067 1918 2109 cuilibet,
1937 2079 1974 2103 ac

1220 2121 1444 2168 confratribus,
1466 2123 1605 2171 syndicis
1625 2131 1656 2158 et
1673 2122 1863 2158 custodibus
1883 2134 1977 2169 prae-

1221 2175 1291 2212 fatis
1330 2178 1359 2212 in
1394 2178 1578 2226 praemissis
1616 2176 1752 2212 efficacis
1779 2175 1973 2211 defensionis

1221 2231 1377 2278 praesidio
1399 2233 1599 2274 assistentes;
1631 2233 1781 2280 ipsosque
1808 2240 1837 2266 et
1860 2242 1971 2266 eorum

1219 2286 1375 2333 singulos,
1397 2288 1490 2322 etiam
1507 2295 1614 2322 conti-a
1636 2297 1856 2334 quoscumque
1871 2284 1973 2321 bono-

1220 2354 1288 2376 rum
1303 2355 1447 2388 snorum,
1462 2341 1674 2390 spiritualium
1689 2350 1720 2376 et
1736 2340 1971 2387 temporalium,

1219 2408 1255 2431 ac
1276 2397 1571 2446 arcliiliospitale-et
1599 2399 1762 2435 membra,
1791 2408 1827 2431 ac
1850 2396 1881 2430 iu
1911 2395 1972 2431 illis

245 2454 368 2478 eontnirib
379 2457 414 2478 bo·
430 2448 643 2483 membrorum
661 2448 854 2494 huiusmodi,
873 2450 1056 2485 eorumdem
1071 2450 1178 2485 archi-

233 2489 415 2545 ζζὲζῖξζζᾞῗζ
431 2502 592 2550 hospitalis
613 2512 641 2538 et
672 2504 884 2539 membiorum
905 2504 984 2540 bona
1009 2504 1134 2539 mobilia
1148 2514 1178 2539 et

234 2553 417 2610 ἦζζῗζζιᾞῐζζ
431 2557 614 2601 immobilia,
629 2559 720 2593 etiam
745 2558 810 2593 loca
827 2557 1056 2606 Comperaium
1071 2557 1176 2594 Sancti

431 2611 558 2658 Georgii
580 2611 708 2647 lanuen
738 2621 929 2660 nuncupata
956 2613 1129 2660 praesentia
1148 2620 1179 2647 et

234 2615 338 2635 uadi-te.
354 2614 373 2634 fu
376 2614 416 2636 ent-

431 2664 545 2711 futura,
566 2677 622 2713 pro
636 2665 890 2714 quibuscumque
905 2667 986 2713 aliis,
1009 2665 1179 2702 mobilibus

1220 2451 1370 2498 degentes
1392 2463 1421 2487 et
1443 2453 1610 2488 servitores
1625 2450 1819 2492 huiusmodi,
1836 2451 1972 2486 illorum·

1219 2517 1283 2552 que
1305 2506 1455 2542 beneficia
1484 2507 1653 2555 praedicta,
1681 2519 1736 2554 per
1757 2518 1812 2541 eos
1834 2518 1920 2540 nunc
1941 2513 1972 2540 et

1221 2573 1275 2606 pro
1299 2569 1439 2609 tempore
1457 2561 1598 2600 obtenta,
1621 2571 1683 2597 tam
1708 2561 1826 2595 ratione
1854 2571 1970 2607 perso-

1221 2626 1330 2650 narum
1353 2628 1501 2661 suarum,
1520 2628 1613 2664 quam
1635 2615 1711 2650 alias
1738 2614 1877 2661 legitime
1891 2625 1971 2662 spe-

234 2648 298 2666 tuom
311 2646 418 2668 eone-itii:
1307 2670 1311 2675 .
1528 2671 1533 2676 .
1618 2671 1624 2676 .

1220 2676 1368 2706 (stantium
1396 2678 1427 2706 et
1454 2679 1682 2719 ΡΒῘΊΙΠΕΙΠΙΠΠ)
1714 2677 1920 2718 occupatores
1940 2675 1971 2705 et
