2281 3251
229 233 281 260 An.
298 231 328 259 C.
347 232 414 260 1515

234 935 275 956 Sub
291 938 365 963 poeuis
377 938 405 957 in

222 967 326 994 [ligendin

245 1233 329 1255 Romam
349 1240 402 1255 con-

216 1265 325 1291 fugientes
364 1272 401 1292 pro

218 1298 284 1321 graii·
308 1297 341 1317 rel
370 1299 403 1318 iu-

217 1331 260 1348 uat.
270 1334 401 1355 ronnequen-

217 1360 242 1379 da
257 1366 268 1379 a
288 1360 402 1381 solicitato-

217 1391 275 1411 ribus
295 1397 336 1412 non
358 1398 402 1417 gra-

218 1426 300 1443 ventur.

221 1934 313 1961 Magistri
323 1937 398 1956 caert-

213 1974 337 1990 monimum.

479 221 550 254 572

429 294 459 321 et
473 295 615 322 nostrum
636 295 664 320 et
693 285 788 320 huius
814 294 942 321 sanctae
963 284 1057 320 Sedis
1079 285 1185 322 liono-

429 348 494 371 rem
511 363 518 377 ‚
547 348 583 371 ac
615 335 756 370 fidelium
780 336 924 369 omnium
950 336 1126 371 relevamen
1155 344 1185 372 et

427 386 682 421 exonerationem
707 384 852 425 fecimus,
880 397 958 432 quas
981 385 1010 418 iu
1034 385 1185 420 omuibus

427 444 455 470 et
471 448 526 482 per
540 435 646 469 omuia
662 434 874 480 inposterum,
891 435 1055 480 perpetuis
1070 435 1185 470 suturis

428 484 635 532 temporibus,
650 483 872 518 inviolabiliter
885 492 915 518 et
932 484 1133 525 inconcusse,
1148 497 1184 520 ac

425 535 495 569 sine
511 535 614 581 aliqua
627 533 838 567 diminutione
855 533 903 567 vel
921 534 1182 579 transgressione,

425 583 485 618 sub
501 585 629 618 incursu
649 595 822 630 poenarum
843 582 873 616 iu
890 582 989 618 literis
1004 582 1073 617 lulii
1090 596 1184 631 prae-

425 633 602 669 decessoris
625 632 808 667 liuiusmodi
832 641 1067 678 contentarum,
1082 642 1113 668 et
1129 646 1183 669 no-

424 683 508 727 stris,
523 694 611 718 sacro
626 682 980 730 approliantecoueilio,
991 683 1021 716 iu
1040 684 1181 730 proxima

425 732 624 778 praecedenti
653 741 760 767 octava
777 732 920 767 sessione
943 731 1034 767 lectis
1056 745 1092 768 ac
1121 746 1182 780 pu-

422 782 559 823 blicatis,
579 793 814 828 expressarum,
835 789 929 830 prout
952 781 1062 817 inillis
1077 784 1181 818 couti-

422 840 525 874 netur,
544 832 660 866 servari
691 831 848 867 volumus.

470 885 486 925 ἓ
513 883 545 916 5.
570 883 616 916 Ac
634 882 659 916 si
683 882 735 928 qui
757 890 1006 928 transgressores
1020 881 1179 918 eiusmodi

422 939 601 967 nostrarum
618 930 856 966 ordinationum
880 931 920 966 dc
942 933 1100 979 praesenti
1118 932 1182 968 sue-

421 982 503 1023 rint,
522 992 628 1031 per
596 980 725 1016 eosdem
745 980 920 1016 eardinales
937 993 973 1016 ac
1000 982 1046 1016 eis
1066 982 1180 1018 adiun-

420 1039 488 1066 ctos
515 1032 670 1066 acerrime
694 1030 799 1078 puniri
829 1031 988 1071 volumus,
1006 1040 1038 1066 ut
1054 1032 1177 1067 illorum

419 1081 566 1128 exemplo
593 1081 689 1116 ceteri
712 1079 752 1115 ab
774 1081 932 1116 eiusmodi
959 1081 1180 1117 deterreantur

418 1129 616 1166 excessibus.

1011 232 1201 256 Bul-Latum!
1222 233 1388 258 nonum

1227 300 1282 335 pro
1306 287 1461 335 quolibe13
1486 298 1542 334 pro
1564 286 1650 322 obitu
1671 297 1743 322 vero
1762 285 1986 332 cardinalium,

1226 338 1456 384 quinquaginta
1492 337 1623 372 ducatos
1651 345 1680 372 et
1713 335 1789 371 niliil
1827 336 1919 376 ultra,
1954 337 1984 371 in

1227 387 1410 422 utensilium
1440 385 1487 421 vel
1520 387 1589 421 aliis
1625 386 1731 425 rebus,
1765 386 1845 420 iuter
1873 385 1984 422 ambos

1226 437 1362 482 capiant.
1386 435 1448 470 Pro
1476 436 1636 471 creatione
1661 448 1733 470 vero
1755 435 1845 471 ducis
1868 435 1914 470 vel
1930 447 1986 470 ca-

1226 486 1341 533 pitanei
1369 493 1423 520 aut
1450 484 1655 520 confalonerii
1690 484 1724 519 S.
1757 485 1797 520 R.
1821 484 1872 525 E..
1905 485 1985 520 reci-

1226 537 1313 583 piant
1336 535 1422 582 quod
1451 535 1604 570 hactenus
1638 535 1781 581 recipere
1808 546 1986 570 consueve-

1225 595 1310 625 runt,
1327 593 1357 620 et
1380 596 1442 620 uon
1468 584 1561 619 ultra.
1586 583 1669 619 Cum
1690 584 1780 619 miles
1795 592 1920 620 creatur
1937 584 1983 620 vel

1223 635 1387 674 assistens
1399 643 1474 675 tres3
1490 633 1528 669 ab
1547 634 1642 668 unius
1657 634 1752 680 regis,
1766 642 1984 689 quotcumque

1224 696 1357 720 numero
1385 683 1515 724 suerint
1544 695 1605 718 non
1630 682 1709 717 ultra
1732 683 1855 725 decem;
1871 696 1885 717 a
1902 684 1986 731 prin-

1223 734 1303 781 cipis
1329 742 1383 768 aut
1409 733 1648 769 communitatis
1674 733 1844 768 cuiuslibet
1877 742 1985 768 orato-

1223 784 1322 828 ribus,
1334 784 1412 818 ultra
1424 783 1567 831 quinque
1582 783 1726 827 ducatos,
1736 790 1829 817 etiam
1840 794 1856 818 a
1871 790 1985 829 sponte

1999 230 2051 258 An.
2069 229 2098 258 C.
2119 231 2187 259 ¹5¹3

1222 833 1432 878 solventibus,
1457 833 1598 880 recipere
1627 844 1690 868 uon
1715 832 1847 867 valeant.
1879 832 1985 880 Atque
2037 841 2042 846 ·

1223 884 1261 918 ita
1286 883 1416 918 demum
1445 883 1470 917 si
1494 894 1549 917 eos
1577 882 1714 918 comitati
1738 881 1874 923 sueriut;
1897 882 1982 930 quod

1221 933 1246 968 si
1271 934 1302 968 in
1327 932 1509 980 praemissis
1531 931 1793 979 deliquerint,vel
1810 933 1896 978 ipsos
1912 943 1983 967 ora-

1223 991 1307 1018 tores
1330 982 1470 1018 comitati
1497 993 1558 1016 uon
1583 982 1713 1026 suerint,
1728 981 1843 1016 domus
1858 989 1982 1017 nostrae

1222 1032 1385 1079 magister,
1413 1043 1452 1067 ex
1479 1031 1715 1078 provisionibus
1738 1043 1794 1079 per
1820 1030 1981 1079 deposita-

1223 1082 1303 1117 rium
1323 1091 1468 1118 nostrum
1497 1082 1545 1116 eis
1571 1080 1744 1124 soti-endis,
1767 1080 1980 1116 emolumenta

1223 1133 1319 1167 unius
1346 1131 1465 1168 mensis
1488 1131 1615 1165 retineri
1639 1140 1669 1165 et
1690 1130 1750 1165 sibi
1769 1129 1848 1165 solvi
1876 1130 1978 1166 faciat.

466 1184 482 1224 ξ
504 1184 538 1215 4.
560 1179 631 1222 Qua
654 1179 783 1227 quidem
814 1180 995 1228 provisione
1024 1189 1129 1216 nostra
1147 1181 1176 1216 in
1220 1181 1282 1217 Pro
1305 1194 1381 1216 ense
1404 1182 1450 1216 vel
1475 1193 1557 1220 rosa,
1580 1193 1619 1215 cx
1646 1180 1881 1215 consuetudine
1912 1179 1981 1216 Ro-

419 1230 559 1265 futurum
574 1229 764 1266 arbitramur
777 1238 808 1264 ut
823 1242 934 1265 omnes
956 1230 1179 1266 christifideles
1197 1251 1200 1275 ¹
1221 1243 1331 1267 manae
1346 1231 1509 1267 Ecclesiae
1527 1230 1727 1278 principibus
1747 1229 1897 1265 tradenda
1925 1242 1981 1277 per

417 1280 454 1315 ad
473 1280 552 1315 lianc
573 1287 713 1315 sanctam
728 1279 872 1326 Apostol.
887 1280 1022 1321 Sedent,
1040 1293 1095 1327 pro
1110 1293 1179 1327 gra-

418 1330 468 1365 tiis
489 1338 519 1365 et
536 1330 665 1374 iustitia,
685 1329 778 1364 veluti
794 1329 831 1364 ad
857 1330 1024 1376 benignam
1046 1338 1176 1366 matrem

1220 1281 1401 1316 Romanum
1427 1281 1613 1315 Pontificem
1631 1307 1640 1325 ,
1668 1281 1796 1327 antiqua
1837 1289 1981 1315 servetur

1221 1331 1430 1366 consuetudo.
1469 1330 1531 1365 Pro
1567 1330 1743 1365 iuramento
1779 1329 1980 1364 inmanibus

417 1380 646 1426 confugientes,
659 1386 823 1426 postquam
842 1380 920 1414 votis
935 1379 1014 1424 suis,
1029 1379 1177 1415 nullaiu-
1221 1381 1314 1428 primi
1351 1381 1477 1416 diaconi
1513 1379 1684 1415 cardinalis
1714 1391 1770 1427 per
1798 1387 1980 1426 praesentes

417 1429 520 1465 debita
531 1430 693 1465 exactione
702 1428 1047 1474 vexati,satissecerint,
1060 1429 1098 1464 ad
1111 1443 1176 1478 pro-

419 1479 497 1526 pria,
511 1491 572 1514 non
588 1480 656 1514 sine
677 1491 803 1514 summa
827 1479 922 1513 liuius
949 1478 1044 1514 Sedis
1072 1479 1176 1522 laude,

417 1541 558 1565 remeare
575 1529 708 1564 valeant.
727 1528 766 1564 Et
782 1540 820 1563 ne
835 1529 1007 1576 quispiam,
1031 1530 1103 1565 licet
1117 1529 1176 1564 ab-

415 1590 500 1621 sens,
513 1578 622 1614 callida
633 1578 871 1614 sollicitatorum
882 1578 990 1614 fraude
1003 1578 1103 1626 decipi
1124 1589 1176 1615 ant

415 1628 523 1677 aliquo
546 1628 641 1664 modo
669 1628 891 1664 circumveniri
916 1629 1028 1675 possit,
1056 1638 1174 1676 quanta

418 1690 474 1725 pro
486 1690 678 1726 unaquaque
690 1690 722 1713 re
734 1678 891 1713 mercedis
906 1691 1032 1714 summa
1055 1678 1175 1714 officia-

414 1728 498 1763 libus
519 1740 576 1776 pro
599 1728 706 1763 labore
728 1740 788 1764 suo
811 1728 945 1775 persolvi
965 1728 1090 1770 debeat,
1111 1741 1176 1764 om-

414 1777 510 1813 nibus
536 1786 657 1813 certum
689 1790 726 1814 ac
754 1786 865 1813 notum
896 1790 951 1826 per
974 1778 1173 1827 infrascripta

416 1839 487 1863 esse
509 1826 666 1863 volumus.

461 1881 477 1922 ξ
501 1879 533 1913 5
562 1876 595 1913 In
620 1877 742 1925 primis,
757 1877 929 1925 quodcum
945 1878 1084 1925 magistri
1100 1891 1174 1914 cae-

413 1927 626 1962 remoniarum
650 1927 816 1971 hactenus,
840 1928 960 1962 ratione
976 1928 1058 1975 pallii
1080 1929 1173 1964 liuius

413 1977 684 2022 ecclcsiae,cuius
708 1978 828 2012 ratione
856 1978 987 2025 pallium
1013 1977 1080 2012 dari
1095 1990 1172 2013 con·

411 2036 579 2072 sueverat,
609 2040 706 2062 unum
738 2027 888 2062 ducatum
913 2040 968 2074 pro
990 2028 1172 2064 centenario

411 2094 568 2127 summae,
591 2082 630 2118 ad
649 2094 744 2129 quam
770 2082 870 2130 ipsius
883 2082 1035 2118 ecclesiae
1052 2082 1172 2118 fructus

412 2137 443 2171 iu
462 2136 550 2172 libris
563 2135 717 2172 Gamerae
740 2137 832 2171 taxati
855 2136 1070 2184 reperiuntur,
1094 2136 1171 2172 hac-

413 2200 504 2227 tenus
533 2203 645 2238 capere
680 2191 920 2233 consueverint,
946 2192 1171 2238 permittimus;

411 2245 495 2292 quod
524 2246 582 2293 ipsi
607 2246 645 2280 de
673 2254 790 2292 cetero,
807 2258 865 2294 pro
893 2245 1069 2281 traditionis
1092 2246 1166 2282 dicti

412 2299 496 2347 pallii
513 2300 701 2347 rogitu,tres
712 2313 768 2348 pro
783 2301 930 2345 ecclesia,
945 2301 1034 2336 cuius
1051 2301 1170 2337 fructus

412 2353 449 2388 ad
486 2354 696 2401 quingentos,
730 2367 785 2402 pro
813 2355 946 2391 eeclesia
973 2367 1048 2390 vero
1078 2355 1171 2390 cuins

413 2408 535 2444 sanetus
553 2409 590 2444 ad
610 2410 696 2446 mille
718 2410 852 2446 ducatos
867 2411 898 2445 in
914 2411 1002 2445 libris
1017 2410 1170 2447 Gamerae

411 2463 596 2499 huiusmodi
615 2465 706 2500 taxati
729 2466 942 2513 reperiuntur,
961 2465 1115 2512 quinque,
1131 2466 1170 2500 ab

413 2518 486 2554 inde
502 2531 609 2567 supra,
621 2520 857 2568 cuiuscumque
870 2527 958 2555 taxae
971 2519 1088 2555 suerint
1103 2519 1171 2554 fru-

412 2580 482 2608 ctus
510 2573 679 2619 ecclesiae,
702 2586 765 2611 non
795 2575 876 2610 ultra
897 2574 1008 2610 decem
1037 2573 1171 2609 ducatos

411 2626 573 2664 dumtaxat
601 2628 738 2677 capiant.
771 2628 832 2664 Pro
857 2629 1168 2674 creatione,centum

1220 1431 1251 1466 in
1280 1430 1423 1466 Romana
1447 1429 1542 1465 Curia
1572 1437 1734 1476 promotos
1761 1428 1801 1463 ad
1828 1428 1980 1464 ecclesias

1218 1489 1248 1515 et
1282 1480 1320 1515 ad
1349 1480 1540 1516 monasteria
1565 1478 1813 1518 consistorialia,
1835 1490 1890 1513 seu
1923 1491 1980 1526 per

1219 1530 1303 1574 illos,
1317 1530 1436 1578 quibus
1464 1529 1515 1564 illa
1547 1528 1861 1569 commendarentur,
1885 1540 1979 1576 prae-

1217 1580 1341 1625 stando,
1359 1587 1483 1629 praeter
1506 1579 1588 1613 duos
1611 1578 1742 1614 ducatos
1757 1590 1829 1613 cum
1846 1577 1978 1614 dimidio

1217 1629 1347 1665 alterins
1380 1629 1494 1664 similis
1524 1629 1630 1664 ducati
1655 1628 1732 1663 nihil
1756 1628 1888 1663 omnino
1910 1629 1978 1664 exi-

1215 1687 1299 1725 gant.
1323 1679 1546 1715 Cardinalibus
1559 1687 1589 1714 ct
1605 1678 1752 1727 praelatis
1771 1677 1978 1714 celebraturis

1216 1729 1320 1764 debita
1357 1730 1530 1765 reverentia
1565 1737 1595 1763 et
1630 1728 1781 1764 cliaritatc
1817 1728 1976 1770 assistant,

1215 1791 1359 1827 eosque,
1393 1779 1468 1827 quid
1498 1778 1628 1823 deceat,
1656 1778 1733 1825 quid
1763 1778 1975 1813 necessarium

1215 1829 1266 1873 sit,
1289 1837 1444 1876 quantum
1473 1841 1544 1864 esse
1578 1836 1793 1875 opportunum
1819 1827 1976 1868 viderint,

1214 1879 1337 1914 sincere
1373 1879 1564 1914 admoneant
1586 1879 1654 1913 sine
1676 1878 1779 1925 aliqua
1817 1877 1976 1913 mercede.

1213 1929 1283 1964 Non
1309 1929 1406 1976 possit
1428 1929 1585 1976 quispiam
1615 1927 1653 1962 de
1680 1936 1818 1972 caetero,
1833 1927 1887 1974 qui
1906 1927 1976 1975 epi-

1213 1991 1331 2026 scopus
1353 1979 1405 2024 sit,
1422 1979 1573 2026 magister
1597 1978 1692 2012 etiam
1716 1989 1787 2012 csse
1810 1989 1976 2012 caeremo-

1214 2029 1351 2074 niarum,
1378 2028 1432 2064 scd
1467 2029 1572 2063 statim
1602 2040 1673 2063 eum
1697 2026 1880 2062 huiusmodi
1903 2026 1975 2062 offi-

1212 2083 1294 2118 cium
1322 2083 1469 2118 obtinens
1491 2082 1528 2118 ad
1551 2081 1765 2118 cathedralem
1801 2080 1971 2117 ecclesiam

1213 2137 1461 2184 promovebitur,
1489 2137 1632 2172 osticium
1662 2136 1768 2183 ipsum
1793 2148 1902 2171 vacare
1921 2135 1971 2170 in-

1213 2191 1385 2238 telligatur,
1400 2192 1453 2239 qui
1474 2199 1577 2227 tamen
1599 2190 1784 2239 praesidens
1807 2201 1971 2226 remanere

1213 2247 1372 2294 possit,dc
1388 2259 1545 2282 consensu
1560 2254 1668 2281 nostro
1682 2245 1727 2280 vel
1744 2256 1968 2280 successorum

1214 2309 1392 2336 nostrorum
1416 2301 1635 2337 Romanorum
1655 2299 1847 2335 Pontificum
1870 2306 1971 2334 etvo-

1213 2355 1332 2391 luntate
1367 2356 1588 2402 magistrorum
1630 2366 1686 2401 pro
1721 2362 1864 2401 tempore
1900 2352 1971 2389 exi-

1211 2411 1373 2445 stentium.
1397 2410 1438 2446 Ut
1464 2418 1569 2446 autem
1598 2409 1797 2445 sufficienter
1819 2408 1925 2443 omnia
1940 2416 1971 2443 et

1212 2477 1284 2499 cum
1313 2465 1404 2512 plena
1428 2463 1647 2500 universorum
1677 2463 1891 2499 satisfactione
1919 2474 1970 2498 re-

1211 2527 1335 2566 gantur,
1361 2520 1630 2555 ultramontanum
1654 2520 1788 2554 alterum
1804 2545 1812 2559 ,
1835 2517 1967 2552 alterum

1211 2574 1477 2609 citramontanam
1501 2586 1570 2609 esse
1593 2573 1760 2620 magistros
1774 2572 1921 2607 volumus
1936 2571 1967 2605 in

1212 2628 1363 2671 futurum,
1390 2629 1534 2676 duosque
1556 2627 1746 2664 substitutos
1767 2626 1900 2662 idoneos
1923 2636 1972 2661 re·
