2281 3251
115 224 166 253 An.
183 226 212 254 C.
230 227 296 254 1509

137 1873 255 1894 Exordium,

977 232 1083 255 tutus
1106 233 1130 255 lt
1156 233 1206 255 ΡΡ.

359 283 474 318 Datum
498 284 618 318 Romae
640 283 724 330 apud
748 284 899 319 Sanctum
920 285 1063 330 Petrum,

311 332 370 367 sub
391 333 507 367 annulo
522 332 704 377 PiscatoriS,
721 334 771 368 die
795 335 944 381 vigesima
963 336 1062 382 prima

313 382 395 422 maii,
412 381 579 416 millesimo
594 383 852 429 quingentesimo
869 396 963 425 nono,
981 397 1062 432 pon-

312 430 445 465 tificatus
468 432 563 465 nostri
592 444 674 466 anno
698 444 740 466 vi.

355 492 415 522 Dat.
434 492 480 522 die
503 493 536 522 ⁵21
563 493 631 523 maii
652 494 738 529 1509,
759 495 860 533 pontif.
884 505 959 526 anno
978 505 1014 527 vi.

624 659 750 694 xxvtt.

308 732 460 765 Eoetensio
483 732 706 766 constitutionis
722 746 741 767 a
755 734 812 767 Pio
830 735 863 767 ΙΙ
878 736 974 768 editae
988 748 1060 769 cott-

359 788 407 815 ινα
429 782 614 826 appellantes
633 794 651 815 a
672 783 811 816 Romano
841 785 988 827 Pontifice
1020 787 1061 819 acl

357 833 495 874 ficturum
517 832 692 871 concilium,
719 844 881 877 corumque
902 835 1060 878 complices

358 887 383 913 et
409 882 555 924 fautores.

579 950 792 981 SUMMARU‘M

308 1009 476 1040 Exordium.
505 1027 544 1032 —
566 1011 588 1040 l.
610 1011 680 1040 Pius
703 1011 726 1040 ll
744 1011 896 1051 probibuit
919 1014 1059 1052 appellari

348 1054 382 1083 ad
404 1054 535 1084 futurum
555 1055 722 1085 concilium.
739 1056 815 1085 -2
836 1056 934 1086 Veneti
954 1062 1059 1095 tamen,

351 1098 452 1128 moniti
482 1098 517 1128 ab
546 1099 601 1128 isto
632 1099 772 1129 Pontitice
812 1105 842 1129 ut
876 1100 950 1130 bona
975 1101 1059 1131 Sedis

348 1143 477 1182 Apostol.
501 1147 640 1182 occupata
662 1143 852 1181 dimitterent,
875 1145 909 1174 ad
927 1145 1057 1175 futurum

348 1187 451 1216 concil.
479 1192 682 1226 provocarunt.
701 1204 739 1210 --
761 1188 787 1217 3.
800 1187 952 1219 Bentivolii
971 1191 1058 1220 etiam

347 1230 495 1261 Bononiae
528 1236 717 1271 occupatores
740 1233 839 1262 itidem
864 1234 1058 1273 appellarunt.

346 1292 385 1297 —
408 1276 435 1305 lt.
459 1275 492 1306 Et
513 1278 648 1307 nonnulli
677 1278 872 1316 praetendunt
895 1288 951 1308 non
985 1290 1057 1310 cou-

349 1321 501 1358 travenire,
524 1322 548 1350 si
575 1322 681 1352 actuali
705 1323 895 1361 appellationi
925 1328 952 1353 et
980 1326 1057 1355 scri-

346 1369 447 1403 pturae
467 1375 498 1395 se
521 1375 578 1395 non
601 1367 778 1397 immiscent.
797 1384 836 1389 —
851 1368 877 1397 5.
896 1367 1058 1399 Declaratio

347 1409 444 1439 bullae
467 1410 510 1440 Pii
529 1410 562 1440 lt.
577 1428 616 1433 -—-
638 1412 664 1441 C).
684 1412 764 1442 Alias
787 1413 867 1442 addit
887 1422 1004 1452 poenas.
1020 1431 1059 1436 —

348 1454 372 1483 7.
387 1453 562 1484 Venetorum
580 1460 607 1485 et
623 1455 747 1485 aliorum
762 1457 975 1496 appellationes
992 1459 1058 1488 nul-

346 1497 388 1527 las
411 1507 477 1528 esse
497 1499 635 1530 declarat.
653 1518 690 1522 —
706 1501 732 1530 8.
752 1501 836 1539 Loca,
852 1502 974 1541 adquae
991 1512 1059 1534 con-

346 1548 523 1574 traventores
543 1545 701 1582 declinam,
724 1546 879 1576 interdicto
910 1549 1057 1587 supponit.

345 1604 383 1609 —
405 1588 431 1617 9.
454 1587 606 1627 Derogatio
625 1591 849 1621 contrariorum.

377 1657 460 1686 lulius
479 1658 621 1694 episcopus
644 1666 740 1688 servus
763 1667 903 1691 servorum
924 1664 985 1698 Dei.

441 1708 474 1736 ad
497 1709 659 1744 perpetuam
687 1710 729 1739 rei
755 1712 922 1741 memoriam.

354 1770 498 1818 Suspecti
515 1775 559 1816 (1)
579 1774 743 1819 regiminis
759 1788 814 1810 nos
832 1788 906 1811 cura
923 1778 1058 1812 solicitat

305 1830 338 1855 ut
370 1833 481 1855 eornm
509 1823 637 1858 malitiis
664 1833 693 1858 et
721 1825 892 1869 audaciae,
920 1840 1055 1873 quorum

304 1870 433 1905 sceleris
455 1872 587 1907 caecitas
609 1881 639 1907 et
662 1873 859 1910 damnandae
876 1877 1057 1911 ambitionis

304 1919 490 1965 improbitas
525 1923 647 1957 animas
669 1933 864 1971 occupantes
879 1926 1057 1969 (discordia-

304 1982 373 2004 rum
397 1970 517 2006 fautore
544 1984 579 2008 ac
601 1975 806 2010 schismatum
836 1978 998 2012 inventore
1026 1986 1055 2011 et

303 2019 443 2062 alumno,
472 2021 602 2057 humani
630 2026 755 2070 generis
777 2026 906 2061 inimico
934 2039 1055 2074 procu-

304 2074 415 2115 rante),
437 2083 491 2106 eos
518 2073 550 2106 in
585 2073 670 2108 illam
699 2077 906 2111 temeritatem
942 2078 1055 2124 impel-

303 2120 383 2160 lunt,
407 2129 439 2155 ut
465 2134 546 2169 quae
569 2123 627 2157 sibi
654 2136 670 2158 a
699 2124 767 2160 iure
795 2126 959 2161 interdicta
986 2135 1016 2161 et
1039 2140 1054 2162 a

303 2170 420 2205 sanctis
456 2172 617 2219 patribuS,
639 2173 732 2208 etiam
758 2175 788 2208 iu
811 2177 1055 2222 congregatione

303 2219 456 2262 fidelium,
480 2234 535 2267 pro
563 2222 658 2257 huius
680 2232 805 2259 sanctae
830 2225 922 2259 Sedis
950 2225 1055 2272 digui-

303 2279 366 2305 tate
393 2280 422 2306 et
457 2271 618 2308 Ecclesiae
647 2274 766 2308 unitate
799 2275 978 2319 servandis,
1017 2276 1053 2310 ad

303 2320 483 2356 schismatis
510 2323 708 2357 occasionem
738 2323 907 2358 tollendam
929 2328 1001 2372 (quo
1025 2326 1053 2359 in

302 2371 361 2405 Dei
377 2371 518 2406 Ecclesia
541 2372 747 2419 perniciosior
772 2373 901 2408 morbus
924 2374 1053 2409 inveniri

304 2421 352 2455 vix
381 2425 518 2469 potest),
545 2422 667 2468 Spiritu
696 2422 812 2457 Sancto
849 2433 1054 2470 cooperante,

305 2483 366 2506 non
382 2471 487 2506 minus
505 2471 633 2518 provide
652 2480 681 2506 et
703 2472 870 2507 salubriter
887 2485 980 2520 quam
998 2486 1055 2508 ne—

303 2521 436 2555 cessarie
463 2521 587 2556 decreta
611 2530 641 2556 et
663 2529 778 2557 statuta
806 2534 875 2557 esse
898 2523 1053 2562 noverint,

303 2570 448 2605 damnata
483 2570 612 2605 audacia
640 2580 669 2605 et
692 2572 855 2618 exquisitis
883 2573 1002 2607 artibus
1025 2581 1053 2607 et

338 2626 376 2663 (¹)
393 2626 515 2663 Legimus
531 2631 642 2661 suscepti
663 2628 701 2664 (a,
719 2629 768 2664 T.).

1735 225 1804 257 479

1108 287 1271 322 fraudibus
1305 294 1456 322 attentare
1492 296 1610 323 temere
1632 297 1797 329 conentur,
1825 298 1853 324 et

1106 337 1150 370 eis
1174 337 1390 371 contravenire
1413 337 1617 381 contendant,
1645 350 1730 372 nunc
1758 350 1854 373 novo—

1107 398 1172 420 rum
1205 386 1344 421 editione
1378 387 1516 431 iurium,
1539 399 1623 422 nunc
1651 387 1852 434 antiquorum

1106 436 1305 470 innovatione
1341 444 1370 470 et
1406 436 1643 481 declaratione,
1667 449 1752 471 nnnc
1782 449 1854 471 vero

1105 485 1287 520 extensione
1314 494 1344 519 ct
1378 497 1528 520 novarum
1566 498 1737 533 poenarum
1765 486 1854 521 adie-

1105 534 1220 575 ctione,
1249 543 1340 581 prout
1367 534 1536 570 salubriter
1557 535 1703 582 expedire
1725 535 1854 582 conspi-

1105 584 1205 618 cimus
1220 611 1227 623 ,
1251 584 1382 619 solicitis
1406 584 1517 619 studiis
1539 584 1665 620 obviare
1693 597 1852 620 curemus.

1151 635 1171 678 5²
1202 637 1232 667 ¹l.
1268 633 1367 677 Sane,
1394 633 1465 668 licet
1494 634 1567 669 olim
1603 634 1653 669 fel.
1691 646 1753 669 rec.
1777 634 1853 670 Pius

1104 681 1185 728 Papa
1208 681 1247 726 ll,
1276 683 1497 728 praedecessor
1520 691 1635 728 noster,
1663 683 1702 718 de
1723 683 1851 719 fratrum

1103 743 1233 766 suorum
1256 732 1290 765 S.
1306 731 1344 766 R.
1362 733 1395 765 E.
1414 733 1619 767 cardinalium
1644 741 1853 767 cunctorum-

1103 792 1164 826 que
1185 780 1391 827 praelatorum
1416 794 1451 816 ac
1473 782 1569 816 divini
1588 790 1618 816 et
1638 783 1854 817 linmaniiuris

1104 830 1310 876 interpretum
1352 830 1481 866 Curiam
1518 831 1693 866 Romanam
1716 844 1854 879 sequen—

1103 878 1192 919 tium,
1222 879 1251 912 in
1274 878 1376 913 diaeta
1405 892 1459 914 seu
1493 882 1735 926 congregatione
1763 881 1853 916 Man-

1103 936 1196 962 tuana
1228 928 1427 963 existentium
1463 929 1708 976 approbatione,
1733 939 1852 965 matura

1104 977 1190 1023 prius
1226 985 1256 1011 et
1288 978 1376 1023 gravi
1402 980 1572 1024 praemissa
1588 979 1799 1024 discussione,
1822 989 1851 1015 et

1102 1026 1139 1060 de
1153 1026 1337 1061 eorumdem
1353 1037 1612 1074 congregatorum
1629 1029 1769 1063 unanimi
1782 1042 1852 1065 con-

1101 1075 1170 1110 silio
1193 1084 1222 1110 et
1238 1088 1384 1120 assensu,
1403 1090 1437 1111 ac
1459 1090 1496 1112 ex
1520 1085 1604 1112 certa
1627 1078 1769 1119 scientia,
1785 1091 1852 1124 pro-

1103 1126 1280 1160 vocationes
1302 1126 1339 1161 ad
1367 1126 1507 1161 futurum
1536 1127 1718 1170 concilium,
1746 1127 1852 1162 effica-

1102 1175 1237 1209 cissimis
1264 1183 1294 1209 et
1322 1175 1532 1223 palpabilibus
1560 1176 1746 1218 rationibus,
1769 1185 1852 1211 tam-

1101 1236 1194 1271 quam
1218 1236 1366 1260 erroneas
1382 1234 1412 1259 et
1425 1225 1628 1260 detestabiles
1647 1226 1852 1267 damnaverit,

1101 1285 1135 1307 ac
1162 1273 1222 1309 sub
1254 1275 1591 1310 excommunicationis
1619 1275 1698 1310 latae
1724 1283 1853 1310 senten-

1102 1322 1160 1357 tiae
1189 1331 1218 1357 et
1248 1323 1403 1359 interdicti
1437 1325 1545 1371 poenis
1581 1325 1775 1372 praeceperit
1813 1337 1852 1359 ne

1101 1385 1161 1419 qua
1183 1385 1328 1419 persona,
1340 1374 1479 1408 cuiusvis
1498 1374 1670 1420 diguitatis,
1683 1375 1748 1409 sive
1759 1374 1851 1409 etiam

1101 1423 1288 1457 universitas
1308 1431 1361 1457 aut
1379 1423 1560 1469 collegium,
1582 1425 1694 1471 quovis
1708 1424 1852 1470 quaesito

1100 1471 1225 1515 colore,
1248 1472 1286 1506 ab
1309 1472 1577 1517 ordinationibus,
1600 1474 1766 1508 sententiis
1795 1485 1851 1508 seu

1102 1521 1257 1556 mandatis
1292 1522 1550 1569 quibuscumque
1577 1523 1643 1557 suis
1664 1535 1700 1557 ac
1721 1534 1852 1557 succes-

1100 1583 1206 1605 sorum
1234 1583 1364 1606 snorum
1392 1572 1635 1619 appellationem
1671 1571 1850 1607 huiusmodi

1101 1621 1301 1667 interponere
1339 1621 1485 1666 auderet,
1513 1629 1543 1656 et
1576 1621 1850 1662 contrafacientes,

1101 1682 1161 1704 una
1197 1682 1270 1704 cnm
1305 1670 1482 1705 fautoribus
1515 1671 1606 1712 suis,
1629 1679 1659 1706 et
1681 1671 1850 1706 consilium

1099 1719 1290 1754 auxiliumve
1312 1720 1543 1767 praestantibus
1566 1721 1643 1764 (sive
1662 1720 1693 1754 hi
1713 1720 1852 1756 tabellio-

1101 1780 1155 1803 nes
1173 1778 1290 1814 essent,
1312 1769 1377 1805 sive
1399 1778 1508 1814 testes,
1530 1771 1594 1805 sive
1615 1769 1770 1815 advocati,
1789 1770 1854 1806 sive

1099 1818 1149 1852 alii
1169 1819 1388 1866 quicumque),
1404 1832 1467 1854 uon
1485 1820 1588 1854 solum
1605 1819 1716 1867 poenis
1735 1828 1765 1855 et
1783 1831 1855 1854 cen—

1099 1868 1181 1902 suris
1205 1868 1387 1915 praedictis,
1409 1870 1466 1904 sed
1490 1870 1584 1904 etiam
1605 1869 1641 1903 iis
1654 1881 1735 1916 quae
1750 1869 1853 1904 laesae

1100 1977 1273 2014 ponuntur,
1297 1968 1452 2003 obnoxios
1479 1981 1549 2003 esse
1572 1969 1728 2003 statuerit.

1146 2022 1165 2068 g
1192 2026 1225 2056 2.
1260 2022 1446 2057 Leonardus
1476 2030 1581 2057 tamen
1618 2022 1852 2067 Lauredanus,

1098 2075 1172 2117 duX,
1196 2077 1295 2122 rogati
1310 2089 1346 2111 ac
1361 2077 1507 2122 generale
1522 2076 1691 2111 consilium
1714 2086 1744 2111 et
1763 2089 1853 2111 com-

1099 2142 1194 2165 mune
1216 2130 1434 2171 Venefiarnm,
1462 2142 1637 2177 omnesque
1672 2139 1701 2165 et
1736 2130 1851 2177 singuli

1099 2185 1213 2231 patritii
1242 2193 1272 2219 et
1298 2185 1384 2220 cives
1403 2185 1585 2219 communis
1608 2185 1766 2229 eiusdem,
1790 2197 1850 2219 una

1098 2251 1168 2273 cum
1200 2239 1430 2285 provisoribus,
1456 2238 1676 2284 potestatibus,
1700 2239 1852 2274 commis-

1098 2293 1187 2327 sariis
1206 2301 1235 2328 et
1259 2293 1387 2340 reliquis
1405 2292 1591 2327 officialibus
1612 2293 1680 2327 suis
1703 2296 1849 2340 (quorum

1097 2348 1294 2392 auctoritate,
1317 2347 1484 2386 industria,
1513 2346 1658 2388 consitio,
1674 2359 1770 2394 opere
1797 2355 1849 2382 aut

1098 2402 1219 2447 favore,
1243 2403 1405 2445 civitates,
1428 2401 1561 2448 oppida,
1584 2410 1683 2436 castra
1708 2410 1739 2437 et
1758 2414 1850 2437 arces

1097 2456 1133 2490 ad
1158 2469 1214 2491 nos
1242 2465 1271 2491 et
1298 2456 1450 2491 Sanctam
1475 2455 1650 2490 Romanam
1674 2455 1848 2490 Ecclesiam

1098 2511 1237 2557 legitime
1252 2510 1459 2557 pertinenteS,
1473 2518 1645 2557 occupatae
1660 2509 1782 2543 fuerant
1795 2517 1849 2543 aut

1097 2564 1344 2607 detinebantur),
1367 2563 1406 2598 de
1428 2564 1558 2598 fratrum
1582 2572 1760 2597 nostrorum
1776 2575 1851 2597 con-

1071 2615 1181 2670 lsilio,
1201 2630 1215 2652 a
1236 2617 1328 2652 nobis
1350 2617 1492 2664 requisiti
1516 2625 1545 2651 et
1569 2616 1690 2658 moniti,
1714 2624 1747 2651 ut
1769 2617 1849 2652 intra

1100 1917 1270 1953 maiestatis
1292 1926 1322 1953 et
1346 1918 1523 1954 haereticae
1542 1919 1703 1966 pravitatis
1721 1919 1784 1954 reis
1798 1919 1855 1954 im-

1870 237 1919 263 An.
1942 236 1970 262 C.
1987 236 2052 262 ¹500

1883 645 1931 665 Pius
1947 644 1963 664 ll
1981 645 2051 670 prohi—

1869 676 2049 701 builappellanad

1867 706 1958 727 tutorum
1981 712 2054 727 ronci-

1870 739 1882 758 lt
1893 744 1917 757 tm

1882 2030 1957 2052 Veneti
1974 2035 2051 2056 tamen,

1869 2065 1940 2082 iii-initi
1963 2063 1987 2082 ab
2011 2064 2051 2083 isto

1868 2092 1968 2113 l'ontiticc
1985 2096 2005 2112 ut
2017 2093 2051 2113 ho-

1868 2130 1893 2143 ιιιι
1906 2124 1966 2143 Sedis
1978 2124 2050 2149 Apost.

1867 2157 1970 2180 orrupata
1985 2155 2053 2174 dimit-

1868 2188 1945 2210 terent,
1959 2186 1983 2205 :td
1999 2185 2054 2205 lulu-

1868 2222 1911 2236 rntn
1921 2216 1996 2236 coticil.
2005 2223 2052 2243 pii..

1869 2251 1976 2268 vocarunt.
