2281 3251
105 275 284 302 An.c.t512

127 388 220 408 faruttas
246 388 285 407 alia

103 421 149 441 lora
167 421 286 446 §insipien-

104 453 129 473 di.

115 830 209 851 facultas
226 832 285 857 paci-

102 864 173 883 scendi
190 865 208 883 iu
225 863 284 883 loen-

102 900 145 915 rnm
164 895 284 921 summio-

101 931 135 947 ne.

102 1980 229 2001 nonant-ua
237 1986 285 2001 con-

102 2014 229 2037 gregationis
249 2018 286 2039 per

103 2045 148 2063 eius
181 2043 286 2071 praelatos

103 2077 209 2101 reguntur.

945 264 1051 288 lt'Ltrs
1079 264 1099 286 ΙΙ
1131 265 1179 286 t‘t‘.

349 329 435 371 §44
447 323 662 360 Concedimus
676 322 816 369 insuper,
834 328 930 362 motu,
944 321 1048 355 scien-

301 377 341 412 tia
366 385 396 412 et
423 382 572 422 potestate
603 372 796 420 praedictis,
824 379 857 406 ut
885 371 990 405 omnia
1017 378 1048 404 et

298 436 516 474 quaecumque
539 424 618 466 loca,
645 422 806 460 ecclesias,
831 421 923 455 etiam
950 433 1048 468 paro-

299 475 415 511 chiales
437 482 466 508 et
489 473 716 519 cuiuscumque
743 471 874 506 Ordinis
897 471 958 505 sint
995 478 1047 503 aut

298 524 511 567 conditionis,
545 522 781 568 congregationi
823 529 852 554 et
887 520 1048 554 canonicis

299 574 468 622 praedictis
492 585 546 620 per
567 584 786 619 quoscumque
803 570 916 613 oblata,
939 582 1048 616 appre-

299 624 437 659 bendere
459 631 489 658 et
511 634 622 669 capere
651 622 773 668 possint
797 621 904 654 barum
929 627 1044 653 nostra·

299 686 368 709 rum
397 673 512 719 vigore,
528 680 557 706 et
579 671 697 718 absque
720 671 778 705 alia
801 670 893 704 Sedis
920 669 1046 716 praedi-

299 732 366 758 ctae
389 734 605 758 concessione.

346 778 362 817 ἓ
385 775 442 808 45.
467 772 597 807 Necnon
622 770 716 818 priori
740 769 892 817 generali,
915 769 1048 802 visitato-

299 823 387 858 ribus
403 830 432 857 et
453 822 523 857 aliis
544 820 722 864 abbatibus,
739 818 896 866 prioribus
911 826 940 852 et
958 830 1048 864 prae-

298 873 368 908 latis
385 872 529 920 praefatis
543 878 596 905 aut
610 870 689 914 aliis,
704 882 758 917 per
773 868 1046 914 congregationem

299 922 479 958 huiusmodi
511 921 548 956 ad
579 919 609 954 id
638 932 693 967 pro
717 927 855 965 tempore
879 917 1047 964 deputatis,

299 974 330 1007 in
360 971 553 1015 unionibus,
581 969 834 1008 annexionibusi
863 968 1047 1014 incorpora-

299 1021 437 1057 tionibus
465 1029 495 1056 ct
517 1018 793 1055 reformationibus
816 1030 871 1051 seu
897 1017 1048 1063 receptio·

299 1072 392 1107 nibus
408 1071 681 1109 monasteriorum,
699 1069 893 1116 prioratuum
906 1066 952 1100 vel
966 1067 1046 1100 alio-

301 1135 370 1157 rum
405 1120 631 1156 beneficiorum
673 1117 956 1153 ecelesiasticorum
993 1128 1047 1161 pro

300 1173 366 1219 ipsa
389 1170 630 1217 congregatione
646 1168 890 1211 faciendis,cum
904 1165 1047 1212 praelatis

295 1231 326 1257 et
345 1221 488 1269 personis
511 1218 698 1254 monasteria
722 1230 776 1252 seu
800 1215 951 1251 beneficia
981 1215 1047 1248 bu—

297 1270 432 1306 iusmodi
453 1281 507 1316 per
529 1281 582 1303 eos
597 1267 736 1311 obtenta,
753 1267 781 1300 in
796 1264 1047 1311 congregationis

296 1319 476 1356 huiusmodi
503 1331 556 1353 seu
585 1318 719 1352 alicuius
745 1316 829 1350 illius
854 1313 1047 1362 particularis

296 1369 475 1405 monasterii
509 1367 712 1403 commodum
747 1366 904 1400 dimittere
938 1363 1047 1397 voten-

297 1420 392 1464 tibus,
415 1419 641 1454 conventiones
663 1426 691 1451 et
715 1424 803 1463 pacta
833 1418 925 1462 (quae
942 1413 1046 1447 illicita

296 1479 347 1511 et,
375 1469 500 1517 quando
528 1467 696 1515 apostolica
727 1465 966 1500 confirmatione
994 1475 1047 1497 ea-

295 1529 424 1563 rereut,
457 1529 605 1566 expresse
640 1516 794 1564 prohibita
829 1517 1047 1557 censerentur)

296 1570 398 1610 inire;
433 1581 468 1603 ac
503 1567 715 1610 monasteria,
744 1566 899 1612 prioratus
926 1572 956 1598 et
990 1563 1046 1597 alia

296 1620 447 1655 beneficia
457 1629 688 1665 quaecumque,
699 1627 779 1663 quae
794 1615 957 1653 hactenus,
971 1626 1047 1648 con-

297 1669 472 1704 ditionibus
507 1676 537 1702 ct
571 1667 669 1714 pactis
697 1665 879 1700 huiusmodi
908 1665 1047 1698 interve-

299 1719 469 1759 nientibus,
492 1717 720 1764 acquisierint,
743 1715 894 1755 retinere;
918 1715 1047 1761 ipsaque

297 1769 524 1804 conventiones
552 1775 581 1801 et
618 1774 702 1814 pacta
727 1765 906 1804 observare,
929 1763 1046 1809 absque

298 1831 335 1854 eo
357 1819 441 1866 quod
465 1818 599 1864 aliquam
629 1825 795 1863 propterea
822 1814 974 1849 simoniae
1002 1813 1048 1846 la-

299 1868 370 1903 bem
400 1869 576 1911 incurrant,
599 1866 694 1900 libere
721 1873 752 1900 et
780 1865 861 1899 licite
890 1864 1022 1898 valeant.

348 1922 363 1962 g
385 1920 442 1952 46.
469 1917 659 1952 Monasteria
681 1924 784 1950 autem
808 1923 839 1949 et
868 1914 1022 1961 prioratus
1040 1940 1047 1952 ,

300 1980 380 2015 quae
415 1980 499 2002 nunc
529 1974 603 2001 sunt
629 1974 659 2000 et
687 1978 741 2012 pro
765 1973 905 2011 tempore
932 1971 1023 1997 erunt
1040 1990 1048 2006 ,

301 2018 392 2052 etiam
423 2017 506 2051 unita
542 2015 696 2063 praefatae
718 2014 969 2061 congregationi,
995 2025 1049 2059 per

300 2068 456 2116 praelatos
477 2067 638 2101 dumtaxat
664 2065 805 2100 eiusdem
828 2063 1048 2110 congregatio-

300 2122 348 2156 nis
371 2130 518 2168 regantur
544 2129 574 2154 et
601 2120 826 2167 gubernentur;
849 2127 879 2153 et
901 2117 1048 2164 quotiens

300 2176 350 2211 illa
379 2176 581 2223 ubicumque,
598 2175 689 2209 etiam
713 2173 795 2221 apud
817 2172 934 2208 Sedem
959 2184 1049 2219 prae-

299 2230 428 2274 dictam,
441 2238 470 2265 et
485 2229 724 2278 qualitercumq.
741 2239 848 2262 vacare
871 2226 1048 2273 contigerit,

299 2285 391 2320 etiam
415 2284 440 2318 si
463 2283 617 2331 speciales
633 2282 677 2317 vel
693 2284 855 2329 generales
871 2281 910 2315 de
924 2281 1048 2315 illorum

301 2339 532 2387 provisionibus
553 2350 609 2372 seu
637 2336 900 2383 dispositionibus
925 2348 978 2382 per
1000 2335 1050 2369 di-

300 2402 380 2429 ctam
403 2392 518 2428 Sedem
546 2391 772 2426 reservationes
800 2390 896 2424 factae
920 2389 1049 2432 fuerint,

300 2447 445 2494 generale
480 2446 677 2494 capitulum,
699 2446 724 2480 si
754 2453 827 2479 tunc
854 2443 1050 2487 celebretur,

302 2503 439 2550 alioquin
463 2501 620 2548 generalis
643 2500 728 2547 prior
750 2508 779 2534 et
800 2498 988 2537 visitatores,
1013 2497 1050 2531 il-

302 2557 362 2602 los,
383 2568 419 2591 cx
442 2556 582 2591 eiusdem
616 2552 867 2600 congregationis
889 2551 1050 2586 canonicis

306 2610 520 2658 praesentibus
554 2618 584 2644 et
619 2609 751 2649 futuris,
778 2607 869 2642 etiam
893 2606 1049 2641 defectum

306 2664 452 2700 natalium
475 2676 512 2699 ex
534 2662 696 2711 quibusvis
720 2661 862 2710 personis
886 2660 1050 2707 patientes,

385 2723 458 2752 Ball.
482 2722 557 2752 Rom.
585 2721 639 2751 vot.
666 2720 694 2751 V.
894 2719 930 2748 67

1717 248 1786 280 5⁶29

1091 331 1170 367 quos
1193 318 1231 353 ad
1259 317 1288 352 id
1313 316 1444 352 idoneos
1480 315 1544 350 sore
1571 312 1785 357 crediderint,
1808 314 1839 347 in

1092 369 1245 415 praelatos
1273 376 1346 402 tunc
1370 366 1541 401 vacantium
1578 364 1839 399 monasteriorum

1090 428 1119 453 et
1149 419 1340 465 prioratuum
1361 415 1553 458 buiusmodi,
1568 414 1644 449 alias
1664 412 1839 448 secundum

1090 468 1347 511 eonsuetudines,
1357 465 1612 505 constitutiones,
1627 463 1841 498 ordinationes

1090 527 1119 553 et
1146 526 1259 552 statuta
1295 515 1473 564 praedictae
1502 513 1756 560 congregationis
1783 512 1842 546 eli-

1089 581 1161 613 gere
1183 580 1237 602 seu
1264 567 1438 608 nominare,
1461 572 1501 605 et,
1530 563 1566 598 atl
1591 575 1700 598 eorum
1730 570 1839 597 nutum

1090 625 1120 651 et
1143 617 1387 664 beneplacitum,
1402 615 1502 650 taliter
1517 613 1632 648 electos
1659 624 1714 647 seu
1739 613 1842 646 nomi-

1091 675 1178 701 natos
1214 680 1229 701 a
1252 666 1403 712 regimine
1431 672 1461 699 et
1495 662 1767 698 administratione
1790 661 1841 695 di-

1090 725 1210 750 ctorum
1229 715 1488 750 monasteriorum
1504 722 1533 747 et
1549 712 1841 759 prioratuum,qui-

1091 766 1147 800 bus
1171 774 1245 800 tuuc
1269 764 1482 812 praefuerint,
1513 771 1543 797 ct
1565 774 1644 809 quae
1668 770 1740 796 tunc
1768 774 1841 808 pro-

1091 824 1195 863 pterea
1233 827 1341 849 vacare
1379 824 1589 856 censeantur,
1622 812 1784 847 absolvere
1812 819 1841 844 rt

1089 878 1256 905 amovere3
1280 863 1470 911 praefatique
1497 863 1541 897 sic
1569 862 1658 896 electi
1687 869 1717 896 et
1741 861 1842 895 nomi-

1090 916 1164 954 nati,
1192 915 1310 961 absque
1338 914 1472 948 alicuius
1495 912 1595 946 dictae
1617 911 1711 946 Sedis
1734 911 1779 945 vel
1796 912 1841 946 al-

1091 966 1187 999 terius
1211 963 1398 1011 provisionis
1421 975 1474 997 seu
1503 961 1749 1009 dispensationis
1783 960 1842 995 ad-

1090 1015 1259 1057 miniculo,
1295 1014 1387 1047 etiam
1422 1020 1542 1059 praeter
1579 1011 1647 1054 boc,
1676 1011 1759 1058 quod
1795 1011 1842 1044 eis

1091 1064 1319 1099 benedictionis
1359 1074 1475 1097 munus
1511 1060 1729 1106 impendatur,
1765 1060 1840 1106 ipsis

1090 1114 1289 1148 monasteriis
1321 1121 1352 1146 et
1389 1110 1594 1158 prioratibus,
1622 1111 1659 1144 ad
1690 1122 1769 1156 qnae
1797 1111 1843 1144 sic

1089 1164 1180 1198 electi
1197 1162 1243 1197 vel
1260 1162 1411 1197 nominati
1435 1161 1562 1204 fuerint,
1577 1172 1723 1206 praeesse,
1746 1167 1775 1193 et
1791 1159 1840 1192 illa

1090 1213 1119 1247 iu
1148 1213 1365 1259 spiritualibus
1387 1219 1417 1245 et
1440 1209 1665 1257 temporalibus
1690 1220 1798 1254 regere
1813 1217 1843 1242 et

1089 1263 1278 1309 gubernare,
1300 1271 1330 1296 et
1358 1272 1470 1296 omues
1496 1268 1584 1294 actus
1609 1259 1725 1293 ibidem
1754 1271 1843 1292 exer-

1089 1325 1159 1347 cere
1182 1320 1212 1347 et
1236 1311 1371 1358 insignia
1393 1310 1527 1351 deferre,
1551 1321 1585 1343 ac
1604 1309 1630 1343 si
1656 1320 1771 1343 munus
1788 1308 1844 1341 hu-

1090 1362 1225 1397 iusmodi
1253 1361 1482 1408 suscepissent.
1511 1359 1598 1393 Etsi
1626 1359 1786 1405 continget
1812 1366 1844 1391 ut

1091 1425 1174 1447 unus
1196 1413 1240 1447 sic
1270 1412 1392 1446 electus
1415 1418 1445 1444 et
1467 1409 1647 1444 nominatus
1669 1408 1771 1455 aliqua
1795 1408 1843 1442 le-

1089 1464 1196 1510 gitima
1212 1475 1306 1497 causa
1323 1461 1448 1496 abesset
1470 1472 1485 1494 a
1506 1458 1698 1494 monasterio
1714 1466 1742 1492 et
1760 1458 1844 1504 prio-

1089 1522 1170 1557 ratu,
1184 1513 1234 1548 cui
1252 1512 1343 1547 fuerit
1356 1512 1538 1558 deputatus,
1555 1508 1742 1544 ordinamus
1757 1509 1841 1555 quod

1088 1564 1177 1598 alteri
1196 1591 1205 1608 ,
1229 1562 1297 1597 eins
1319 1562 1453 1596 durante
1489 1559 1625 1594 absentia
1642 1586 1650 1601 ,
1673 1559 1841 1593 commissa

1090 1613 1271 1648 huiusmodi
1288 1609 1606 1646 administrationem
1623 1607 1844 1656 spiritualibus

1089 1673 1118 1699 et
1147 1662 1383 1711 temporalibus,
1407 1661 1490 1695 iuxta
1512 1671 1619 1694 eorum
1643 1658 1844 1693 constitutio-

1089 1726 1145 1748 nes
1168 1723 1197 1748 et
1226 1720 1357 1751 statuta,
1395 1710 1531 1758 praefato
1564 1709 1623 1755 ipsi
1654 1708 1795 1748 absenti,
1818 1708 1842 1741 si

1090 1764 1182 1798 fuerit
1197 1759 1579 1810 opportunum,praefatae
1590 1758 1845 1804 congregationis

1089 1813 1174 1848 aliud
1199 1811 1423 1847 monasterium
1442 1811 1470 1844 in
1494 1808 1710 1856 spiritualibus
1725 1816 1754 1842 et
1770 1817 1843 1842 tem-

1092 1863 1264 1911 poralibus,
1281 1861 1463 1896 auctoritate
1485 1860 1577 1894 etiam
1601 1858 1783 1905 apostolica,
1800 1870 1846 1892 re-

1089 1913 1228 1960 gendum
1249 1920 1279 1947 et
1301 1909 1557 1958 gubernandum,
1580 1908 1699 1943 dictum
1723 1908 1844 1956 capitu-

1092 1964 1156 1998 lum
1188 1975 1243 1998 seu
1270 1974 1324 2008 pro
1341 1969 1482 2008 tempore
1499 1959 1583 2006 prior
1598 1958 1753 2005 generalis
1770 1971 1842 1993 cuni

1091 2012 1306 2049 visitatoribus
1333 2010 1532 2046 committere
1560 2009 1660 2056 possit
1681 2016 1711 2042 et
1734 2008 1842 2042 valeat.

1090 2063 1156 2098 Nee
1179 2071 1343 2110 propterea
1371 2074 1407 2096 ex
1430 2059 1628 2093 monasteriis
1653 2057 1728 2105 ipsis
1744 2070 1842 2092 unum

1091 2118 1176 2153 alteri
1204 2124 1371 2152 censeatur
1392 2127 1460 2150 esse
1484 2113 1676 2153 subiectum,
1707 2111 1775 2152 sed,
1799 2112 1844 2146 eis

1092 2172 1123 2206 in
1152 2172 1281 2220 pristina
1305 2183 1358 2205 sua
1389 2169 1532 2204 libertate
1554 2166 1755 2202 manentibus
1773 2194 1780 2207 ‚
1808 2178 1844 2201 ea

1092 2226 1339 2261 necessitudinis
1373 2222 1567 2259 adminiculo
1597 2221 1761 2268 copulata,
1783 2221 1843 2255 sub

1092 2281 1173 2316 felici
1196 2280 1298 2315 dictae
1320 2277 1573 2325 congregationis
1593 2276 1759 2323 regimine,
1782 2275 1842 2310 sibi

1093 2334 1241 2370 uniformi
1262 2334 1414 2381 regularis
1433 2331 1650 2367 observantiae
1663 2342 1774 2376 gressu
1793 2330 1845 2363 in-

1092 2391 1191 2425 vicem
1213 2390 1432 2435 suffragentur.
1459 2386 1543 2421 Niliil
1571 2386 1666 2432 igitur
1691 2397 1727 2420 ex
1752 2384 1843 2418 dictis

1092 2444 1291 2480 monasteriis
1310 2443 1354 2477 vel
1384 2441 1572 2489 prioratibus
1593 2448 1646 2474 aut
1660 2440 1728 2474 aliis
1743 2439 1843 2473 dietae

1092 2498 1342 2545 congregationis
1364 2497 1452 2537 locis,
1471 2507 1526 2543 per
1540 2505 1756 2542 quascumque
1773 2493 1843 2527 lite-

1093 2567 1142 2589 ras
1164 2552 1363 2601 apostolicas,
1387 2551 1479 2585 etiam
1496 2558 1582 2584 motu
1606 2548 1699 2584 simili
1717 2556 1745 2582 et
1769 2559 1841 2581 cum

1094 2607 1356 2644 reservationibus
1378 2618 1413 2641 ac
1435 2604 1689 2653 quibuscumque
1710 2602 1843 2648 deroga-

1095 2663 1192 2708 toriis,
1216 2674 1270 2710 per
1292 2673 1369 2709 quas
1392 2660 1521 2696 effectus
1545 2657 1752 2707 praesentium
1768 2668 1844 2704 quo-

1856 257 2038 284 An.C.1512
