2281 3251
239 256 288 282 Αιι,
309 254 335 280 C.
355 254 418 280 tt177

252 952 345 972 ruunt:
371 957 420 970 eon-

239 983 324 1002 tratvnni
342 985 418 1002 etmen-

239 1013 372 1033 flironte-mi

239 1046 325 1071 riasqii*
364 1048 419 1071 putr-

245 1398 286 1419 Pnn
304 1406 325 1420 ra
335 1399 413 1420 confra-

237 1433 290 1450 trum
317 1431 419 1457 quomodo

237 1461 312 1481 nenda.

252 2339 308 2360 Duae
338 2345 414 2360 misna

230 2371 353 2393 celebr-und.
373 2373 415 2391 rint

232 2408 269 2428 pm
301 2402 415 2423 contrairi-

232 2433 269 2453 bus
280 2434 332 2453 vivi·
345 2437 365 2454 et
376 2434 415 2455 de-

231 2463 316 2485 iuncus.

485 239 554 272 250

437 306 537 351 ipsum
564 305 732 338 honorilice
752 305 923 345 collocatis,
940 301 1181 348 processionali-

436 365 480 389 ter
501 367 534 389 sc
551 353 733 388 transferant
750 354 786 387 ad
802 353 964 387 ecelesiam
986 352 1058 385 dicti
1080 351 1182 397 bospi-

437 405 515 442 tilis,
530 404 558 437 in
571 416 630 449 qna
647 404 674 436 iu
689 404 807 448 proxi-1.
814 416 829 435 e
843 402 926 436 futur
929 416 964 435 iw
980 401 1020 433 l‘¹
1015 409 1181 434 ¹·iit‹costts

435 454 484 488 ilie
507 453 674 500 prat-dicta
695 465 747 498 per
765 466 830 489 nos
853 452 943 484 dante
960 451 1107 489 Domino
1129 459 1180 483 aut

437 516 532 537 unuin
561 515 597 536 ex
633 503 723 536 dictis
759 501 904 535 siitiibns
937 500 1062 538 nostris,
1088 499 1180 534 missa

436 552 619 586 solemniter
651 552 706 585 cel
711 551 884 589 ‘'litabitnr3
913 550 958 595 ip
961 562 1040 595 aque
1074 549 1124 583 die
1153 559 1180 583 ct

436 602 586 648 deinceps
607 602 848 646 singulisannis,
864 600 972 633 vadent
987 600 1049 638 die,
1067 598 1094 632 in
1112 612 1181 645 pei·-

437 660 591 696 petitum.
633 651 785 684 universis
825 648 1084 683 christifidelibus
1112 661 1181 682 vere

437 699 672 746 poenitentibus
684 710 711 733 t·t
725 700 890 742 confessis,
906 699 1068 733 ecclesiam
1085 699 1182 744 ipsius

436 751 598 796 hospitalis
625 749 831 787 visitantibus.
862 748 1084 794 sull'ragaliitni·
1116 748 1182 793 ple-

436 801 518 834 naria
543 799 685 833 remissio
699 800 840 832 omniurn
863 807 1073 845 peccatorum,
1089 810 1180 844 quiam

435 850 544 883 barum
568 850 648 883 serit:
673 849 734 882 illis
756 850 935 895 elargimur.

483 902 498 941 ξ
531 901 582 932 17.
606 898 850 944 Consiutresque
870 898 926 944 ipsi
945 907 972 931 rt
987 910 1097 931 eorum
1113 897 1182 931 sin-

435 948 497 994 guli
525 948 552 981 in
569 947 652 982 Urbe
672 948 857 982 existentes.
880 948 973 980 tetiam
1002 947 1110 979 vadent
1132 946 1181 979 die

379 1020 419 1035 nm,
434 998 566 1043 singulis
577 998 666 1030 annis
676 997 887 1031 consessorem
902 1005 1045 1043 poterunt
1055 998 1183 1039 eligere,

435 1048 499 1094 qni,
515 1059 623 1081 eorum
640 1046 892 1081 confessionibus
911 1047 1077 1091 diligenter
1092 1044 1183 1079 aud.-

435 1098 485 1135 iis,
501 1109 556 1130 eos
568 1105 596 1130 ct
611 1096 914 1143 eoruniqnemlibct,
931 1097 1021 1129 ctiam
1048 1096 1075 1129 iu
1096 1095 1183 1129 casi—

436 1146 576 1181 busSedi
591 1146 766 1192 praedictae
781 1147 955 1181 reservatis,
968 1154 1182 1192 praeterquam

435 1197 582 1242 superius
616 1197 758 1241 exeeptis
774 1224 781 1234 ,
809 1195 976 1241 apostolica
1000 1196 1184 1229 auctoritati·

435 1245 592 1287 absolvat,
608 1253 638 1279 et
653 1245 697 1279 eis
726 1246 948 1291 poenitentiam
975 1245 1115 1290 iniungat
1134 1258 1182 1278 sa-

435 1294 580 1330 lutarem.

483 1344 503 1391 g
524 1347 578 1378 18.
603 1343 640 1378 Et
661 1345 790 1390 insuper
807 1344 990 1378 ordinamus
1013 1344 1094 1390 quod
1119 1343 1182 1377 duo

436 1393 575 1428 funebria
607 1394 709 1438 pallia,
737 1394 870 1428 alterum
906 1395 984 1439 nigri
1013 1394 1126 1427 coloris
1153 1401 1181 1427 ct

434 1456 507 1477 auro
519 1452 713 1487 contextum,
731 1456 784 1489 pro
803 1443 946 1489 praelatis
961 1452 989 1476 et
1008 1443 1181 1482 nobilibus-2

433 1501 464 1526 et
484 1494 614 1527 alterum
638 1505 674 1527 ex
695 1493 799 1526 veluto
821 1493 912 1526 etiam
938 1493 1025 1538 nigro
1051 1506 1105 1539 pro
1124 1492 1183 1527 elc-

435 1542 506 1576 ricis
532 1553 559 1576 ct
587 1543 684 1581 laicis,
712 1554 792 1589 quae
821 1542 923 1576 eidem
953 1542 1094 1587 bospitali
1123 1542 1182 1575 ob-

434 1591 573 1636 tulimus,
600 1604 694 1638 supra
722 1604 846 1638 capsam
871 1592 900 1625 in
937 1604 996 1638 qua
1024 1591 1182 1626 deceden-

433 1642 510 1675 tium
538 1642 729 1676 confratrum
759 1654 889 1687 corpora
920 1641 957 1675 ad
987 1642 1179 1688 sepulturam

432 1690 624 1734 deferentur7
638 1699 803 1736 ponantur,
820 1699 849 1724 et
864 1691 892 1724 in
909 1691 1019 1725 eodem
1037 1691 1181 1737 liospitali

432 1750 667 1775 conservemur.
679 1740 767 1780 ltein,
778 1741 806 1774 in
818 1742 862 1784 (1)
877 1741 1124 1787 uniuscuiusque
1134 1753 1183 1774 ca-

433 1789 553 1824 daveris
567 1791 701 1824 alicuius
723 1790 887 1823 confratris
903 1790 1051 1829 defuncti,
1068 1802 1182 1835 expcn-

432 1840 475 1873 sis
496 1839 624 1886 quidem
646 1840 719 1873 dicti
747 1840 920 1884 hospitalis,
945 1839 1076 1873 aderunt
1099 1839 1182 1873 faces

433 1901 481 1923 xu
503 1897 533 1923 et
559 1897 695 1936 quatuor
722 1888 907 1923 candelabra
935 1897 1080 1934 argentea
1105 1901 1180 1922 con-

431 1937 585 1978 decentia,
609 1951 688 1985 qnae
716 1939 808 1972 etiam
838 1938 920 1972 (licto
949 1938 1091 1985 hospitali
1121 1938 1177 1972 ob-

431 1987 570 2027 tulimus:
592 1996 621 2023 et
646 1989 674 2022 in
699 1987 867 2022 cuiuslibet
884 1987 1038 2022 dictorum
1061 1987 1181 2022 confra-

431 2046 512 2072 trum
530 2037 617 2072 obitu
645 2051 699 2072 seu
723 2038 895 2083 sepultura,
924 2049 979 2071 xvi
1009 2046 1101 2071 erunt
1125 2038 1178 2071 in-

430 2086 496 2121 duti
519 2087 659 2122 camisiis
682 2088 790 2133 nigris⁷
813 2096 840 2120 e:
869 2086 978 2121 fratres·
1000 2087 1085 2127 dicti,
1105 2101 1177 2121 cuin

431 2136 548 2183 pallio,
576 2136 694 2171 facibus
721 2145 751 2171 et
781 2136 976 2171 candelabris
999 2136 1178 2183 praedictis,

430 2186 547 2220 dictum
576 2187 708 2221 cadaver
731 2199 831 2234 usque
852 2186 889 2220 ad
913 2186 1107 2233 sepulturam
1130 2199 1178 2221 as-

430 2235 605 2270 sociabunt.

478 2285 498 2331 S
527 2288 580 2320 19.
611 2285 699 2330 ltem,
722 2285 887 2320 statuimus
914 2284 998 2332 quod
1025 2294 1178 2332 perpetuo

429 2334 565 2390 qualibet
587 2336 693 2382 quinta
723 2336 796 2370 seria
825 2347 879 2382 per
900 2334 1054 2370 circulum
1083 2348 1177 2377 anni

430 2385 486 2418 nisi
502 2384 641 2419 solemne
664 2384 690 2419 ἲ(
682 2394 774 2420 stum
799 2386 837 2419 sit
863 2384 1099 2432 impedimento,
1115 2398 1176 2432 qno

429 2434 629 2474 adveniente
664 2435 713 2468 dit
754 2435 952 2482 praecedenti
995 2447 1054 2469 nna
1081 2448 1175 2469 missa

428 2485 465 2519 de
484 2486 598 2519 Sancto
625 2486 747 2530 Spiritu
769 2498 840 2520 cum
865 2485 994 2520 collecta
1021 2497 1078 2530 pro
1098 2498 1173 2530 pec-

429 2535 504 2569 catis
538 2543 568 2569 et
605 2547 659 2582 pro
687 2535 834 2570 omnibus
868 2535 1077 2570 confratribus
1101 2543 1176 2569 tuuc

430 2583 615 2629 viventibus,
637 2592 671 2619 nt
694 2585 894 2632 omnipotens
917 2585 1002 2620 Deus
1026 2585 1175 2619 illuminet

464 2647 504 2682 (t)
524 2648 601 2675 Deest
620 2647 730 2683 aliquid,
753 2648 840 2675 forsan
856 2650 994 2681 sepultura
1009 2647 1108 2682 (it.·1·.).

1011 248 1047 269 Βί’
1054 247 1197 269 Lunum
1227 246 1386 268 ttouaxcm

1224 313 1332 335 eornm
1358 308 1478 336 mentes
1501 308 1592 347 atque
1614 313 1670 335 sna
1694 299 1906 335 misericordia
1930 300 1975 335 eis

1224 358 1334 385 cuneta
1352 358 1476 398 peccata
1497 350 1688 396 indulgendo
1711 350 1851 385 aboleat:
1880 358 1912 385 et
1932 350 1977 384 si-

1225 400 1337 435 militer
1363 399 1502 435 secunda
1529 399 1622 439 feria,
1649 408 1680 434 et
1717 400 1741 434 si
1778 399 1891 434 festum
1917 400 1975 434 iin-

1225 449 1339 495 pediat,
1363 450 1450 484 tertia
1475 449 1520 484 vel
1549 450 1606 484 alia
1626 449 1712 493 feria,
1729 461 1784 496 pro
1807 449 1974 484 animabus

1224 499 1365 533 omnium
1381 498 1572 534 confratrum
1597 498 1816 533 defunctorum
1840 499 1977 534 celebre-

1225 557 1274 582 tur
1295 549 1352 583 alia
1375 549 1468 583 missa
1491 549 1653 589 solemnis,
1677 561 1748 583 cum
1774 549 1868 596 pallio
1885 549 1975 595 nigro

1225 610 1318 645 supra
1345 610 1446 632 arcam
1472 598 1502 632 in
1525 597 1631 633 medio
1645 597 1795 633 ecclesiae
1811 598 1973 633 locandam

1225 656 1253 681 et
1280 657 1415 695 quatuor
1441 646 1650 682 luminaribus
1685 648 1714 682 in
1755 647 1872 682 eisdem
1895 660 1976 694 qua-

1226 706 1295 731 tuor
1313 696 1514 732 candelabris
1536 696 1864 743 argenteisNotenies
1878 698 1974 745 quod,

1225 746 1350 792 quando
1364 747 1502 794 aliquem
1524 746 1714 781 confratrum
1737 747 1920 781 eorumdem
1937 747 1975 782 ab

1227 797 1371 830 liumanis
1385 795 1540 832 decedere
1553 796 1730 842 contigerit,
1740 797 1973 852 quamprimum

1225 846 1443 901 opportunitas
1470 858 1503 879 se
1525 845 1645 889 offeret,
1668 858 1723 893 pro
1747 846 1884 881 remedio
1906 846 1976 881 eins

1225 897 1346 930 animae
1373 894 1554 942 specialiter
1580 895 1756 930 celebretur
1784 907 1843 930 una
1868 895 1974 933 missa

1225 944 1365 979 adbibita
1393 944 1590 980 solemnitate
1614 944 1781 991 praedicta.

1275 994 1294 1041 ἓ
1321 996 1378 1029 20.
1407 994 1446 1029 Et
1469 994 1618 1042 quoniam
1642 994 1679 1028 ad
1704 994 1973 1030 manutentionem

1226 1044 1426 1079 charitativae
1446 1043 1664 1091 hospitalitatis
1688 1056 1863 1091 pauperum
1885 1052 1916 1079 et
1931 1045 1976 1080 in-

1226 1094 1386 1129 firmorum
1426 1094 1620 1141 aliarumque
1648 1093 1873 1128 miserabilium
1903 1106 1975 1141 per—

1226 1155 1374 1178 sonarum
1414 1155 1469 1190 pro
1506 1152 1645 1190 tempore
1679 1144 1907 1178 confluentium
1934 1143 1973 1179 ad

1227 1193 1378 1240 hospitale
1402 1193 1609 1240 praedictum,
1632 1201 1674 1237 et,
1697 1194 1750 1240 qui
1776 1193 1813 1227 ad
1832 1192 1910 1228 illud
1924 1205 1977 1229 ex-

1227 1251 1398 1290 ponuntur,
1427 1243 1591 1278 infantium
1628 1242 1792 1298 utriusque
1822 1255 1915 1278 sexus
1944 1243 1973 1278 iu

1227 1304 1359 1327 numero
1381 1293 1522 1348 copioso;
1548 1293 1819 1327 conservationem
1847 1304 1975 1339 quoque

1227 1342 1380 1376 bonorum
1408 1350 1439 1377 et
1466 1342 1580 1377 iurium
1608 1341 1751 1377 eiusdem
1791 1342 1975 1388 hospitalis,

1227 1391 1399 1446 praesentia
1430 1391 1551 1438 providi
1578 1399 1608 1426 et
1628 1391 1793 1426 timoratae
1815 1391 1977 1427 conscien-

1227 1442 1285 1476 tiae
1315 1441 1526 1488 praeceptoris
1548 1441 1690 1476 noscitur
1710 1453 1779 1476 esse
1803 1440 1973 1496 plurimum

1225 1498 1415 1537 opportuna,
1439 1498 1538 1546 motu?
1573 1491 1701 1526 scientia
1729 1498 1759 1524 et
1792 1491 1976 1526 auctoritate

1226 1540 1418 1586 praedictis,
1441 1540 1610 1575 statuimus
1630 1548 1660 1574 et
1682 1539 1868 1575 ordinamus
1889 1539 1975 1588 quod

1225 1590 1263 1624 de
1288 1597 1412 1626 caetero
1441 1590 1600 1636 perpetuis
1632 1589 1746 1624 suturis
1780 1590 1975 1636 temporibus

1225 1639 1400 1686 liospitale'
1394 1652 1496 1687 ipsum
1513 1651 1639 1686 semper
1661 1651 1717 1695 per
1739 1640 1901 1686 proprium
1925 1652 1976 1674 re-

1223 1697 1315 1735 gatur
1343 1697 1594 1736 praeceptorem
1621 1690 1673 1744 qui
1699 1701 1728 1722 in
1757 1689 1810 1723 illo
1841 1689 1975 1724 resideat

1224 1747 1264 1781 et,
1282 1738 1364 1774 illius
1387 1751 1481 1774 curae
1502 1751 1538 1773 ac
1564 1738 1707 1784 regimini
1732 1750 1787 1785 pro
1810 1750 1902 1785 posse
1925 1738 1975 1773 di-

1224 1787 1359 1843 ligenter
1385 1788 1566 1832 intendens,
1589 1800 1644 1842 per
1665 1788 1767 1842 ipsum
1791 1787 1880 1822 solita
1897 1787 1972 1822 inibi

1223 1838 1360 1872 exerceri
1385 1838 1475 1872 faciat
1496 1850 1569 1873 cum
1593 1837 1768 1883 integritate
1790 1849 1885 1883 opera
1899 1837 1973 1872 cba-

1223 1887 1333 1927 ritatis;
1353 1895 1383 1922 et
1406 1887 1521 1922 nemini
1547 1887 1645 1934 possit
1662 1894 1716 1921 aut
1738 1886 1836 1922 valeat
1863 1886 1974 1933 hospi·

1223 1936 1284 1970 tale
1316 1937 1417 1983 ipsum
1440 1935 1654 1972 commendari
1682 1948 1737 1971 seu
1773 1937 1803 1970 in
1835 1936 1973 1970 admini-

1222 1986 1404 2021 strationem
1421 1986 1564 2021 concedi.
1578 1985 1749 2020 Hortantes
1772 1997 1972 2021 successores

1223 2043 1347 2071 nostros
1369 2035 1530 2071 Romanos
1548 2035 1733 2076 Pontifices,
1746 2036 1801 2083 qui
1817 2048 1873 2082 pro
1889 2043 1971 2070 tem-

1223 2101 1296 2135 pore
1319 2099 1422 2130 ernnt‚
1446 2099 1490 2130 ut,
1517 2098 1704 2125 occurrente
1726 2090 1887 2125 vacatione
1911 2090 1971 2125 ho-

1221 2144 1341 2190 spitalis
1369 2144 1537 2189 eiusdem,
1564 2145 1602 2180 de
1630 2154 1829 2192 praeceptore
1857 2145 1970 2180 idoneo

1221 2198 1367 2233 studeant
1390 2198 1565 2246 providere,
1582 2211 1637 2246 per
1658 2211 1752 2246 quem
1776 2198 1970 2246 hospitalitas

1222 2251 1403 2287 huiusmodi
1433 2253 1507 2288 inibi
1543 2253 1692 2288 decenter
1720 2251 1917 2293 observetur,
1939 2260 1970 2287 et

1222 2306 1286 2340 iura
1323 2318 1358 2341 ac
1393 2306 1473 2341 bona
1513 2307 1655 2342 eiusdem
1682 2315 1909 2342 conserventur
1939 2316 1970 2344 et.

1220 2369 1394 2421 augeantur
1417 2362 1445 2396 in
1468 2361 1546 2402 dies,
1561 2370 1591 2397 et
1613 2375 1627 2396 a
1656 2362 1862 2398 concessione
1885 2363 1969 2400 illius

1222 2415 1251 2449 in
1279 2416 1498 2451 commendam
1514 2425 1568 2452 aut
1589 2416 1892 2453 administrationem
1908 2418 1965 2453 ali-

1220 2470 1283 2511 cui,
1319 2471 1411 2505 etiam
1447 2470 1480 2506 S.
1510 2471 1548 2506 R.
1577 2471 1612 2505 E.
1640 2471 1802 2516 cardinali,
1838 2484 1967 2518 prorsus

1219 2524 1403 2560 abstineant.
1419 2524 1488 2560 Non
1505 2526 1602 2572 ignari
1617 2525 1714 2574 quod,
1728 2526 1754 2560 si
1777 2537 1870 2561 secus
1892 2538 1968 2573 ege-

1221 2581 1293 2621 rint,
1321 2592 1393 2615 cum
1422 2580 1575 2628 hospitale
1603 2581 1707 2628 ipsum
1739 2592 1848 2616 eorum
1871 2593 1965 2618 curae

1220 2634 1398 2681 specialiter
1416 2635 1456 2670 sit
1478 2635 1696 2680 commissum,
1723 2643 1754 2671 et
1780 2635 1864 2671 illius
1885 2635 1965 2672 bona

1991 246 2042 273 An.
2062 246 2091 272 C.
2108 246 2174 274 t¹i77

2004 1008 2102 1034 {tegimen
2121 1009 2174 1030 tion-

1989 1041 2060 1067 pinnis
2071 1041 2098 1060 sit
2109 1045 2173 1067 pne-

1989 1074 2054 1098 eept..
2069 1071 2103 1098 qui
2117 1077 2176 1091 sem-

1989 1105 2026 1127 per
2040 1103 2140 1125 restite-i,
2150 1104 2172 1120 οι

1990 1132 2094 1158 hospitate
2121 1133 2172 1153 nutu

1991 1164 2157 1184 commendetur.
