2281 3251
870 300 964 323 mnne<
992 299 1202 323 nnnntcfmmi

368 357 522 393 servantia
541 355 658 388 babere
685 356 806 398 possint
825 354 936 387 domos
956 366 1022 387 ani-

369 408 437 452 plas
465 411 494 439 et
518 404 686 447 magnifica
712 409 898 438 ornamenta
922 405 1023 439 eccle-

369 455 506 494 siastica,
528 453 603 487 602.

1683 287 1751 318 819

1151 353 1316 391 vadentes,
1348 352 1438 384 etiam
1471 357 1613 394 ternpore
1635 350 1802 388 conclavis,

1151 407 1205 434 aut
1221 402 1301 434 bona
1318 401 1457 433 eiusdem
1471 400 1668 443 diripientes,
1680 409 1805 431 eorum-

1151 462 1214 493 que
1235 451 1407 493 complices
1428 455 1455 483 et
1481 450 1631 487 fautores,
1654 447 1729 481 648.

281 502 563 540 VIII-ReformatiO
575 502 732 546 generalis
748 502 963 545 praelatorum
976 513 1025 535 ec-
1066 499 1165 531 XVIII.
1201 499 1405 531 Confirmatio
1434 498 1514 531 sacri
1545 503 1573 529 et
1606 495 1805 529 OEcumenici

369 552 633 591 clesiasticorum,
648 561 824 593 eorumque
842 551 1024 583 officialium

368 613 405 635 ac
425 601 632 634 familiarium
658 605 686 632 et
703 599 852 638 aliorum,
875 598 949 632 694.

282 651 331 684 lX.
357 649 537 684 Iurisdictio
562 653 592 682 et
617 648 781 681 facultates
801 647 1028 681 Gubernatoris

370 699 471 733 almae
487 698 580 732 Urbis
590 697 722 740 eiusque
739 696 912 736 districtus,
930 707 965 728 ac
978 696 1027 727 Vi-

371 747 592 787 cecamerarii‚
614 746 689 780 614.

283 799 318 832 X.
341 797 520 832 Iurisdictio
545 796 783 829 ordinariorum
800 794 1030 828 ecclesiastico-

369 856 442 879 rum
455 844 668 889 cognoscendi
680 855 900 887 quascumque
920 854 1030 877 causas

371 894 409 927 ad
438 894 543 927 forum
574 893 824 926 ecclesiasticum
853 897 1031 936 spectantes

370 943 402 975 in
415 943 518 986 prima
527 942 687 982 instantia,
699 942 730 974 in
743 952 854 975 omnes
866 951 1028 985 personas,

370 991 465 1026 etiam
494 996 672 1034 exemptas,
704 991 728 1023 si
749 990 870 1023 iudices
903 990 948 1022 eis
968 989 1031 1022 dati

370 1045 445 1073 sunt
464 1039 680 1083 negligentes;
698 1039 900 1072 etinnovatio
917 1038 1032 1071 consti-

370 1087 531 1122 tutionum
551 1088 708 1121 editarum
727 1093 838 1121 contra
856 1086 1032 1130 impedien-

370 1142 417 1170 tes
436 1137 615 1170 libertatem
636 1136 895 1176 ecclesiasticam,
919 1135 994 1168 6¹17.

283 1185 332 1218 xl.
359 1185 480 1218 Montes
504 1185 649 1225 Pietatis,
681 1185 853 1218 christiana
879 1183 1031 1217 charitate

371 1233 517 1274 instituti,
531 1234 685 1278 pecunias
704 1233 789 1266 licite
806 1238 964 1272 mutuant,
977 1232 1032 1264 ali-

371 1293 436 1325 quo
458 1293 516 1325 pro
536 1282 689 1325 impensis
709 1287 740 1314 et
760 1281 978 1320 indemnitate,
1003 1286 1033 1313 et

373 1330 504 1373 quidem
524 1330 699 1370 moderate,
721 1335 863 1373 recepto,
890 1329 964 1363 621.

371 1378 547 1412 Prohibitio
568 1378 896 1422 imprimendilibros,
914 1378 1033 1421 absque

373 1427 519 1461 examine
530 1432 560 1461 et
569 1427 799 1471 approbatione
810 1427 918 1460 vicarii
930 1427 1033 1470 Papae

374 1480 405 1509 et
420 1476 562 1520 magistri
582 1477 664 1510 sacri
684 1476 794 1509 Palatii
811 1476 984 1519 Apostolici
1000 1475 1033 1507 in

374 1525 470 1566 Urbe,
492 1530 522 1558 et
541 1524 766 1570 episcoporum
791 1524 1033 1567 haereticaeque

325 1586 327 1588 ·
375 1573 536 1616 pravitatis
555 1574 784 1617 inquisitorum
804 1574 836 1607 in
860 1573 930 1607 aliis
941 1573 1031 1613 locis,

376 1621 450 1656 623.

396 1670 512 1704 Contra
544 1677 738 1716 occupantes
769 1673 816 1705 vel
854 1671 1035 1705 invadentes

376 1725 477 1754 terras
488 1726 518 1754 et
528 1720 598 1754 loca
609 1720 641 1754 S.
659 1721 695 1754 R.
710 1721 744 1754 E.
763 1731 941 1764 eorumque
950 1730 1035 1754 com-

377 1769 476 1813 plices
496 1775 526 1804 et
545 1771 697 1811 fautores,
719 1770 793 1804 6⁶25.

386 1818 620 1853 Declarationes
634 1819 849 1863 quorumdam
864 1819 1036 1852 dubiorum

378 1877 477 1911 super
500 1868 604 1912 prima
625 1873 655 1902 et
673 1869 813 1902 secunda
837 1869 959 1911 Regula
986 1879 1037 1902 so-

379 1926 490 1949 rorum
510 1928 567 1951 seu
596 1917 784 1951 monialium
808 1917 839 1950 S.
866 1916 987 1958 Clarae,
1009 1922 1040 1950 et

378 1963 507 1998 licentia
518 1966 637 2009 duplici
651 1967 756 1999 officio
769 1966 951 2000 celebrandi
962 1966 1039 2000 festa

377 2012 411 2046 B.
434 2014 562 2057 Agnetis
586 2020 616 2047 et
635 2015 789 2049 Undecim
814 2014 946 2048 Millium
970 2015 1039 2047 Vir-

379 2061 504 2105 ginum,
527 2062 602 2096 628.

380 2111 553 2155 Ampliatio
581 2112 780 2145 indultorum
808 2117 838 2145 et
865 2111 1040 2155 gratiarum

379 2160 505 2204 collegii
514 2161 770 2194 abbreviatorum
778 2161 957 2195 litterarum
965 2170 1040 2204 apo-

379 2209 577 2251 stolicarum,
604 2209 679 2243 631.

398 2258 568 2302 Hospitalis
596 2258 629 2292 B.
657 2259 772 2292 Mariae
802 2259 840 2292 de
864 2258 987 2302 Populo
1011 2263 1041 2291 et

379 2307 411 2341 S.
428 2307 534 2341 Iacobi
553 2308 586 2342 in
605 2308 746 2351 Augusta
761 2307 799 2341 de
815 2307 898 2341 Urbe
919 2306 1040 2340 erectio

378 2361 411 2395 in
427 2362 675 2407 archihospitale
696 2372 875 2405 pauperum
898 2360 1041 2394 infirmo-

380 2426 452 2449 rum
464 2416 705 2457 incurabilium,
715 2427 786 2450 cum
799 2414 1040 2460 privilegiorum

381 2469 581 2514 elargitione,
603 2469 677 2504 639.

424 2524 493 2558 Alia
520 2524 553 2558 in
579 2524 661 2558 idem
693 2523 931 2568 privilegiorum
967 2532 1043 2555 con-

382 2577 495 2620 cessiO,
522 2578 596 2612 644.

294 2631 383 2668 XVII.
401 2633 517 2668 Contra
532 2631 729 2666 offendentes
747 2630 886 2674 aliquem
905 2639 941 2662 ex
953 2628 982 2662 S.
1003 2627 1037 2660 R.

383 2686 418 2722 E.
441 2684 656 2720 cardinalibus
678 2683 727 2717 vel
751 2683 820 2716 eius
839 2682 971 2715 domum
992 2680 1040 2714 in-

286 1379 348 1412 XII.

288 1670 364 1704 XIII.

291 1817 364 1851 xlv.

293 2110 354 2143 XV.

293 2257 367 2291 XVI.

1154 544 1807 588 Conciliiliateranensisquinti,etindictio

1154 596 1360 638 expeditionis
1380 601 1489 627 contra
1510 594 1664 633 infideles,
1683 593 1756 627 050.

1070 643 1145 676 XIX.
1168 643 1311 676 Facultas
1337 644 1529 676 visitatorum
1556 641 1810 685 congregationis

1157 693 1388 724 monachorum
1419 692 1528 724 Beatae
1558 691 1670 723 Mariae
1700 690 1812 722 Montis

1157 739 1277 779 Oliveti,
1300 740 1423 772 Ordinis
1438 740 1469 773 S.
1488 739 1658 778 Benedicti,
1672 738 1812 771 circalo-

1158 788 1298 820 cationes
1309 793 1338 820 et
1357 788 1562 820 alienationes
1582 788 1740 820 bonorum
1754 786 1812 818 im-

1158 837 1325 869 mobilium
1334 837 1434 870 dictae
1445 836 1699 879 congregationis
1708 835 1739 867 in
1751 835 1814 868 evi-

1159 885 1285 918 dentem
1306 885 1373 918 eius
1389 885 1565 924 utilitatem,
1587 885 1661 918 654.

1158 933 1363 966 Confirmatio
1383 939 1412 966 ct
1428 934 1565 966 extensio
1587 931 1814 965 iurisdictionis

1160 982 1191 1016 S.
1221 983 1255 1015 R.
1283 983 1317 1016 E.
1345 982 1510 1015 camerarii
1535 988 1562 1015 et
1589 982 1812 1024 magistrorum

1159 1031 1279 1063 viarum
1290 1032 1389 1063 almae
1399 1030 1501 1070 Urbis,
1512 1036 1541 1063 et
1551 1029 1722 1063 declaratio
1730 1029 1815 1062 eirca

1161 1079 1390 1122 appellationes
1410 1080 1448 1111 ab
1465 1089 1575 1112 eorum
1592 1077 1754 1111 sententiis
1769 1076 1814 1109 in-

1162 1128 1384 1170 terponendas,
1407 1127 1481 1161 655.

1204 1175 1349 1209 Extensio
1369 1174 1469 1208 dictae
1485 1175 1602 1215 bullae,
1629 1173 1702 1208 658.

1073 1224 1149 1257 XXI.
1173 1224 1337 1257 Damnatio
1363 1224 1574 1268 pragmaticae
1595 1223 1765 1255 sanctionis
1785 1222 1817 1254 in

1161 1284 1258 1316 regno
1270 1273 1420 1305 Franciae
1433 1272 1532 1305 editae
1544 1272 1575 1304 in
1592 1271 1817 1304 detrimentum

1162 1321 1251 1355 Sedis
1270 1321 1480 1365 Apostolicae‚
1503 1326 1533 1354 et
1553 1319 1723 1353 concordia
1743 1329 1815 1352 cum

1159 1369 1317 1403 Ludovico
1329 1380 1402 1412 rege
1414 1369 1498 1402 circa
1514 1367 1709 1412 provisiones
1724 1367 1818 1400 bene-

1162 1418 1311 1452 ficiorum
1331 1417 1632 1454 ecclesiastieorum,
1655 1415 1729 1449 659.

1205 1467 1382 1500 Concordia
1398 1476 1495 1509 super
1514 1464 1748 1509 provisionibus
1764 1463 1819 1497 be-

1161 1515 1352 1548 neficiorum
1374 1515 1675 1552 ecelesiasticorum,
1697 1512 1770 1546 664.

1205 1564 1351 1597 Eiusdem
1364 1563 1526 1597 Pontificis
1541 1563 1601 1596 alia
1621 1562 1721 1595 dictae
1738 1571 1814 1594 con-

1163 1613 1289 1646 cordiae
1322 1612 1538 1652 confirmafio,
1573 1620 1663 1644 sacro
1691 1611 1815 1642 Latera·

1163 1663 1251 1696 nensi
1275 1661 1416 1695 Concilio
1438 1661 1650 1705 approbante,
1675 1659 1748 1691 678.

1206 1711 1311 1744 Dictae
1349 1709 1582 1744 constitutionis
1619 1707 1790 1742 declaratio
1807 1733 1816 1747 ,

1164 1760 1239 1794 679.

1077 1809 1166 1842 XXII.
1180 1809 1223 1842 De
1239 1808 1493 1852 praedicatorum
1509 1806 1595 1839 verbi
1605 1805 1659 1838 Dei
1672 1814 1816 1843 munere,

1166 1857 1308 1891 examine
1330 1862 1359 1889 et
1374 1855 1616 1900 approbatione,
1639 1853 1712 1887 686.

1079 1907 1180 1941 XXIII.
1210 1907 1252 1939 De
1281 1905 1438 1939 fidelitatis
1462 1904 1640 1936 iuramento
1665 1911 1722 1944 per
1745 1911 1819 1944 pro-

1166 1960 1268 1988 motos
1300 1954 1339 1986 ad
1368 1962 1587 1996 quascumque
1616 1949 1764 1983 ecclesias
1792 1954 1822 1981 et

1167 2004 1334 2046 dignitates
1349 2000 1549 2045 praestando,
1564 1998 1737 2042 poenisque
1749 2007 1822 2029 con-

1166 2056 1214 2084 tra
1234 2062 1297 2084 non
1320 2054 1513 2094 praestantes
1533 2046 1722 2089 infligendis,
1745 2044 1819 2078 684.

1080 2100 1182 2135 XXIV.
1204 2100 1375 2133 Moderatio
1388 2104 1417 2131 et
1437 2095 1607 2130 declaratio
1624 2095 1822 2127 indultorum

1168 2149 1424 2193 quibuscumque
1449 2143 1693 2179 Mendicantium
1706 2147 1735 2175 et
1746 2141 1821 2174 alio-

1168 2209 1239 2231 rum
1251 2197 1472 2240 religiosorum
1488 2192 1658 2228 Ordinibus
1669 2197 1821 2225 eteorum

1168 2247 1327 2280 Tertiariis
1347 2253 1583 2282 concessorum,
1606 2241 1681 2275 685.

1210 2295 1385 2330 Declaratio
1397 2294 1497 2327 dictae
1507 2291 1612 2324 bullae
1628 2289 1733 2333 quoad
1748 2287 1820 2321 Ter·

1168 2345 1287 2384 ⁸darios,
1311 2343 1385 2377 689.

1082 2395 1168 2429 XXV.
1184 2395 1298 2428 Contra
1310 2392 1495 2426 mentientes
1506 2398 1657 2434 personas
1674 2385 1823 2419 inlitteris

1169 2442 1348 2488 apostolicis
1381 2447 1415 2474 ut
1447 2449 1556 2473 earum
1591 2435 1822 2480 expeditionem

1169 2494 1263 2537 gratis
1282 2495 1500 2534 assequantur,
1528 2486 1741 2529 officialesque
1770 2494 1822 2516 eo-

1169 2553 1240 2577 rum
1262 2541 1444 2585 compliceS,
1471 2538 1544 2571 690.
1708 2578 1714 2583 ·

1082 2589 1182 2622 XXVI.
1205 2587 1335 2620 Carolus
1360 2596 1413 2617 rex
1442 2582 1663 2626 Hispaniarum
1688 2586 1819 2620 eiusque

1169 2632 1283 2666 coniux
1304 2629 1534 2663 catholicorum
1554 2625 1646 2658 titulo
1666 2623 1821 2656 decoran—

1167 2682 1231 2718 tur,
1253 2675 1327 2710 691.

1072 932 1136 966 XX.
