2281 3251
81 265 130 292 An.
155 265 182 293 C.
199 266 265 293 ¹5¹5

96 569 247 590 Beneficiorum

83 603 172 623 omnium
181 602 264 622 collatio

83 633 148 653 libere
164 633 188 652 ad
202 637 265 659 [ιιέιο-

82 663 190 684 tarosOrd.
201 664 267 690 perti-

83 698 126 715 nel.

972 264 1031 288 LEO
1053 265 1070 287 X
1095 266 1142 287 l'l’.

281 318 494 360 monasteriis,
517 318 706 365 prioratibus
735 327 764 353 ct
791 319 886 361 locis,
910 319 1028 355 ratione

281 369 360 403 tituli
380 380 435 403 seu
452 367 657 403 commcndae
681 367 727 403 vel
750 368 1030 405 administrationis

281 430 316 453 ac
339 417 498 464 pensionis
512 417 704 460 huiusmodi,
721 419 872 466 impetere
889 431 943 454 scu
961 431 1029 454 mo-

280 469 394 502 lestare
417 467 526 502 valeat.

327 516 347 562 S
374 518 431 550 21.
455 516 612 563 Quodque
635 516 785 564 deinceps
809 517 894 553 nulla
913 530 948 553 ex
974 517 1030 554 be-

280 565 402 601 neficris
428 566 661 612 ecclesiasticis,
684 579 757 601 cnm
785 579 860 603 cura
887 567 934 602 vel
963 568 1030 602 sine

280 629 365 657 cura,
394 615 431 650 ad
454 615 667 657 collationem,
696 617 919 665 provisionem,
941 630 1031 664 prae-

279 665 516 708 sentationem,
539 665 723 701 electionem
746 679 801 702 sen
830 667 975 713 quamvis
997 680 1032 702 a·

280 715 352 751 liam
370 693 613 762 dispositionem
636 715 784 751 abbatum
809 716 857 750 vel
877 716 1031 763 priorum,

279 777 314 800 ac
342 772 555 800 conventuum
572 792 580 806 ,
606 766 870 801 monasteriorum
894 773 923 799 et
955 766 1032 800 alio-

281 827 349 849 rum
367 814 508 849 locorum
527 814 629 849 dictae
652 815 691 849 de
710 827 790 849 novo
815 823 937 849 erectae
955 826 1033 849 con-

279 864 482 911 gregationis,
505 864 716 899 communiter
743 864 788 898 vel
815 863 953 907 divisim,
977 876 1032 910 pro

281 923 419 960 tempore
436 913 677 960 pertinentibus,
694 913 787 948 etiam
807 913 1033 959 qualitercum-

280 975 342 1010 que
364 962 517 998 beneficia
553 963 620 1007 ipsa
649 970 679 997 et
706 962 917 1008 ubicumque,
940 973 1034 1008 prae-

280 1020 432 1067 terquam
451 1011 533 1060 apud
556 1011 671 1046 Sedem
696 1011 902 1057 pr‚aedictam
925 1022 1033 1045 vacare

280 1061 459 1108 eontigerit,
487 1061 660 1095 dummodo
684 1060 883 1107 dispositioni
911 1067 1032 1106 aposto-

281 1111 357 1145 licae
368 1090 580 1156 D0··eneraliter
613 1117 769 1144 reservata
802 1121 865 1143 non
894 1108 1033 1149 fuerint,

281 1159 341 1194 sub
367 1159 488 1206 gratiis,
504 1159 709 1206 expectativis
724 1166 777 1193 aut
801 1157 1034 1205 provisionibus

281 1221 335 1244 seu
358 1209 425 1243 aliis
446 1207 708 1255 dispositionibus
730 1207 831 1242 dietae
858 1206 964 1251 Sedis,
989 1207 1035 1241 fa-

281 1257 451 1292 cultatibus
472 1269 528 1292 seu
546 1256 690 1301 indultis,
705 1256 744 1291 de
760 1256 959 1291 conferendis
978 1255 1035 1291 be-

282 1306 400 1342 neficiis
423 1305 658 1350 ecclesiasticis,
680 1305 864 1340 vacantibus
879 1305 926 1339 vel
943 1317 1035 1340 vaca-

282 1356 370 1397 turis,
385 1355 550 1403 quibusvis
566 1355 722 1402 personis,
738 1355 970 1401 cuiuscumque
984 1354 1036 1389 di-

282 1406 422 1451 gnitatis,
444 1413 555 1449 status,
577 1403 705 1450 gradus,
725 1404 845 1438 ordinis
860 1403 906 1438 vel
929 1404 1036 1438 condi-

283 1455 375 1490 tionis
397 1454 523 1497 suerint,
545 1461 575 1488 et
597 1454 718 1500 quavis,
741 1454 834 1488 etiam
854 1453 1034 1499 pontificali,

283 1503 434 1550 dignitate
468 1503 707 1549 praefulgeant,
738 1504 776 1537 ab
808 1503 916 1537 eadem
951 1502 1034 1538 Sede

283 1552 524 1600 quomodolibet
545 1552 705 1586 concessis
732 1561 762 1586 et
787 1552 817 1586 in
840 1558 930 1586 antea
959 1564 1036 1587 eon-

284 1602 446 1643 cedendis,
470 1601 710 1648 quomodolibet
732 1601 845 1636 cadant
870 1613 925 1635 seu
947 1613 1036 1636 com-

285 1651 533 1699 prebendantur;
556 1650 611 1685 sed
640 1651 781 1697 ipsorum
804 1650 1035 1685 beneficiorum

285 1701 421 1741 collatio,
445 1701 596 1748 provisio,
628 1700 848 1747 praesentatio,
873 1700 984 1735 electio
1007 1708 1037 1735 et

284 1751 462 1806 dispositio,
486 1750 609 1785 illorum
646 1757 831 1785 occurrente
858 1750 1035 1791 vacatione,

285 1800 466 1848 praemissis
487 1812 549 1835 non
566 1799 777 1841 obstantibus,
800 1799 837 1834 ad
861 1799 991 1834 abbates
1007 1808 1036 1834 et

286 1862 406 1896 priores
433 1861 469 1884 ac
491 1858 664 1883 conventus
685 1849 851 1896 praefatOS,
878 1847 977 1883 libere
1007 1857 1036 1884 et

283 1899 404 1946 absque
437 1898 542 1945 aliquo
575 1898 731 1945 praefatae
761 1897 855 1933 Sedis
883 1910 1037 1944 praeven-

285 1949 379 1983 tionis
395 1948 624 1994 impedimento
641 1947 818 1994 pertineant
835 1955 865 1982 et
881 1955 1035 1994 spectent.

285 1998 330 2032 Ae
352 1997 390 2032 de
413 1996 576 2031 beneficiis
598 1997 687 2044 ipsis,
710 1997 817 2031 nullus
844 1996 924 2031 alius
941 2009 1036 2043 quam

284 2046 413 2081 abbates
439 2058 494 2082 seu
519 2046 638 2093 priores
660 2053 690 2081 et
717 2053 891 2081 conventus
913 2046 1037 2093 praedi-

285 2100 337 2141 cti,
364 2111 638 2148 quorumcumque
667 2099 849 2134 facultatum
878 2109 908 2134 et
931 2099 1039 2134 indul-

287 2162 388 2190 torum
405 2154 462 2188 sibi
477 2166 492 2188 a
515 2153 598 2188 Sede
612 2153 658 2188 vel
674 2153 785 2200 legatis
801 2153 949 2199 praefatis
966 2165 1039 2200 qua-

287 2209 494 2255 litercumque
526 2215 557 2243 et
582 2207 641 2242 sub
676 2207 842 2254 quibusvis
869 2207 1036 2242 verborum

287 2261 393 2297 formis
417 2270 447 2296 et
470 2260 632 2303 clausulis,
654 2261 747 2296 etiam
767 2261 1036 2307 derogatoriarum

286 2315 505 2363 derogator-iis,
528 2315 619 2351 etiam
642 2323 729 2352 motu
753 2315 847 2351 simili
875 2328 1040 2351 concesso—

287 2383 355 2406 rum
386 2378 417 2406 et
439 2371 714 2407 concedendorum
744 2370 850 2417 vigore
873 2370 921 2405 vel
946 2382 1039 2417 prae-

289 2432 387 2470 textu,
410 2425 580 2473 disponere
594 2425 695 2460 valeat
712 2436 840 2472 quoquo
863 2423 969 2458 modo.
991 2423 1038 2460 Ac

289 2490 398 2514 omnes
420 2486 450 2514 et
472 2479 617 2526 singulae
638 2479 756 2526 gratiae
771 2477 983 2524 expectativae
1010 2486 1039 2513 et

289 2533 539 2580 acceptationes,
568 2533 776 2580 provisiones,
799 2532 1038 2578 dispositiones,

290 2585 472 2621 collationes
493 2595 525 2622 et
547 2587 654 2621 literae
677 2586 769 2621 Sedis
797 2598 832 2620 ac
859 2585 942 2620 illius
959 2584 1040 2631 lega-

1701 255 1770 288 547

1071 332 1165 375 super
1187 319 1408 355 collationibus
1430 320 1654 356 beneficiorum
1677 321 1823 356 ecclesia-

1072 371 1236 410 sticorum,
1251 371 1429 406 vacantium
1444 378 1743 410 senvacaturorum,
1756 371 1823 417 qui-

1073 419 1180 455 busvis
1213 421 1331 461 etiam,
1354 428 1388 455 ut
1411 419 1609 467 praefertur,
1636 420 1824 467 qualilieatis

1074 470 1228 516 personis,
1255 479 1285 505 et
1307 482 1378 505 eum
1403 470 1570 516 praedictis
1592 448 1740 504 clausulis
1767 481 1824 516 pro

1074 527 1215 565 tempore
1237 531 1411 561 concessa,
1435 530 1664 574 processusque
1687 518 1825 566 desuper

1073 568 1170 603 babiti
1198 582 1253 615 pro
1273 577 1430 616 tempore,
1452 569 1544 603 ctiam
1568 580 1826 603 excommunica-

1073 618 1179 658 tionis,
1202 618 1420 665 suspensionis
1442 626 1473 652 et
1494 618 1651 652 interdicti
1686 617 1825 665 aliasque

1073 666 1302 702 ecclesiasticas
1325 668 1510 707 sententias,
1533 678 1684 702 censuras
1702 674 1731 702 et
1747 679 1827 714 poe-

1075 728 1129 750 nas
1156 717 1186 751 in
1208 728 1242 751 se
1263 717 1476 757 continentes,
1507 716 1590 764 quod
1615 715 1764 751 beneficia
1787 716 1824 750 ad

1074 766 1285 809 collationem,
1315 767 1498 812 provision.,
1529 765 1827 812 praesentationem,

1075 815 1259 850 electionem
1279 823 1331 849 ant
1353 815 1444 850 aliam
1469 815 1707 861 dispositionem
1728 814 1828 849 abba-

1076 872 1140 898 tum
1164 872 1194 898 et
1222 864 1360 910 priorum
1390 876 1426 898 ac
1449 873 1661 898 conventuum
1697 864 1827 910 praedi-

1075 920 1196 947 ctorum
1226 913 1398 959 respective
1425 914 1601 959 spectantia
1630 913 1826 957 huiusmodi,

1075 975 1110 996 {iC
1139 970 1237 996 loltttll
1264 962 1291 995 ltl
1316 971 1343 996 (²1
1369 962 1519 1009 (llllcqllltl
1546 963 1575 996 ln
1599 962 1788 996 COllll'ssl'lum
1811 974 1825 996 3

1075 1023 1248 1058 quoquam,
1276 1012 1385 1057 quavis
1400 1012 1597 1055 auctoritate,
1620 1011 1757 1046 scienter
1780 1011 1826 1046 vel

1077 1068 1255 1106 13¹110ranter
1271 1061 1412 1094 attentati
1429 1061 1608 1107 contigerit,
1629 1061 1716 1095 omni
1737 1073 1828 1108 pror-

1076 1122 1129 1143 sus
1157 1117 1283 1144 careant
1314 1109 1469 1144 firmitate.

1125 1159 1144 1204 S
1166 1158 1486 1205 22.Necqriis‹111am
1510 1170 1674 1205 personas,
1694 1170 1773 1205 quae
1788 1158 1827 1193 de

1077 1208 1144 1241 iure
1186 1209 1346 1242 communi
1383 1208 1584 1253 Retio-ionem
1614 1208 1736 1254 ingredi
1764 1220 1827 1242 nou

1078 1256 1296 1303 probibentur,
1315 1270 1331 1291 e
1353 1235 1705 1303 saecutofug·ien1es⁰et
1727 1257 1764 1292 ad
1781 1257 1829 1291 di-

1077 1314 1158 1340 ctam
1181 1306 1220 1340 de
1236 1318 1316 1341 novo
1329 1315 1463 1341 erectam
1481 1286 1758 1353 conogregarionem
1773 1318 1831 1341 ve-

1078 1356 1145 1389 nire
1167 1355 1362 1400 affectantes,
1387 1355 1569 1390 verberibus
1592 1364 1645 1390 aut
1675 1356 1830 1391 violentiis

1077 1404 1270 1451 quibuslibet
1295 1405 1451 1451 impedire
1474 1405 1520 1439 vel
1545 1405 1724 1452 probibere,
1747 1412 1831 1440 auta

1077 1454 1279 1489 monasteriis
1307 1455 1352 1488 vel
1381 1455 1459 1489 locis
1475 1455 1729 1500 congregationis
1744 1455 1832 1489 eius-

1077 1503 1149 1537 dem
1182 1504 1401 1549 praesentibus
1430 1503 1478 1538 vel
1506 1503 1619 1538 futuris
1652 1504 1830 1545 diver,tere

1077 1561 1130 1587 aut
1156 1565 1253 1607 super
1275 1553 1335 1587 boc
1362 1553 1424 1587 illis
1452 1552 1500 1587 vel
1523 1565 1575 1587 eas
1606 1553 1832 1607 recipientibus

1079 1602 1224 1636 iniuriam
1254 1603 1300 1637 vel
1326 1602 1500 1636 molestiam
1529 1602 1663 1648 aliquam
1695 1602 1831 1648 irrogare

1080 1660 1267 1697 praesumat
1291 1651 1562 1686 Contrafacientes
1584 1664 1657 1686 vero
1681 1663 1833 1698 praesen-

1080 1701 1156 1735 tium
1180 1701 1321 1736 notitiam
1347 1701 1510 1739 babentes,
1526 1701 1573 1734 vel
1597 1702 1651 1748 qui
1674 1713 1725 1735 eas
1743 1701 1832 1746 igno—

1079 1750 1226 1789 raverint,
1249 1759 1278 1785 ct
1301 1757 1466 1797 postquam
1491 1750 1528 1783 ad
1557 1762 1666 1785 eorum
1689 1751 1830 1784 notitiam

1079 1799 1290 1840 devenerint,
1318 1812 1334 1834 a
1357 1799 1540 1846 praemissis
1562 1800 1686 1834 iniuriis
1708 1808 1737 1834 et
1760 1800 1832 1834 vio-

1079 1848 1182 1883 lentiis
1206 1861 1267 1884 non
1291 1849 1480 1893 destiterint,
1497 1849 1833 1884 excommunicationis

1079 1899 1267 1933 sententiani
1300 1899 1367 1945 ipso
1395 1898 1476 1932 lacto
1500 1898 1684 1942 incurrant,
1707 1910 1722 1932 a
1746 1910 1805 1952 qua
1824 1925 1833 1943 ,

1080 1956 1298 2002 praeterquam
1323 1960 1352 1981 ru
1377 1948 1488 1982 mortis
1509 1947 1642 1982 articulo
1659 1948 1833 1991 constituti,

1080 1997 1137 2030 ntsi
1161 2009 1177 2031 a
1201 1997 1283 2031 Sede
1307 1996 1454 2043 praefata,
1483 1996 1690 2031 absolutionis
1713 1996 1833 2031 benefi-

1079 2045 1162 2080 (inm
1188 2055 1346 2093 nequeant
1368 2046 1523 2081 obtinere.

1129 2103 1144 2142 g
1165 2101 1224 2133 ⁶25.
1246 2099 1291 2134 Ac
1316 2099 1419 2134 nullae
1441 2098 1673 2134 ecclesiasticae
1696 2099 1743 2133 vel
1763 2110 1833 2134 sae-

1081 2152 1203 2188 culares
1226 2165 1399 2200 personae,
1422 2165 1625 2201 quacumque
1648 2153 1832 2188 auctoritate

1081 2206 1127 2241 vel
1155 2206 1305 2253 dignitate
1326 2207 1495 2254 praeditae,
1518 2206 1655 2253 aliquem
1680 2219 1716 2241 ex
1740 2218 1832 2254 prae-

1081 2260 1150 2295 latis
1173 2261 1218 2295 vel
1248 2262 1389 2295 monacis
1420 2260 1673 2307 congregationis
1707 2260 1832 2307 praedi-

1080 2322 1158 2358 ctae,
1193 2315 1418 2361 obsequiorum
1454 2315 1500 2349 vel
1527 2315 1726 2349 servitiorum
1756 2326 1831 2361 pro-

1082 2369 1221 2415 priorum
1250 2369 1297 2404 vel
1329 2377 1462 2403 monast.
1491 2381 1621 2403 suorum
1650 2377 1831 2415 praetextu,

1081 2422 1174 2458 ctiam
1201 2423 1226 2457 si
1250 2422 1368 2469 absque
1391 2422 1515 2456 licentia
1538 2434 1667 2456 suorum
1695 2422 1831 2468 superio-

1082 2490 1163 2521 rum,
1182 2476 1221 2511 ad
1244 2489 1295 2511 eas
1311 2476 1478 2516 divertere,
1494 2476 1540 2510 vel
1555 2476 1612 2510 alia
1625 2476 1735 2522 quavis
1754 2487 1830 2510 cau-

1081 2543 1125 2572 sa,
1153 2531 1247 2565 etiam
1270 2529 1412 2564 arctioris
1439 2530 1529 2573 vitae,
1553 2528 1684 2563 Ordinis
1708 2528 1753 2563 vel
1773 2528 1831 2563 ob-

1081 2584 1265 2627 servantiae,
1283 2595 1300 2618 a
1319 2583 1400 2618 dicta
1421 2582 1461 2618 de
1481 2594 1561 2618 novo
1580 2591 1680 2617 erecta
1698 2594 1830 2628 congre-

290 2645 392 2675 torum
415 2640 610 2682 huiusmodi,
628 2640 852 2686 facultatesque
869 2647 898 2674 et
919 2638 1038 2673 indulta
1081 2638 1205 2684 gatione
1233 2637 1379 2676 educere,
1403 2636 1449 2671 vel
1465 2644 1576 2684 sponte
1599 2636 1760 2671 venientes
1779 2647 1830 2671 re-

1837 266 1885 293 An.
1904 266 1932 293 C.
1955 266 2020 293 15¹3

1859 1169 1983 1196 tmpettienr
1992 1175 2028 1191 eos

1845 1208 1878 1227 qur
1874 1200 1986 1220 rOrdinern
2000 1202 2027 1220 iu>

1845 1232 1903 1256 gredi
1941 1232 2027 1255 volunt,

1845 1265 1892 1281 sunt
1905 1267 2026 1282 eventuum<

1845 1294 1917 1313 incuti.

1891 2115 1986 2135 Mon'wlit

1848 2148 2031 2173 acon.›regrione

1847 2178 1904 2199 nullo
1921 2181 2031 2203 praetextu

1847 2209 1978 2230 divertamur
1993 2212 2029 2228 ele.
