2281 3251
120 275 169 301 An.
188 276 216 302 C.
236 276 299 302 ¹1:87

899 269 1071 291 INNOCENTI
1078 269 1111 291 ΓΞ
1136 269 1195 291 Vttl
1219 268 1265 290 PP.

315 327 520 362 restituantur
550 333 602 359 aut
624 324 799 369 mittantur,
819 324 1005 370 priusquam
1021 323 1058 357 sit

313 376 415 411 eidem
454 375 585 421 collegio
624 374 863 408 secretariorum
902 373 941 407 de
978 373 1056 407 «licta

313 425 420 472 quinta
456 434 522 459 taxa
556 424 660 458 debito
693 423 896 458 satisfactum.
924 422 957 457 Si
986 423 1058 469 quis

312 483 416 510 autem
440 474 530 509 aliter
561 486 739 520 procurare,
762 474 907 507 ordinare
923 501 930 513 ,
953 472 1059 507 solici-

315 533 389 565 tare;
416 532 470 558 aut
491 524 574 571 ipsas
596 524 713 562 literas,
741 523 801 557 sub
828 522 940 570 quovis
968 534 1059 569 prae—

314 582 410 615 textu,
433 574 521 608 aliter
542 581 611 608 actu
642 573 763 607 tradere
785 572 832 606 vel
861 571 938 606 tradi
958 572 1057 606 facere

313 636 370 658 seu
399 623 545 658 mandare
569 623 826 670 praesumpserit,
845 622 1060 656 excommuni-

313 673 445 708 cationis
463 674 540 707 latae
556 672 729 707 sententiae
749 674 777 715 <a
794 684 867 719 qua,
886 672 944 706 nisi
974 672 1059 717 prius

313 732 343 757 et
371 731 441 757 ante
468 721 573 757 omnia
604 722 762 757 satisfacto
794 722 894 755 eidem
928 721 1059 766 collegio

313 772 563 813 secretariorum,
586 772 624 806 dc
652 784 721 806 vera
744 781 773 806 ct
797 772 913 817 integra
936 782 1058 805 summa

315 832 400 856 taxae
423 822 539 865 bullae,
554 822 578 856 si
604 830 797 867 procuratae,
825 821 996 854 solicitatae
1014 819 1059 853 vel

314 872 458 916 traditae,
482 871 527 906 vel
544 871 583 905 de
597 870 819 905 satisfaciendo
841 870 957 905 efficaci
980 868 1061 903 ordi-

313 922 439 956 natione
471 922 701 967 praecedente,
736 933 791 967 per
826 930 1061 966 quemcumque

313 972 539 1014 consessorem,
562 971 653 1005 etiam
669 971 726 1005 sub
741 978 899 1016 praetextu
920 968 1061 1003 cuiusvis

314 1021 438 1062 indulti,
466 1033 482 1055 a
510 1021 601 1055 nobis
622 1020 670 1055 vel
689 1018 924 1055 successoribus
947 1018 1061 1052 nostris

314 1071 450 1117 desuper
467 1071 599 1105 emanati
615 1083 673 1105 seu
690 1069 846 1112 concessi,
860 1076 890 1102 et
907 1068 936 1101 in
953 1068 1061 1101 mortis

313 1120 458 1165 articulo,
486 1120 602 1154 absolvi
632 1132 693 1154 non
723 1119 829 1165 possit)
852 1129 975 1152 necnon
996 1117 1060 1163 pri-

315 1170 448 1205 vationis
460 1169 601 1204 omnium
615 1177 645 1202 et
661 1169 858 1214 singulorum
875 1166 1061 1210 officiorum,

315 1232 370 1266 per
397 1220 500 1266 ipsum
528 1219 558 1253 in
586 1217 683 1253 Curia
710 1226 813 1253 nostra
843 1216 977 1264 praefata
1004 1215 1062 1250 ob-

316 1276 472 1304 tentorum
502 1280 556 1315 pro
579 1276 733 1315 tempore,
751 1276 845 1314 atque
864 1266 956 1301 etiam
980 1278 1063 1300 emo-

314 1318 525 1353 lumentorum
560 1330 834 1364 quorumcumque
868 1317 918 1356 ei,
951 1315 1062 1362 quovis

314 1368 407 1403 modo
425 1396 433 1412 ,
453 1367 573 1402 ratione
595 1368 641 1402 vel
665 1379 770 1408 causa,
793 1366 969 1402 debitorum
989 1374 1062 1399 tnnc

313 1427 343 1452 et
355 1417 572 1452 debendorum
588 1417 619 1451 in
635 1417 785 1461 futurum,
801 1416 920 1451 ratione
935 1427 1062 1450 eorum-

313 1467 384 1501 dem
416 1467 591 1502 officiorum
626 1479 705 1513 quae
732 1466 887 1501 obtinebit
919 1473 949 1500 et
982 1476 1062 1511 quae

313 1516 551 1564 quomodolibet
571 1516 742 1557 exercebit,
758 1528 874 1563 poenas
893 1516 971 1549 latae
987 1526 1061 1548 sen-

314 1567 428 1601 tentiae
456 1566 629 1613 respective
659 1569 748 1613 (quas
769 1578 806 1600 eo
828 1566 897 1612 ipso
919 1574 949 1599 et
971 1564 1062 1598 toties

313 1616 436 1663 quoties
462 1615 690 1659 contrafecerit)
713 1615 860 1650 incurrat.
887 1614 1062 1649 Tenentur-

313 1678 374 1712 que
394 1678 498 1700 vener.
522 1665 615 1700 frater
629 1674 735 1700 noster
749 1665 874 1705 Petrus,
893 1664 1062 1710 episcopus

312 1715 532 1760 Caesena-ten„
556 1727 717 1761 praesens,
730 1715 822 1761 etqui
844 1726 898 1760 pro
917 1723 1061 1759 tempore

311 1764 422 1809 suerit,
445 1765 601 1811 generalis
626 1764 742 1799 Curiae
770 1776 934 1798 causarum
971 1763 1059 1797 Cam.

310 1814 510 1861 Apostolicae
532 1822 656 1849 nostrae
671 1814 805 1855 auditor,
821 1814 856 1848 ad
877 1812 1059 1848 earumdem

1732 256 1800 288 355

1102 324 1165 357 siae
1188 322 1384 357 subditarum
1413 330 1442 356 et
1470 321 1693 360 sul›dit0rum;
1729 332 1851 355 necnon

1101 384 1373 428 qttffiumcumque
1394 372 1525 406 aliarum
1543 370 1851 405 administrationum

1101 436 1155 457 seu
1185 423 1457 461 commissionum
1472 422 1564 456 etiam
1582 419 1772 467 gabellarum
1789 420 1853 454 sive

1103 481 1308 519 proxentuum
1332 471 1369 505 ad
1385 471 1529 506 eamdem
1545 470 1722 504 Romanam
1737 469 1852 504 Eccle-

1101 535 1177 556 siam
1201 521 1437 569 quomodolibet
1466 519 1709 567 pertinentium,
1743 519 1853 554 officiis

1101 584 1156 605 seu
1172 570 1431 606 concessionibus
1455 570 1501 605 vel
1519 568 1740 604 locationibus.
1762 568 1852 611 Quae

1101 621 1200 656 ossicia
1227 634 1282 656 seu
1305 632 1412 655 eorum
1435 620 1502 654 loca
1528 627 1558 654 et
1581 618 1699 662 titulos,
1727 619 1758 653 in
1773 630 1853 666 quo-

1102 672 1173 705 dam
1197 671 1365 717 quinterno
1389 669 1548 716 plumbato
1570 677 1601 703 et
1625 676 1729 703 nostra
1757 681 1851 703 manu

1101 720 1290 767 subscripto,
1304 719 1503 765 singulariter
1517 719 1640 765 singula
1659 718 1795 753 describi
1811 726 1852 759 et,

1102 770 1295 804 considerata
1315 769 1488 823 quantitate
1507 769 1794 803 emolumentorum
1813 768 1852 803 ad

1104 819 1186 863 illos,
1210 819 1261 866 qui
1287 818 1384 853 ollicia
1414 831 1479 865 ipsa
1513 831 1568 865 pro
1592 826 1734 864 tempore
1761 829 1853 852 exer-

1103 869 1236 912 cebunt,
1273 868 1481 902 verisimiliter
1519 876 1795 914 proventurorum,
1819 876 1853 901 ut

1104 918 1145 952 illi
1170 930 1312 972 quoque,
1334 918 1429 964 quib
1411 916 1547 951 oratuito
1565 930 1580 950 a
1605 916 1694 951 nobis
1716 929 1854 952 commo-

1103 968 1178 1002 dum
1196 967 1386 1022 percipiunt,
1405 967 1434 1001 in
1459 975 1541 1001 tanta
1564 965 1726 1001 Romanae
1740 966 1853 1002 Eccle-

1104 1018 1168 1052 siae
1192 1017 1390 1061 necessitate,
1414 1016 1591 1063 portionem
1608 1016 1745 1062 aliquam
1768 1028 1853 1051 con-

1105 1067 1261 1107 tribuant,
1290 1067 1522 1113 inperpetuum
1539 1065 1575 1100 ad
1604 1073 1720 1100 certam
1743 1066 1854 1101 mode-

1105 1125 1201 1151 ratam
1226 1125 1326 1151 taxam
1351 1116 1446 1150 taxari
1470 1115 1650 1150 curarimus
1666 1128 1675 1155 ς
1693 1115 1730 1149 ad
1758 1127 1852 1162 quem

1104 1167 1307 1213 quimernum
1331 1165 1515 1200 relationem
1544 1165 1574 1199 in
1602 1164 1750 1200 omnibus
1776 1164 1854 1200 infra

1104 1216 1248 1251 dicendis
1270 1214 1377 1250 baberi
1408 1215 1567 1259 volumus,
1590 1214 1681 1249 cuius
1707 1214 1794 1261 copia
1823 1215 1853 1249 in

1104 1266 1204 1301 forma
1227 1265 1417 1312 transumpti
1451 1264 1489 1299 ad
1517 1264 1658 1311 singulos
1680 1263 1798 1310 legatos
1825 1273 1855 1299 et

1103 1316 1333 1362 gubernatores
1347 1327 1402 1349 seu
1420 1323 1558 1350 rectores
1576 1312 1752 1361 praedictos
1762 1314 1854 1359 mitti,

1106 1374 1138 1400 ut
1153 1378 1209 1413 per
1225 1366 1311 1412 ipsos
1325 1364 1492 1410 diligenter
1506 1363 1656 1399 omnibus
1671 1363 1856 1398 officialibus

1105 1415 1273 1462 praedictis
1300 1424 1330 1450 et
1351 1414 1432 1456 aliis,
1454 1426 1534 1461 quos
1561 1422 1649 1448 taxae
1682 1420 1713 1447 et
1739 1413 1796 1448 alia
1824 1414 1854 1448 in

1103 1465 1213 1500 eodem
1243 1465 1412 1512 quinterno
1445 1463 1605 1509 designata
1636 1471 1854 1503 concernunt

1106 1515 1242 1549 intimari
1278 1522 1308 1549 et
1343 1513 1496 1561 publicari
1526 1513 1648 1560 possint
1674 1512 1749 1557 (sic,
1771 1491 1854 1559 quod

1103 1577 1212 1599 eorum
1237 1576 1330 1599 nemo
1352 1563 1452 1610 possit
1468 1563 1602 1609 allegare
1622 1561 1770 1596 illorum
1763 1574 1855 1617 igno-

1105 1614 1246 1655 rantiam,
1269 1623 1300 1648 et
1335 1613 1566 1660 infrascriptum
1604 1619 1731 1658 tempus
1762 1612 1855 1646 unius

1104 1664 1234 1708 mensis,
1256 1663 1320 1698 site
1343 1663 1469 1709 triginta
1492 1662 1628 1702 dierum,
1650 1661 1765 1696 exinde
1782 1661 1856 1708 legi-

1105 1715 1216 1748 timum
1238 1713 1363 1747 initium
1383 1712 1498 1747 habere
1516 1720 1688 1756 mereatur,
1709 1711 1856 1746 volumus

1103 1772 1197 1811 atque
1222 1762 1431 1806 mandamus),
1455 1761 1493 1797 ad
1515 1762 1642 1796 eosdem
1670 1761 1856 1796 secretarios

1105 1821 1257 1860 perpetuo
1269 1820 1409 1858 spectare
1423 1821 1453 1847 et
1468 1812 1626 1859 pertinere
1639 1810 1852 1846 decernimus.

1864 268 1916 293 An.
1934 266 1962 293 C.
1981 267 2045 293 11487

310 1876 484 1911 poenarum
507 1864 749 1899 declarationem
773 1873 803 1898 et
825 1864 1060 1902 executionem

311 1913 577 1960 quandocumque
604 1914 630 1949 ei
663 1914 701 1948 de
728 1913 911 1961 praemissis
933 1913 1059 1947 consti-

312 1963 398 2046 tessrit,
426 1964 596 2011 procedere
623 1971 653 1998 et
682 1963 808 2010 procedi
847 1964 948 1998 facere
987 1974 1059 1996 cum

312 2025 328 2047 e
354 2020 437 2047 ectu.

360 2063 380 2110 g
406 2065 459 2097 17.
488 2062 527 2097 Et
549 2071 727 2110 praeterea,
750 2062 856 2097 omnia
880 2070 909 2097 et
937 2063 1060 2109 singula

1152 1863 1172 1909 S
1201 1865 1256 1897 18.
1279 1862 1464 1896 Statuentes
1480 1869 1513 1896 ut
1532 1869 1593 1896 tam
1609 1860 1851 1896 concessionum
1883 1872 2021 1893 nectamus>
2011 1879 2050 1893 η-

1103 1925 1196 1960 quam
1218 1912 1476 1947 reformationum
1493 1911 1663 1958 gratiarum
1686 1922 1783 1957 super
1798 1910 1853 1945 hu·
1868 1904 2052 1956 ξῗωῇζζῃωᾞῖξ

1104 1962 1240 1997 iusmodi
1268 1962 1418 1996 omnibus
1443 1969 1474 1996 et
1501 1961 1635 2007 singulis
1658 1959 1769 1995 officiis
1798 1972 1919 1995 sentum-

1103 2012 1174 2047 aliis
1196 2011 1493 2052 commissionibus,
1520 2022 1576 2057 per
1598 2022 1654 2045 nos
1676 2017 1707 2044 et
1729 2021 1853 2045 succes-

1103 2074 1191 2097 sores
1218 2070 1354 2105 nostros,
1369 2062 1420 2108 qui
1449 2073 1504 2108 pro
1519 2069 1661 2107 tempore
1683 2067 1786 2104 erunt,
1801 2059 1855 2094 sa-

129 2121 223 2147 Tamque
248 2121 298 2141 bre>

116 2153 170 2172 vium
195 2152 298 2179 aposton-

117 2189 195 2205 corum.

312 2117 524 2153 emolumenta
561 2117 720 2152 literarum
753 2116 995 2164 apostolicarum
1029 2118 1060 2152 in

313 2171 411 2207 forma
438 2171 564 2213 brevis,
593 2181 655 2206 tam
686 2170 745 2206 sub
780 2183 850 2206 cera
885 2184 979 2219 quam
1003 2172 1062 2207 sub

313 2225 454 2273 plumbo,
478 2238 534 2273 pro
551 2225 715 2273 quibusvis
732 2225 877 2272 personis
899 2226 1062 2272 expedita-

313 2291 381 2314 rum
399 2280 459 2314 iam
482 2288 512 2315 et
534 2292 590 2327 pro
617 2290 758 2326 tempore
781 2279 1061 2326 expediendarum,

314 2346 408 2382 super
434 2334 622 2381 quibusvis,
657 2334 751 2369 etiam
783 2333 1062 2380 gubernationum,

314 2401 368 2424 seu
386 2389 586 2424 rectoriarum
610 2401 645 2424 ac
659 2388 930 2433 commissionum,
944 2397 996 2423 aut
1011 2402 1064 2436 po-

315 2445 528 2489 testariarum,
550 2445 822 2492 capitaneatuum,
847 2444 1063 2490 vicariatnum,

315 2500 611 2543 tliesaurariatuum,
639 2500 899 2534 camerariatuum
922 2507 951 2534 et
983 2512 1063 2534 can-

316 2554 512 2590 cellariarum
536 2554 781 2602 provinciarum,
805 2554 977 2595 civitatum,
999 2562 1064 2588 ter-

317 2621 420 2644 rarum
438 2618 468 2644 et
490 2617 683 2652 castrorum,
706 2621 740 2644 ac
763 2608 922 2643 custodiae
945 2608 1063 2643 arcium

318 2675 603 2712 quarumcumque,
626 2663 718 2699 nobis
733 2671 761 2699 et
778 2663 939 2699 Romanae
954 2663 1065 2698 Eccle—

1105 2116 1301 2161 ciendarum,
1316 2115 1353 2150 ad
1368 2124 1662 2163 quantumcumque
1675 2113 1769 2148 etiam
1785 2113 1854 2149 lon-

1104 2171 1223 2217 gissimi
1247 2170 1397 2217 temporis
1419 2169 1574 2216 spacium,
1597 2167 1706 2202 literae
1727 2179 1854 2215 semper

1104 2224 1315 2272 expediantur
1341 2231 1371 2258 et
1398 2222 1537 2270 expediri
1560 2221 1695 2256 debeant
1717 2221 1855 2269 singulis

1104 2291 1159 2314 sex
1183 2278 1344 2313 mensibus
1362 2290 1378 2313 a
1394 2278 1563 2325 primarum
1582 2276 1745 2311 literarum
1758 2288 1855 2324 expe-

1105 2333 1224 2368 ditione
1241 2331 1474 2380 computandis3
1492 2339 1522 2365 et
1539 2343 1595 2377 pro
1607 2330 1743 2377 singulis
1758 2331 1855 2366 literis

1106 2388 1303 2425 huiusmodi,
1339 2386 1472 2432 singulis
1495 2385 1615 2421 vicibus
1642 2385 1718 2421 solvi
1742 2385 1854 2421 debeat

1105 2443 1226 2479 eisdem
1253 2441 1430 2478 secretariis
1466 2453 1527 2476 una
1558 2449 1636 2480 taxa,
1665 2449 1759 2488 prout
1785 2452 1854 2475 esse

1107 2498 1294 2545 reperiretur
1316 2497 1346 2531 in
1365 2495 1525 2544 praedicto
1547 2495 1714 2543 quinterno
1737 2503 1853 2531 notata.

1106 2551 1257 2586 Similiter
1283 2551 1377 2586 etiam
1405 2550 1510 2585 omnia
1532 2558 1562 2585 et
1585 2549 1710 2596 singula
1737 2549 1854 2585 emolu-

1108 2615 1211 2641 menta
1238 2618 1293 2654 pro
1327 2605 1506 2652 quarumvis
1544 2604 1675 2639 aliarum
1702 2604 1854 2639 similium

1109 2662 1268 2697 literarum
1298 2672 1393 2708 super
1432 2660 1542 2708 quavis
1575 2659 1633 2695 alia
1661 2659 1788 2695 materia
1823 2659 1854 2694 in
