2281 3251
213 259 262 286 An.
277 260 308 287 C.
328 261 394 287 ¹¹:7¹1

230 765 402 791 &emptionem-

217 802 266 823 φη,
282 796 350 823 quo-d
364 795 402 814 bo—

216 834 243 848 na
258 830 278 847 et
290 831 402 853 person-s,

217 867 227 878 α
252 858 403 884 nuperioritno

217 893 398 916 quorumcumque

218 921 317 941 cenredi!
331 919 376 946 (ης

459 249 531 281 216
941 264 945 268 ·
996 258 1181 281 nnumin:

1206 257 1366 280 tionum!

413 323 538 350 nostras
554 314 731 362 praedictas
750 314 856 349 literas
878 326 913 349 ac
929 325 1095 361 processus
1114 313 1166 346 de-
1184 313 1192 371 s
1209 319 1326 347 tractus
1354 319 1407 346 aut
1427 311 1468 346 rei
1492 310 1531 346 de
1550 322 1610 358 qua
1633 311 1792 357 ageretur,
1812 308 1960 345 ubicum-

412 376 510 411 super
533 364 655 399 habitos
677 372 707 399 et
727 364 798 398 inde
821 372 927 398 secuta
945 374 1165 409 quaecumqm·

412 414 514 449 valere
541 426 576 449 ac
612 413 734 449 roboris
757 413 934 448 firmitatem
963 420 1082 450 tenere,
1111 424 1165 458 pe-

413 462 502 498 rinde
535 475 571 498 ac
598 463 622 497 si
651 463 755 497 omnia
784 472 812 497 et
844 461 966 508 singula
992 460 1079 495 vobis
1113 473 1166 507 per

414 512 607 560 praedictum
639 511 795 559 Pyrr-lium
833 511 971 557 archiep.
1006 521 1166 551 concessa,

414 570 445 596 et
469 562 568 608 ipsius
587 561 817 608 archiepiscopi
837 559 934 594 literis
956 567 1115 597 contenta,
1137 559 1166 592 in

414 623 509 658 saepe
541 610 711 645 nominatis
734 609 848 644 nostris
870 608 969 643 literis
991 607 1169 656 specialiter

415 670 445 695 et
461 659 660 706 singulariter
675 667 795 693 narrata
812 668 841 693 et
857 670 1006 706 expressa
1026 657 1168 692 luissent.

464 710 485 756 g
503 710 558 743 15.
575 708 613 743 Et
630 709 771 755 iusuper,
788 720 841 742 ros
856 716 886 742 et
909 716 1046 742 vestrum
1064 719 1168 754 quem·

416 758 505 801 libet,
525 771 560 792 ac
581 757 810 801 eremitorium,
826 758 891 792 sire
904 757 1069 792 ecclesiam
1093 755 1171 791 San-

417 809 457 843 cti
482 806 641 842 Francisci
659 806 698 841 dc
725 806 833 851 Paula,
855 806 1062 854 praedictum,
1085 814 1170 840 cete-

418 869 513 904 raque
530 857 633 890 omnia
657 864 687 891 et
709 855 832 902 singula
855 856 1045 899 eremitoria,
1069 855 1171 890 cccle-

417 906 478 942 sias
514 914 544 940 et
575 906 642 940 loca
677 917 732 952 per
760 917 814 940 vos
849 905 879 939 in
915 905 1171 952 quibuscumque

417 954 595 991 civitatibus
622 963 652 990 et
674 954 874 990 dioecesibus
907 953 1039 989 ubilibet
1062 954 1171 988 bacte-

419 1018 477 1040 uus
511 1012 634 1051 recepta
664 1012 695 1039 et
723 1004 752 1038 in
778 1012 938 1051 posterum
977 1002 1171 1050 recipienda.

419 1067 492 1090 cum
512 1053 662 1089 omnibus
681 1053 803 1089 iuribus
825 1063 853 1088 ct
878 1053 1075 1099 pertinentiis
1093 1052 1172 1091 suis3

419 1104 631 1151 eremitasque
653 1111 682 1137 et
707 1115 857 1150 personas
881 1103 910 1136 in
936 1102 996 1137 illis
1020 1114 1075 1149 pro
1099 1110 1174 1135 tvm-

421 1164 496 1201 pore
515 1152 727 1200 ‹legenteS‚ac
743 1165 793 1188 res
814 1161 844 1187 et
864 1152 942 1187 bona
963 1163 1174 1199 quaecumque

421 1202 548 1238 mobilia
576 1210 607 1237 et
629 1201 800 1236 immobilia
829 1201 866 1236 ad
892 1213 946 1236 vos
972 1210 1002 1235 et
1025 1201 1173 1235 eremitas

421 1261 449 1288 et
471 1263 622 1299 personas
637 1263 673 1286 ae
689 1259 825 1285 vestrum
845 1249 1032 1298 quemlibet,
1047 1262 1082 1284 ac
1095 1250 1174 1293 loca,

421 1301 600 1337 eremitoria
633 1308 663 1336 et
696 1300 848 1335 ecclesias
878 1299 1061 1334 huiusmodi
1087 1311 1174 1347 quo-

422 1350 608 1391 modolibet,
635 1349 849 1384 communiter
872 1349 919 1385 vel
942 1348 1081 1389 divisim,
1103 1360 1174 1395 spe·

422 1400 535 1436 etantia
571 1407 602 1434 et
625 1399 824 1447 pertinentia,
852 1398 891 1433 ab
925 1399 1011 1433 omni
1041 1398 1175 1432 iurisdi—

422 1450 543 1490 ctione,
571 1448 732 1493 dominio,
768 1455 939 1495 potestate,
976 1447 1175 1487 visitatione,

422 1498 617 1535 correctione
644 1505 675 1532 et
706 1498 928 1545 superior-itate
961 1497 1113 1544 praedicti
1143 1510 1177 1531 ac

424 1561 479 1596 pro
501 1556 643 1595 tempore
666 1546 829 1582 existentis
847 1546 1076 1594 archiepiscopi
1096 1546 1178 1581 Con-

423 1597 536 1634 sentini
560 1605 590 1632 et
612 1597 744 1631 aliorum
768 1595 1092 1643 archiepiscoporum,
1115 1596 1179 1643 epi-

423 1659 612 1695 scoporum,
644 1646 889 1691 ordinariorum,
913 1645 1054 1681 iudicum
1081 1653 1109 1681 et
1126 1658 1179 1680 su·

425 1698 584 1745 periurum
613 1707 901 1744 quorumcumque,
924 1695 1015 1730 etiam
1041 1694 1178 1734 illorum,

425 1748 456 1781 in
484 1758 619 1795 quorum
661 1745 902 1786 iurisdictione,
934 1744 1113 1779 civitatibus
1151 1753 1203 1779 ρι’

425 1795 626 1831 dioecesibus
642 1794 831 1838 eremitoria,
851 1794 931 1839 loca,
959 1793 1111 1838 ecclesiae,
1127 1806 1182 1829 vos

426 1854 456 1881 et
479 1845 628 1881 eremitae
651 1856 686 1879 ac
711 1855 875 1892 personae,
899 1856 949 1879 res
971 1852 1000 1878 et
1021 1843 1103 1879 bona
1127 1843 1181 1878 lin-

429 1895 564 1931 iusmodi
587 1894 767 1930 consistunt
789 1901 819 1928 et
837 1894 1009 1928 consistere
1034 1902 1178 1940 poterunt

426 1943 665 1994 quomodolibet
697 1943 725 1978 in
750 1943 903 1983 futurum,
931 1943 1118 1977 auctoritate
1153 1952 1181 1977 et

426 1999 557 2035 scientia
581 1998 760 2046 praedictis,
783 1997 821 2032 de
843 1997 972 2044 speciali
1001 1997 1111 2043 gratia,
1135 2005 1181 2031 te—

428 2066 503 2089 nore
538 2052 751 2101 praesentium
786 2063 916 2099 prorsus
949 2051 1119 2086 eximimus
1155 2056 1207 2100 et*¹

429 2108 566 2145 totaliter
593 2107 686 2142 etiam
710 2106 904 2149 liberamus,
939 2118 974 2140 ac
1010 2105 1069 2140 sul)
1104 2106 1183 2141 beati
1206 2147 1207 2151 Ἰ

427 2162 515 2199 Petri
550 2170 580 2198 et
606 2161 702 2197 Sedis
730 2168 920 2196 memoratae
952 2172 988 2195 ac
1025 2159 1209 2197 Romanae*¹

430 2217 593 2254 Ecclesiae
620 2225 650 2252 et
684 2224 789 2252 nostra
821 2215 1018 2262 protectione
1051 2206 1209 2260 suscipi-l

432 2285 516 2313 mus,
538 2284 574 2307 ac
600 2278 746 2318 exempta
773 2277 804 2304 et
826 2269 978 2304 immunia
1004 2279 1074 2303 esse
1099 2268 1186 2302 volu—
1208 2274 1210 2293 ’-

432 2339 523 2367 mus,
559 2325 714 2372 nobisque
749 2332 779 2359 et
805 2322 1044 2359 successoribus
1073 2323 1189 2356 nostris

432 2379 587 2416 Romanis
613 2377 822 2414 Pontificibus
849 2376 1003 2412 canonice
1037 2376 1190 2410 intranti-

434 2435 506 2476 bus,
528 2446 565 2469 ac
586 2433 688 2468 dictae
709 2431 785 2467 Sedi
807 2430 989 2466 immediate
1011 2429 1187 2465 subiacere.

434 2488 479 2524 Ita
494 2487 578 2536 quod
599 2485 844 2533 archiepiscopi,
859 2485 1012 2533 episcopi,
1028 2484 1189 2528 ordinarii,

436 2541 557 2577 iudices
575 2541 747 2589 supradicti
760 2567 767 2581 ‚
791 2540 910 2575 ratione
927 2538 1034 2574 delicti
1058 2538 1104 2573 vel
1120 2549 1191 2572 con-

436 2653 536 2681 Concil.
553 2652 687 2687 Trident.‚
704 2659 770 2680 sess.
790 2659 841 2685 vu,
859 2659 917 2687 cap.
942 2652 970 2678 tu
992 2653 1017 2678 et
1035 2657 1099 2677 sess.
1122 2657 1191 2676 xxv.

1208 374 1269 409 que
1291 362 1507 396 committatur
1521 360 1672 396 delictum
1688 359 1736 394 vel
1752 360 1874 394 ineatur
1887 370 1960 394 con-

1209 421 1326 446 tractus
1347 419 1399 444 ant
1427 422 1476 444 res
1503 410 1569 457 ipsa
1591 409 1755 448 consistat,
1782 408 1900 443 nullam
1928 408 1960 442 iu

1210 460 1297 494 rubis
1328 472 1363 494 ac
1397 459 1600 502 eremitoriis,
1633 459 1709 493 locis
1735 466 1766 492 et
1786 457 1961 501 Ecclesiis,

1210 509 1348 544 eremitis
1372 517 1402 543 et
1425 508 1569 556 personis
1599 507 1783 542 huiusmodi
1805 518 1842 542 ac
1867 505 1963 541 rebus

1210 567 1239 593 ct
1268 558 1358 592 bouis
1387 557 1552 604 praedictis
1577 556 1842 597 iurisdictionem,
1872 563 1962 603 pote-

1211 616 1321 643 statem
1337 616 1363 642 et
1389 606 1566 641 dominium
1584 606 1705 653 possint
1724 604 1964 653 quomodolibet

1211 668 1374 693 exerc-erc.
1397 655 1454 690 sod
1470 656 1632 690 dumtaxat
1653 667 1759 690 coram
1780 654 1862 690 dicta
1880 653 1964 689 Sede

1214 707 1258 740 vel
1294 719 1364 741 eins
1387 706 1500 752 legatis
1524 716 1578 739 ros
1599 712 1629 738 et
1653 704 1802 739 eremitae
1823 716 1860 739 ac
1887 704 1966 739 aliae

1215 768 1365 802 personae
1389 755 1418 789 in
1443 754 1532 794 loeis,
1551 753 1706 788 Ecclesiis
1727 761 1757 788 et
1778 753 1967 788 eremitoriis

1215 804 1398 839 huiusmodi
1428 817 1482 850 pro
1510 812 1652 850 tempore
1679 802 1831 849 degentes
1858 810 1967 837 tenea-

1215 854 1290 889 mini
1314 853 1353 889 de
1376 854 1492 889 iustitia
1516 851 1719 900 respondere.

1263 908 1278 947 g
1315 905 1370 938 16.
1398 903 1436 938 Et
1470 903 1600 948 insuper
1633 901 1722 936 vobis
1755 900 1904 936 omnibus
1937 910 1967 935 et

1215 953 1354 988 cremitis
1381 965 1417 987 ac
1445 952 1606 999 personis,
1628 951 1724 992 locis,
1751 949 1905 986 Ecclesiis
1931 963 1969 986 ac

1215 1002 1404 1037 eremitoriis
1423 1000 1621 1042 huiusmodi,
1645 1008 1677 1035 ut
1698 1000 1894 1036 omuibuset
1908 1000 1969 1035 siu-

1215 1051 1299 1098 gulis
1326 1051 1507 1098 privilegiis,
1537 1049 1755 1097 indulgentiis,
1781 1049 1970 1085 concessio-

1217 1100 1322 1146 nibus,
1344 1101 1465 1147 gratiis,
1494 1099 1637 1139 indultis,
1665 1099 1842 1146 ceterisque
1863 1099 1970 1134 omni·

1219 1150 1276 1185 bus
1307 1159 1338 1185 et
1365 1150 1498 1196 singulis
1534 1150 1564 1183 in
1594 1147 1812 1196 praesentibus
1839 1156 1869 1182 et
1902 1147 1972 1183 aliis

1218 1200 1345 1239 nostris,
1361 1212 1396 1235 ac
1413 1200 1513 1246 ipsius
1528 1197 1794 1234 Consentinensis
1815 1197 1973 1244 archiepi-

1217 1249 1303 1296 scopi
1327 1248 1426 1284 literis
1441 1248 1629 1296 saepedictis
1652 1259 1684 1282 ac
1708 1259 1764 1293 per
1785 1259 1838 1282 eas
1857 1246 1974 1282 habitis

1219 1298 1422 1345 processibus
1446 1297 1616 1345 praedictis
1637 1296 1808 1340 contentis,
1827 1295 1916 1331 vobis
1937 1308 1974 1331 ac

1218 1348 1431 1391 eremitoriis,
1459 1347 1603 1382 ecclesiis
1625 1354 1655 1381 et
1681 1345 1759 1380 locis
1793 1345 1974 1380 huiusmodi

1218 1398 1378 1432 concessis
1406 1406 1437 1431 et
1464 1395 1690 1433 concedendis,
1715 1396 1746 1430 in
1775 1406 1974 1442 quacumque

1219 1447 1344 1481 civitate
1366 1456 1395 1481 et
1418 1446 1572 1486 dioecesi,
1595 1457 1631 1480 ac
1655 1444 1772 1492 ubique
1793 1452 1824 1479 et
1849 1444 1880 1479 iu
1899 1456 1978 1492 quo-

1220 1512 1356 1546 cumque
1379 1500 1460 1539 loeo,
1483 1500 1668 1534 auctoritate
1691 1498 1862 1546 apostolica
1891 1511 1977 1545 prae-

1220 1554 1313 1598 dicta,
1339 1554 1380 1588 nti
1404 1563 1434 1588 et
1449 1554 1600 1600 gaudere,
1625 1564 1725 1599 eaque
1740 1551 1846 1586 omnia
1867 1559 1899 1586 et
1917 1551 1977 1586 sin-

1221 1609 1290 1654 gula
1317 1610 1345 1642 in
1371 1608 1550 1642 huiusmodi
1573 1607 1688 1642 nostris
1710 1618 1746 1640 ac
1768 1606 1838 1640 aliis
1859 1614 1890 1640 et
1905 1618 1978 1653 prae·

1222 1662 1295 1696 dieti
1345 1662 1576 1710 archiepiscopi
1611 1660 1838 1708 praenominati
1881 1659 1979 1696 literis

1223 1724 1252 1751 et
1276 1716 1478 1763 processibus
1504 1715 1646 1763 desuper
1673 1714 1788 1750 habitis
1819 1722 1979 1756 contenta,

1223 1771 1363 1805 cuiusvis
1390 1770 1577 1817 superioris,
1604 1769 1771 1816 superbis
1793 1777 1846 1804 aut
1874 1768 1979 1816 aliquo

1225 1825 1484 1872 praemissorum,
1515 1824 1638 1859 lieentia
1663 1823 1795 1858 minime
1819 1823 1981 1871 requisita,

1225 1892 1259 1914 ac
1275 1879 1534 1926 quibuscumqur¹
1558 1878 1650 1912 etiam
1668 1877 1981 1921 contradictionibus,

1225 1933 1466 1980 exceptionibus
1498 1940 1526 1967 et
1555 1931 1794 1980 impedimentis
1828 1932 1982 1974 remotis,

1228 1987 1384 2033 praedicta
1408 1986 1592 2021 auctoritate
1618 1986 1804 2032 apostolica,
1828 1985 1926 2020 libere
1953 1994 1983 2019 et

1227 2041 1310 2076 licite
1337 2053 1484 2076 exercere
1519 2040 1645 2087 possitis
1669 2049 1699 2075 et
1726 2039 1864 2076 valeatis.
1892 2039 1983 2082 Quae

1206 2113 1207 2141 l
1227 2096 1321 2130 etiam
1344 2095 1448 2130 omnia
1464 2104 1493 2130 et
1515 2095 1638 2141 singula
1663 2094 1692 2129 in
1717 2093 1936 2142 praesentibus
1954 2102 1983 2128 et

1973 254 2022 281 An.
2040 253 2070 280 C.
2087 253 2153 280 {HQ

1995 913 2018 934 Ει
2029 912 2124 933 extendtt
2134 911 2168 932 dl-

1982 947 2016 965 cta
2039 942 2120 964 indult-
2141 943 2167 963 nd
2218 938 2222 942 ”

1982 976 2052 995 omnia
2067 974 2114 994 lot·
2126 972 2169 994 01-

1982 1007 2046 1028 dinis.

1228 2149 1296 2183 aliis
1324 2150 1441 2183 nostris
1468 2161 1502 2183 ac
1530 2149 1602 2184 dicti
1626 2148 1858 2195 archiepiscopi
1887 2147 1984 2182 literis
2003 2178 2011 2189 ,

1229 2215 1323 2250 saepe
1359 2203 1452 2238 dictis
1476 2215 1511 2238 ac
1534 2203 1735 2250 processibus
1761 2203 1898 2250 desuper
1926 2201 1986 2236 ha-

1231 2258 1302 2292 bitis
1319 2265 1479 2297 contenta,
1499 2257 1684 2292 auctoritate
1705 2264 1736 2292 et
1757 2256 1888 2291 seientia
1912 2268 1984 2303 prae-

1209 2305 1211 2340 l
1231 2312 1325 2349 dicia,
1353 2311 1391 2346 de
1414 2311 1562 2358 specialis
1585 2310 1669 2345 dono
1695 2310 1812 2357 gratiae
1834 2309 1985 2345 concedi-

1233 2378 1305 2400 mus
1332 2374 1361 2400 οι
1386 2366 1589 2411 indulgemus
1618 2377 1672 2411 per
1694 2371 1886 2411 praesentes.
1940 2399 1950 2407 ,

1282 2420 1302 2467 g
1329 2423 1380 2454 17.
1403 2419 1472 2455 Fel.
1500 2431 1561 2454 rec.
1591 2418 1768 2454 Innocentii
1797 2418 1902 2466 Papae
1933 2418 1987 2463 lv,

1235 2474 1486 2521 praedecessoris
1520 2473 1630 2513 nostri,
1668 2482 1774 2508 contra
1797 2481 1988 2520 exemptos,

1212 2541 1314 2603 aquae
1355 2529 1464 2575 incipit
1509 2529 1643 2561 Volenles
1685 2535 1714 2561 et
1755 2525 1895 2573 qualibet
1931 2526 1989 2575 alia

463 2613 504 2649 (1)
529 2612 623 2646 Quoad
654 2611 864 2639 iurisdictionem
894 2609 1105 2641 ordinariorum,
1133 2608 1215 2635 vide¹

1235 2581 1461 2617 constitutione
1484 2581 1656 2629 apastolica
1678 2580 1831 2616 contraria
1851 2591 1913 2616 nou
1936 2579 1990 2615 ob·

1235 2644 1348 2670 stante.

2002 2428 2112 2449 Commi.-
2122 2421 2184 2450 toltit.
