2281 3251
91 303 138 328 An.
154 300 182 326 c.
204 301 268 326 ¹5¹7

102 363 216 385 OburvML
233 366 422 402 ³¹¹·cumque
445 355 616 402 praelatum
639 354 783 395 Ordinis,
811 355 901 389 etiam
930 355 1030 390 mini-

88 394 271 445 {ffissffigfflffi
285 414 382 440 strum
400 404 589 451 generalem,
615 404 692 438 mitti
721 404 756 438 ad
779 405 963 439 morandum
992 405 1028 439 ad

88 458 154 476 mm·
284 455 420 501 aliquem
444 463 633 489 conventum
654 466 717 488 non
746 454 948 489 reformatum
978 463 1031 489 aut

286 516 340 550 pro
360 504 526 538 reformato
542 516 603 538 non
619 503 780 544 habitnm3
796 512 928 552 excepto
944 504 1029 551 quod

284 555 308 588 si
328 553 475 600 capitulis
490 553 736 600 provincialibus
752 553 909 588 videretur
924 554 1030 588 minus

285 603 400 637 malum
416 603 553 650 aliquem
570 603 695 638 fratrem
721 603 879 638 licentiare
895 603 933 637 ad
952 616 1031 637 non-

284 652 358 686 dum
382 652 576 693 reformatos,
602 665 695 699 quam
721 652 822 699 ipsum
846 665 917 687 cum
939 653 1032 687 refor-

284 703 376 736 matis
403 702 548 743 retinere3
577 702 627 737 tali
651 714 725 736 casu
755 703 875 749 possint
903 702 1030 750 praelati

284 751 407 786 mittere
429 751 555 786 fratrem
579 764 633 786 seu
658 751 766 787 fratres
789 751 971 787 reformatos
993 753 1029 787 ad

284 800 424 835 nondum
436 802 630 836 reformatos.
642 801 832 843 Inliibentcs,
843 801 902 836 sub
911 814 1033 836 excom-

285 851 507 885 municationis
529 851 607 886 latae
634 852 806 886 sententiae
835 863 946 898 poena,
963 864 1032 886 om-

286 900 378 935 nibus
400 901 573 947 etsingulis
586 901 838 936 conventualium
859 901 1031 935 secundnm

288 950 447 997 privilegia
471 950 640 985 viventium
669 951 815 998 praelatis
836 963 871 985 ac
886 950 1033 984 fratribus

287 1012 326 1033 ne
352 1000 488 1046 aliquem
512 1012 549 1034 ex
578 1000 724 1046 praefatis
753 1000 950 1039 reformatis,
973 1000 1031 1034 nisi

288 1049 381 1084 modo
408 1049 580 1096 praedicto,
603 1050 742 1096 recipere
765 1050 910 1084 audeant.
933 1049 1032 1084 Simi—

287 1099 489 1134 literetdictis
498 1099 672 1134 reformatis
686 1100 843 1144 fratribus,
856 1098 914 1133 sub
924 1099 1032 1133 eadem

288 1161 400 1196 poena,
417 1161 455 1184 ne
470 1149 508 1183 ab
530 1149 706 1184 obedientia
724 1161 853 1184 suorum
871 1148 1035 1183 ministro-

289 1211 356 1232 rum
380 1199 546 1243 ullatenus,
568 1211 661 1246 quam
686 1198 779 1233 modo
796 1197 968 1245 praedicto,
984 1210 1034 1232 re-

289 1248 411 1282 cedant.
440 1248 477 1282 Et
506 1260 556 1289 ne,
579 1261 615 1282 ex
638 1260 788 1282 novarum
816 1256 971 1282 sectarum
1004 1248 1033 1281 in

288 1297 371 1332 dicto
386 1297 504 1332 Ordine
514 1297 616 1332 forsan
634 1297 864 1332 introductione
881 1297 1035 1341 facienda,

288 1346 439 1380 Ordinem
454 1347 564 1381 iterum
582 1347 611 1380 in
626 1347 707 1381 rixas
721 1346 869 1381 devenire
881 1354 1035 1393 oporteat,

289 1395 445 1436 volumus,
465 1405 495 1430 et
511 1396 538 1429 in
557 1396 669 1430 virtute
686 1404 811 1431 sanctae
833 1396 1035 1431 obedientiae

288 1444 419 1479 firmiter
450 1445 659 1492 praecipimus
688 1453 717 1480 et
745 1445 932 1480 mandamus
953 1446 1035 1492 quod

288 1495 326 1529 de
347 1503 451 1529 cetero
480 1494 582 1529 nullae
611 1508 707 1530 novae
730 1503 833 1531 sectae
857 1496 903 1530 vel
931 1496 1037 1530 refor-

288 1545 441 1579 mationes
475 1546 506 1579 in
540 1544 622 1579 dicto
648 1544 768 1581 Ordine
797 1546 1038 1580 introducantur

288 1603 338 1629 aut
374 1594 471 1634 fiant,
500 1594 617 1641 absque
646 1595 777 1629 ministri
806 1595 961 1641 generalis
987 1603 1038 1629 aut

291 1643 529 1691 provincialium
555 1644 767 1679 ministrorum
797 1645 1036 1679 reformatorum

290 1694 319 1727 in
343 1693 408 1728 suis
430 1694 601 1740 provinciis
623 1695 795 1741 respective
814 1707 963 1741 expresso
982 1707 1038 1729 as—

290 1755 399 1778 sensu.
410 1743 454 1777 lta
470 1752 573 1778 tamen
589 1744 673 1791 quod
687 1744 789 1779 dictae
803 1744 1039 1779 reformationes

291 1793 350 1839 ipsi
366 1793 511 1828 ministro
529 1794 665 1839 generali
682 1803 710 1828 et
729 1794 973 1841 provincialibus
988 1806 1038 1828 re-

291 1843 431 1877 formatis
450 1855 505 1890 per
519 1844 638 1884 omnia,
661 1844 744 1878 iuxta
756 1843 924 1891 Regulam,
947 1843 1040 1879 subii-

290 1893 427 1938 ciautur,
456 1901 488 1927 ut
509 1905 602 1940 supra
625 1905 810 1941 expressum
837 1902 883 1929 est
905 1894 944 1929 de
970 1893 1041 1929 aliis

293 1942 480 1977 reformatis.

342 1995 357 2036 §
381 1994 437 2027 16.
465 1992 667 2040 Quapropter
688 2005 798 2028 omnes
824 1993 946 2034 domos,
974 1993 1041 2028 loca

117 2047 187 2083 quae
210 2045 279 2067 ¹⁶¹⁰*
293 2050 323 2077 et
342 2042 529 2083 eremitoria,
546 2055 627 2089 quae
650 2043 757 2077 fratres
771 2043 810 2078 de
836 2042 1041 2078 Observantia

96 2083 278 2132 ffi²12222iur,⁰⁰⁰
293 2104 349 2127 seu
371 2092 410 2127 de
426 2091 571 2133 Familia,
585 2105 641 2127 seu
661 2093 710 2127 alii
725 2093 883 2128 reformati
907 2093 965 2127 sub
983 2094 1043 2127 mi-

294 2146 412 2187 nistris,
437 2158 639 2194 quocumque
662 2147 791 2181 nomine
813 2146 958 2194 appellati
975 2146 1043 2181 fue-

295 2201 368 2245 rint,
390 2200 543 2235 hactenus
570 2208 740 2235 tenuerunt
766 2209 797 2235 et
823 2201 1044 2248 possederunt,

295 2254 354 2302 ipsi
383 2254 525 2288 ministro
554 2255 692 2301 generali
730 2267 764 2290 ac
799 2255 1044 2302 provincialibus

295 2308 446 2343 ministris
458 2308 632 2343 reformatis
646 2318 675 2344 et
686 2322 807 2356 pernos
835 2310 879 2345 sic
895 2310 1045 2346 institutis

296 2370 326 2398 et
347 2362 511 2397 declaratis
539 2363 567 2396 in
598 2363 663 2398 suis
693 2363 860 2411 provinciis
892 2365 1046 2412 respecti-

297 2429 332 2451 ve
353 2425 506 2464 perpetuo
528 2417 714 2452 subiicimus
737 2426 767 2452 et
796 2418 1044 2465 incorporamus.

297 2470 449 2506 Volentes
464 2471 530 2505 loca
554 2471 620 2518 ipsa
643 2484 697 2518 per
719 2472 804 2520 ipsos
826 2472 985 2507 ministros
1012 2485 1047 2507 ac

297 2537 406 2572 eorum
422 2537 621 2561 successores
637 2525 821 2562 reformatos
836 2535 987 2574 perpetuo
1001 2535 1048 2562 te-

299 2580 364 2613 neri
384 2588 413 2614 et
431 2579 597 2627 possideri,
615 2580 678 2627 regi
699 2589 728 2615 et
742 2581 922 2628 gubernari.
940 2580 1047 2623 Quas-

299 2645 438 2680 cumque
459 2634 529 2669 lites
545 2634 682 2682 desuper
702 2642 837 2675 exortas,
859 2647 962 2670 coram
976 2636 1048 2683 qui-

299 2687 497 2735 buscumque
520 2688 675 2723 iudicibus
697 2689 861 2724 ordinariis
889 2689 938 2724 vel
960 2689 1048 2725 dele-

378 2745 452 2776 Ball.
476 2745 552 2776 Rom.
574 2745 629 2776 Vol.
651 2746 678 2776 V.
893 2746 931 2777 88

953 301 1014 324 LEO
1040 301 1060 322 Χ
1089 300 1135 323 PP.

1699 289 1768 323 697

1072 355 1163 401 gatis,
1187 354 1279 389 etiam
1303 354 1336 390 S.
1352 354 1391 389 R.
1415 355 1451 389 E.
1475 354 1686 389 cardinalibus
1701 363 1732 388 et
1744 354 1817 389 dicti

1073 404 1203 439 Ordinis
1227 413 1401 451 protectore
1427 414 1475 439 aut
1501 404 1580 439 sacri
1597 403 1707 439 Palatii
1723 404 1819 439 nostri

1073 454 1268 489 auditoribus
1295 455 1358 489 sive
1383 454 1605 489 commissariis
1627 453 1820 501 apostolicis,

1073 505 1177 538 tamin
1200 503 1341 538 Romana
1358 503 1452 538 Curia
1471 516 1565 551 quam
1576 512 1659 538 extra
1675 503 1819 538 eamdem

1073 562 1101 588 et
1132 562 1192 588 tam
1222 554 1301 587 inter
1322 553 1484 597 subditos,
1514 554 1542 587 in
1567 553 1821 601 quibuscumque

1073 612 1154 637 statu
1181 603 1224 637 vel
1250 604 1407 647 instantia,
1431 611 1491 637 tam
1516 615 1610 649 super
1626 603 1821 649 possessorio

1075 665 1167 700 quam
1192 653 1354 699 petitorio,
1375 665 1430 687 seu
1459 653 1550 686 etiam
1574 652 1687 698 spolio,
1702 653 1727 687 si
1742 664 1822 699 quo-

1075 702 1243 737 modolibet
1260 702 1421 748 praetendi
1451 702 1557 748 possit,
1579 702 1715 748 desuper
1743 714 1823 748 pen-

1074 752 1195 791 dentes,
1217 752 1308 785 etiam
1326 753 1351 786 si
1380 751 1560 785 huiusmodi
1583 751 1649 786 loca
1673 751 1712 786 de
1735 750 1823 786 Obe-

1074 801 1192 835 dientia
1208 809 1237 835 et
1256 801 1294 834 de
1316 801 1461 848 capitulis
1483 800 1613 835 fratrum
1635 809 1823 835 conventua-

1076 851 1151 885 lium
1180 850 1252 884 dicti
1276 850 1405 885 Ordinis
1425 850 1511 897 prius
1532 850 1679 889 fuissent,
1706 851 1744 885 ad
1765 863 1822 885 nos

1075 900 1263 934 advocamus
1283 901 1405 946 penitus
1432 908 1462 933 ct
1484 900 1712 947 extinguimus,
1725 900 1822 935 silen-

1077 950 1151 984 tium
1171 957 1353 997 perpetuum
1368 950 1506 996 partibus
1523 949 1822 997 imponentes.Sen-

1076 1000 1186 1033 tentias
1199 1011 1325 1046 quoque
1340 1008 1369 1033 et
1387 1011 1551 1045 processus
1574 1012 1629 1046 per
1651 1012 1823 1047 quoscum-

1077 1061 1138 1096 que
1152 1048 1271 1083 iudices
1285 1049 1315 1082 in
1327 1049 1374 1083 eis
1397 1048 1520 1084 habitos
1541 1058 1571 1083 et
1594 1049 1681 1089 latas,
1700 1061 1735 1084 ac
1752 1049 1822 1083 inde

1076 1106 1181 1133 secuta
1204 1110 1436 1145 quaecumque,
1461 1099 1553 1133 etiam
1582 1099 1606 1132 si
1632 1098 1701 1133 lites
1725 1099 1822 1146 ipsae,

1077 1148 1197 1182 ratione
1211 1148 1363 1192 locorum,
1377 1148 1507 1182 fratrum
1527 1156 1557 1182 et
1579 1147 1731 1183 bonorum
1750 1149 1824 1182 hinc

1078 1197 1152 1232 inde
1166 1205 1376 1243 receptorum,
1391 1206 1443 1232 aut
1457 1198 1682 1245 cuiuscumque
1695 1198 1824 1233 alterius

1078 1247 1121 1281 rei
1151 1248 1316 1282 occasione
1339 1247 1384 1281 vel
1408 1259 1514 1288 causa,
1543 1256 1644 1282 motae
1667 1246 1823 1288 fuissent,

1077 1308 1239 1331 cassamus
1261 1304 1291 1330 et
1318 1296 1528 1331 annullamus.

1126 1346 1146 1393 g
1179 1348 1230 1380 17.
1259 1346 1299 1380 Εῑ
1327 1346 1533 1381 nihilominus
1560 1345 1651 1381 dictis
1678 1345 1825 1381 fratribus
1859 1360 1960 1381 Connus.
1986 1364 2024 1380 eo·

1078 1395 1352 1440 conventualibus,
1375 1409 1498 1431 necnon
1522 1395 1687 1443 quibusvis
1710 1391 2026 1444 iudici-{¹55⁵1223fmnum'

1080 1445 1138 1480 bus
1156 1458 1191 1480 ac
1206 1446 1274 1480 aliis
1296 1446 1566 1494 quibuscumque,
1592 1458 1631 1480 ne
1654 1446 1823 1493 quicquam

1081 1503 1188 1530 contra
1213 1496 1392 1530 liuiusmodi
1410 1504 1546 1530 nostram
1568 1495 1824 1540 declarationem,

1080 1546 1325 1584 institutionem,
1352 1546 1596 1589 innovationem,
1626 1546 1772 1579 unionem
1796 1555 1826 1581 et

1081 1596 1377 1642 incorporationem,
1401 1596 1429 1629 in
1454 1595 1572 1630 iudicio
1599 1595 1646 1629 vel
1665 1605 1764 1636 extra,
1787 1604 1827 1630 at-

1081 1653 1216 1685 tentare,
1246 1645 1579 1691 procurare,iudicare
1608 1645 1654 1679 vel
1684 1657 1829 1692 pronun-

1080 1695 1175 1740 ciare,
1190 1695 1282 1730 etiam
1300 1696 1324 1728 si
1341 1696 1386 1729 eis
1407 1707 1461 1742 per
1475 1707 1532 1730 nos
1546 1694 1749 1730 commissum
1768 1695 1828 1730 exi-

1080 1753 1156 1789 stat,
1180 1757 1234 1779 seu
1259 1745 1288 1778 in
1311 1744 1451 1779 futurum
1479 1745 1712 1789 committatur,
1736 1757 1828 1792 prae-

1081 1803 1218 1835 sumant,
1235 1795 1295 1829 sub
1315 1807 1412 1841 poena
1434 1795 1769 1829 excommunicationis
1783 1795 1830 1829 la-

1083 1853 1130 1879 tae
1151 1845 1323 1879 sententiae
1334 1857 1370 1879 ac
1386 1845 1567 1892 privationis
1585 1844 1810 1879 beneficiorum
1824 1873 1832 1885 ‚

1082 1906 1162 1941 quae
1177 1894 1330 1934 obtinent,
1352 1907 1388 1929 ac
1410 1895 1502 1929 etiam
1519 1894 1776 1929 inhabilitationis
1793 1894 1831 1929 ad

1081 1944 1140 1979 alia
1168 1944 1199 1978 in
1229 1952 1389 1991 posterum
1417 1944 1586 1979 obtinenda
1613 1956 1650 1979 eo
1685 1945 1753 1991 ipso
1782 1945 1833 1978 in-

1083 1993 1249 2036 currenda,
1264 1994 1457 2039 inhibemus,
1472 1995 1685 2042 praecipimus
1700 2003 1730 2029 et
1745 2006 1832 2030 man·

1084 2043 1206 2078 damus.

1132 2093 1152 2140 ἓ
1171 2093 1628 2139 18.Demun1,ut,secunduin
1644 2093 1830 2140 exigentiam
1851 2103 2027 2140 Praeservuom

1084 2149 1245 2189 locomm,
1270 2160 1476 2195 personarum
1504 2157 1533 2183 et
1556 2161 1677 2183 morum
1707 2156 1831 2189 cuncta,
1847 2135 1910 2187 {¹52¹ss
1928 2134 2032 2192 ‘52¹2'ssss

1085 2215 1165 2251 quae
1187 2202 1362 2238 conducere
1391 2202 1577 2238 videbuntur
1605 2215 1660 2250 pro
1688 2197 2030 2255 manute-{?g¹{„g,2¹‡†¹³¹⁵⁶'

1088 2258 1191 2293 nentia
1219 2257 1462 2301 reformationis,
1484 2270 1540 2305 per
1562 2265 1657 2293 totam
1680 2258 1834 2293 christia—

1087 2313 1214 2348 nitatem
1239 2312 1268 2346 in
1291 2312 1375 2347 dicto
1397 2311 1517 2347 Ordine
1534 2312 1592 2346 iam
1616 2312 1719 2346 divina
1735 2313 1833 2359 gratia

1088 2367 1295 2411 introductae,
1318 2366 1411 2406 iuste,
1434 2366 1562 2414 provide
1584 2375 1614 2401 et
1636 2366 1771 2401 discrete
1787 2379 1836 2402 va-

1088 2422 1172 2457 leant
1184 2422 1275 2457 statui
1290 2430 1318 2456 et
1333 2421 1488 2466 ordinari,
1503 2421 1647 2456 volumus
1661 2422 1833 2469 capitulum

1089 2477 1362 2523 generalissimum
1383 2476 1523 2522 proxime
1545 2475 1770 2510 celebrandurn
1789 2484 1834 2510 te—

1089 2531 1156 2564 neri
1185 2543 1239 2577 per
1260 2530 1440 2577 deputatos,
1455 2542 1492 2565 ex
1515 2529 1756 2577 probatioribus,
1779 2529 1836 2564 do-

1090 2583 1229 2619 ctoribus
1250 2596 1285 2619 ac
1301 2583 1400 2630 magis
1422 2584 1557 2631 expertis
1572 2583 1732 2628 fratribus,
1755 2596 1837 2618 non-

1092 2638 1196 2673 nullos
1222 2651 1258 2672 ex
1282 2638 1415 2673 diversis
1442 2637 1627 2685 regionibus
1644 2646 1836 2685 assumptos,

1093 2694 1145 2742 qui
1173 2694 1275 2729 omnia
1298 2701 1329 2728 et
1355 2693 1594 2741 singula‚quae,
1616 2705 1671 2741 pro
1691 2700 1838 2728 manute-

1833 298 1882 325 An.
1900 299 1930 325 C.
1951 299 2016 325 15¹7
