2281 3251
473 216 542 249 2118

426 296 502 318 nova
529 295 621 317 rausa
650 291 701 316 aut
725 282 763 315 tle
787 280 932 315 babendo
965 292 1094 314 recursu
1117 278 1172 312 ‹li-

423 332 771 380 ceret,appellatiouem
796 330 955 373 admittas,
977 338 1030 363 aut
1053 328 1171 362 admitti

423 384 508 418 siuas
527 395 581 430 per
607 382 744 427 aliquem
768 380 902 414 iudicem
928 379 974 413 vel
997 378 1173 422 officialem,

425 434 482 467 nisi
507 433 593 479 prius
625 430 788 466 cll'ectuale
816 430 994 476 depositum
1021 440 1118 475 penes
1146 436 1173 462 te

425 484 553 518 fecerint
575 481 614 515 de
638 493 750 527 poena,
774 481 802 514 in
827 492 887 526 qua
915 478 1078 526 appellans
1102 490 1174 512 con—

423 533 592 567 demnatus
615 531 704 565 l'uerit
726 538 777 564 aut
802 530 879 563 soret
902 527 1174 567 condemnandus,

426 591 518 629 prout
557 582 585 615 iu
620 580 895 615 constitutionibus
932 577 1175 625 provincialibus

423 641 451 666 et
474 632 543 666 aliis
566 630 842 677 praedecessorum
865 636 1043 662 nostrorum
1066 636 1095 661 et
1112 639 1175 661 no-

424 683 496 717 stris
530 681 638 718 literis,
672 680 709 714 ud
741 692 820 726 quas
855 678 1038 713 relationem
1068 676 1174 711 haberi

425 731 581 770 volumus,
609 730 735 777 plenius
762 729 952 763 continetur.

473 786 488 824 g*
509 784 543 814 2.
566 779 751 814 luliibentos
772 779 864 813 etiam
882 776 1100 825 praesentibus
1113 789 1176 823 gu—

233 838 362 858 F¹···'·=¹··¹·¹·
384 838 408 855 ‘¹‘
425 829 645 865 bernatoribus
661 857 669 868 ,
708 828 886 874 vicelegatis
901 856 909 867 ,
952 827 1176 862 locumtenen—

224 869 510 915 ''⁰‘''“'''”''‘''·ut›us
538 888 568 914 et
603 879 670 914 aliis
702 878 957 926 quibuscumque
992 876 1177 911 officialibus

425 931 526 978 ipsius
541 929 942 976 provinciae,qu0cumque
958 927 1085 961 nomine
1101 939 1177 960 uun·

424 981 559 1027 cupatis,
580 978 868 1026 utappellationem
884 978 1019 1024 aliquam
1037 976 1067 1010 in
1085 976 1176 1011 dictis

424 1030 526 1065 causis
551 1029 716 1063 admittere
744 1027 831 1062 nullo
855 1027 948 1061 modo
971 1025 1108 1060 audeant
1131 1027 1176 1061 vel

426 1087 640 1127 praesumant,
664 1079 721 1112 nisi
746 1090 802 1125 per
829 1086 858 1111 te
881 1077 927 1111 eis
955 1076 1041 1123 prius
1063 1077 1179 1110 cousti-

425 1130 495 1164 terit
523 1130 561 1163 ‹le
588 1128 741 1163 ell'ectuali
765 1127 922 1174 deposito,
947 1134 978 1160 ut
1003 1125 1177 1172 praemitti-

240 1195 407 1215 nmmum-1..
426 1189 486 1221 tur,
509 1178 600 1213 sacto.
615 1178 831 1213 Decernentes
846 1190 883 1211 ex
900 1188 985 1210 nuuc
1002 1175 1123 1209 irritum
1148 1184 1176 1210 et

225 1231 277 1246 '³¹¹⁸
426 1230 530 1270 inane,
545 1229 571 1263 si
600 1240 693 1263 secus
706 1240 723 1262 a
738 1238 943 1274 quocumque
957 1224 1075 1272 aliquid
1092 1237 1180 1272 prae-

425 1287 588 1326 sumptum
614 1278 707 1312 suerit
733 1277 890 1311 attentari.
918 1274 1093 1309 Contrariis
1116 1287 1176 1309 nou

425 1328 625 1364 obstantibus
643 1326 910 1374 quibuscumque.

475 1378 556 1413 Nulli
585 1390 660 1425 ergo
687 1385 740 1411 elc.

474 1427 508 1462 Si
532 1428 604 1475 quis
628 1435 732 1461 autem
756 1434 808 1460 etc.

474 1477 590 1512 Datum
619 1476 739 1512 Romae
767 1475 848 1522 apud
885 1474 917 1509 S.
954 1475 1099 1518 Petrum,
1121 1473 1180 1508 sub

425 1527 543 1564 annulo
571 1526 750 1566 piscatoris,
769 1526 819 1560 die
838 1527 881 1560 16
899 1525 988 1565 iunii,
1012 1524 1180 1559 millesimo

425 1577 684 1626 quingentesimo
718 1585 820 1621 sexto,
856 1575 1058 1622 pontificatus
1081 1574 1180 1609 nostri

425 1642 508 1664 anuo
531 1643 563 1664 o.

474 1690 536 1722 Dat.
558 1691 605 1721 die
629 1690 665 1721 16
684 1689 757 1720 iunii
778 1688 864 1725 1506,
883 1687 985 1727 pontis.
1005 1697 1080 1717 anno
1099 1696 1140 1718 111.

225 229 276 256 Λιι.
296 231 324 257 C.
340 230 405 257 ¹506

786 1865 823 1900 X.

429 1950 606 1985 lurisdt'clio
632 1955 659 1983 et
691 1949 858 1983 auctoritas
893 1948 1070 1981 clericorum
1105 1947 1178 1980 Rev.

479 2002 564 2034 Cam.
592 2001 700 2045 Apost.
735 1999 975 2043 praesidentum
1002 1998 1120 2042 aliquot
1142 2008 1181 2030 ex

476 2064 506 2085 se
525 2052 600 2096 ipsis
622 2051 712 2083 annis
739 2049 869 2093 sinqulvis
891 2049 1120 2081 transmittendi
1140 2049 1181 2081 ad

478 2103 545 2135 loca
567 2103 674 2134 Status
709 2099 899 2133 ecclesiastici
930 2099 1097 2136 visitanda,
1137 2098 1182 2141 0Ῑῖ-

476 2152 650 2198 ficialesque
675 2158 700 2183 et
730 2150 809 2183 alios
845 2159 1047 2193 quoscumque
1073 2149 1180 2181 (leliu-

476 2209 597 2247 quentes
617 2201 803 2234 coercendos.

696 2287 910 2320 SUMMARIUM

430 2365 617 2396 Prooemium.
639 2380 678 2386 —
698 2364 722 2393 1.
745 2362 856 2392 Causae
876 2362 987 2392 serendi
1011 2361 1181 2391 decreti.—

468 2410 495 2440 ⁹2.
511 2408 686 2440 Constitutio
707 2409 751 2442 (ile
770 2418 819 2446 qua
838 2408 865 2437 z'n
885 2407 1017 2445 rubrica).
1033 2406 1108 2435 -3.
1126 2406 1180 2435 Fa-

468 2455 593 2484 cultates
617 2453 651 2482 ml
676 2462 739 2482 reos
763 2453 941 2491 detegendos
963 2457 990 2482 et
1015 2452 1179 2491 puniendos

469 2499 664 2529 necessariae.
687 2515 726 2519 —
747 2498 773 2527 l.
796 2496 968 2527 slbedientia
992 2497 1026 2527 ad
1048 2497 1101 2526 lioc
1126 2497 1179 2525 ‹le-

470 2545 577 2585 pututis
608 2543 792 2582 praestanda.
824 2559 863 2564 —
888 2543 914 2572 5.
938 2541 1180 2580 Quibuscumque

470 2600 526 2619 nou
549 2588 745 2618 obstantibus.
768 2605 806 2610 —
824 2590 850 2616 ὓ.
875 2588 961 2617 Fides
981 2591 1180 2625 transumpto-

470 2644 534 2665 rum
559 2634 646 2665 liuius
665 2632 773 2664 bullae.

1025 222 1211 245 astutum!
1240 222 1401 244 ROMANUM

1239 282 1324 310 lulius
1343 282 1413 317 rapa
1437 281 1459 310 ΙΙ
1479 283 1512 310 ad
1532 282 1694 317 perpetuam
1712 281 1753 310 rei
1772 280 1939 309 memoriam.

1266 354 1312 388 Ex
1336 354 1478 388 iniuncto
1501 353 1591 389 nobis
1618 352 1755 400 desuper
1776 350 1966 399 apostolica«¹

1216 404 1375 439 servitutis
1410 403 1523 443 ollicio,
1546 403 1583 438 ad
1612 415 1647 438 ea
1669 403 1805 437 libenter
1828 400 1965 436 intendi—

1217 467 1298 492 mus,
1319 466 1373 500 per
1394 465 1476 500 quae
1498 465 1625 499 gregem
1649 452 1859 495 dominicum,
1882 463 1970 498 prae-

1217 504 1324 538 sertim
1369 503 1530 537 civitatum
1564 511 1594 537 et
1627 502 1768 537 locorum
1806 502 1967 548 temporali

1217 553 1358 587 dominio
1379 553 1412 587 S.
1442 552 1480 587 R.
1503 552 1541 587 E.
1567 551 1700 586 mediate
1723 552 1768 586 vel
1789 550 1968 586 immediau=

1217 603 1445 642 subiectorum,
1461 602 1564 636 divina
1584 601 1772 648 disponente
1791 601 1969 637 clementia,

1219 653 1309 687 nobis
1330 653 1555 695 commissum,
1578 651 1657 685 intra
1692 651 1827 685 iustitiae
1856 650 1969 685 trami—

1220 711 1277 743 tes,
1298 715 1370 737 cum
1393 714 1468 749 pace
1496 710 1525 736 et
1549 701 1666 735 iustitia
1700 700 1889 746 gubernare,
1913 712 1969 734 re—

1218 764 1291 798 gere
1315 760 1345 788 et
1367 753 1406 787 ab
1439 750 1701 799 oppressionibus
1734 749 1867 785 liberare
1894 762 1969 797 pos·

1218 814 1329 837 simus.

1267 856 1282 896 ξ
1308 856 1338 886 1.
1353 851 1449 896 Sane,
1472 851 1529 885 suit
1551 850 1611 885 fide·
1631 849 1800 897 (lignorum
1828 848 1970 884 testimo-

1219 902 1273 937 nio
1296 901 1426 936 relatum
1450 900 1533 948 quod
1563 899 1705 935 nonnulli
1726 899 1971 947 provinciarum,

1220 951 1379 987 civitatum
1403 959 1433 986 ct
1470 951 1609 986 locorum
1644 949 1876 997 praedictorum
1909 961 1972 995 gu-

1220 1002 1414 1045 bernatores,
1450 1000 1676 1042 locatenentes,
1699 998 1874 1045 vicelegati,
1901 999 1971 1033 tlte-

1220 1051 1364 1096 saurarii,
1387 1050 1563 1095 dolianerii‚
1597 1048 1770 1096 gabellarii,
1798 1047 1971 1092 castellani,

1220 1113 1381 1136 armorum
1409 1101 1569 1138 ductores,
1594 1099 1770 1143 camerarii,
1796 1107 1971 1142 exactores,

1223 1152 1354 1199 priores,
1379 1150 1511 1194 amiani,
1538 1149 1698 1191 consules,
1726 1148 1905 1188 consiliarii,
1926 1148 1971 1181 vi—

1221 1201 1294 1236 carii
1330 1209 1359 1235 ct
1383 1200 1588 1235 ecclesiarum
1618 1208 1648 1234 et
1676 1199 1800 1246 piorum
1828 1197 1968 1232 locorum

1222 1250 1363 1299 praelati,
1382 1258 1518 1285 rectores
1540 1258 1569 1284 et
1595 1256 1814 1296 procuratores
1835 1247 1971 1282 damno-

1223 1313 1291 1335 rum
1315 1300 1458 1335 datorum
1482 1308 1511 1335 et
1539 1299 1588 1333 alii
1617 1299 1847 1345 cuiuscumque
1870 1298 1971 1332 nomi-

1222 1351 1270 1385 nis
1302 1350 1457 1385 clericalis
1490 1348 1536 1383 vel
1577 1348 1746 1383 saecularis
1778 1347 1971 1382 auctoritatis

1223 1400 1269 1435 vel
1294 1399 1518 1434 iurisdictionis
1544 1398 1702 1439 officiales,
1730 1405 1916 1433 executores
1943 1405 1972 1431 et

1222 1450 1300 1484 aliae
1324 1449 1460 1496 privatae
1474 1460 1637 1495 personae,
1654 1447 1706 1495 qui
1729 1446 1904 1481 ministerio
1924 1447 1972 1481 iu-

1222 1499 1322 1534 stitiae
1341 1507 1370 1533 et
1394 1498 1526 1544 negotiis
1544 1497 1679 1545 publicis
1699 1497 1866 1544 praepositi
1889 1506 1971 1536 sunt,

1224 1561 1285 1583 nou
1315 1548 1408 1584 modo
1432 1548 1494 1587 illa,
1522 1555 1555 1581 ut
1588 1546 1715 1587 debent,
1751 1558 1812 1581 uon
1849 1554 1973 1581 servant

1222 1607 1253 1634 et
1279 1598 1394 1634 servari
1411 1605 1521 1632 curant
1545 1606 1575 1631 et
1598 1597 1726 1640 faciunt,
1749 1596 1802 1631 sed
1825 1595 1972 1644 quando-

1222 1661 1298 1696 que,
1320 1649 1351 1683 in
1376 1648 1566 1695 populorum
1595 1646 1827 1693 praedictorum
1849 1655 1880 1681 et
1907 1646 1972 1681 fisci

1223 1698 1320 1733 nostri
1336 1697 1498 1745 apostolici
1513 1697 1663 1731 damnum
1680 1708 1742 1731 non
1756 1695 1928 1737 modicum,
1943 1703 1972 1731 et

1222 1749 1398 1783 animarum
1413 1759 1541 1782 suarum
1557 1745 1734 1794 periculum
1754 1754 1785 1780 et
1804 1746 1973 1781 detrimen-

1223 1806 1302 1843 tum,
1315 1797 1362 1832 vel
1377 1809 1581 1845 personarum
1599 1795 1794 1842 acceptione,
1816 1796 1863 1831 vel
1879 1795 1972 1830 simo-

1223 1848 1304 1888 niae,
1319 1847 1380 1883 odii
1392 1859 1449 1882 seu
1467 1846 1585 1882 amoris
1600 1845 1668 1881 labe
1677 1854 1706 1880 et
1720 1845 1789 1880 aliis
1803 1844 1972 1880 mundanis

1224 1897 1380 1932 illecebris
1407 1897 1558 1943 corrupti,
1586 1903 1700 1930 statuta
1723 1903 1753 1930 et
1780 1895 1880 1930 bonas
1895 1906 1972 1930 con-

1223 1947 1408 1981 suetudines
1446 1958 1507 1981 non
1543 1945 1716 1988 servando,
1751 1952 1971 1991 corrumpunt;

1223 1995 1418 2044 tyrannidem
1441 2005 1587 2031 exercent
1610 2003 1640 2029 et
1656 1994 1790 2030 iustitiae
1813 1994 1972 2029 ministros

1224 2045 1413 2093 impediunt,
1437 2046 1583 2080 iustitiam
1608 2045 1748 2086 laedunt;
1769 2044 1972 2093 populorum,

1223 2097 1485 2131 communitatum
1501 2104 1530 2131 et
1547 2097 1738 2143 privatarum
1767 2107 1972 2142 personarum

1223 2146 1387 2181 facultates
1404 2146 1607 2186 exhauriunt,
1629 2154 1659 2180 et
1681 2145 1748 2180 fisci
1766 2145 1910 2179 introitus
1923 2157 1975 2179 au-

1224 2197 1326 2231 l’erunt
1348 2205 1378 2231 et
1406 2197 1436 2231 iu
1459 2208 1524 2231 rem
1552 2207 1640 2231 suam
1665 2203 1788 2230 vertunt
1816 2194 1863 2229 vel
1886 2194 1973 2229 aliter

1223 2246 1303 2281 male
1327 2254 1526 2293 pertractant:
1549 2258 1585 2281 ex
1615 2244 1731 2292 quibus
1755 2244 1907 2292 peccandi
1929 2245 1974 2279 li—

1223 2305 1324 2331 centia
1352 2305 1475 2340 crescit,
1515 2303 1545 2331 et
1574 2307 1709 2330 usuraru
1744 2304 1774 2329 et
1808 2303 1972 2330 monetarii

1224 2346 1484 2394 multiplicantur;
1500 2354 1530 2381 et
1556 2345 1652 2392 aliqui
1677 2344 1816 2386 abbates,
1840 2345 1974 2392 priores,

1223 2401 1356 2437 ministri
1378 2414 1435 2436 seu
1466 2400 1660 2448 quicumque
1691 2399 1739 2434 alii
1764 2400 1974 2435 monasterio-

1224 2469 1292 2491 rum
1319 2465 1350 2491 et
1373 2464 1583 2491 conventuum
1620 2463 1777 2494 rectores,
1805 2454 1972 2501 praepositi

1223 2521 1253 2547 ct
1275 2512 1500 2559 gubernatores
1527 2522 1730 2558 quocumque
1758 2508 1818 2544 alio
1846 2509 1973 2544 nomine

1224 2567 1407 2613 nuncupati·‚
1429 2566 1529 2613 etipsi
1552 2573 1583 2600 et
1598 2565 1690 2599 oriam
1715 2564 1764 2599 alii
1786 2563 1890 2599 clerici
1905 2576 1973 2598 sae-

1223 2621 1358 2664 culares,
1379 2620 1583 2656 eeclesiarum
1607 2618 1747 2668 praelati,
1783 2627 1918 2654 rectores
1944 2625 1973 2654 et

1980 221 2029 245 An.
2047 219 2076 244 C.
2098 219 2162 244 thol}

2010 368 2130 386 ιιιιιιιιιιιιιιι

1999 862 2077 880 (μαι-Μ·
2087 860 2169 881 terendi

1986 893 2073 913 decreti.
