2281 3251
943 269 1054 291 sixrcs
1082 268 1113 290 iv
1142 268 1190 290 ιψ.
1710 253 1774 285 22¹
1853 266 1901 290 Αιι.
1921 263 1948 289 C.
1971 263 2034 289 11ι71ι

301 339 363 374 que
392 326 521 360 fratrum
555 324 669 358 domus
709 323 786 364 loci,
820 324 849 357 in
877 336 941 369 quo
974 323 1049 357 tales
1140 324 1160 367 g
1186 324 1238 356 15.
1262 320 1385 354 Rursus
1413 318 1624 352 intelleximus
1659 317 1761 364 quod,
1783 317 1838 352 etsi
1863 324 2035 373 Amrtrniigdm-

302 377 519 412 decesserunt,
541 386 688 420 expressa
714 373 835 406 licentia
855 382 883 406 et
905 384 1047 406 assensu.
1092 371 1192 405 bonae
1213 369 1382 405 memoriae
1405 367 1537 402 Ioannes
1564 367 1646 414 Papa
1672 368 1840 413 vigesimus
1853 358 2036 406 Ξζῖῗᾚκᾚῗ,

350 430 365 469 ἕ
383 427 438 458 15.
462 424 609 458 Ceterum
635 436 683 467 ne,
705 423 730 457 si
752 423 869 456 ratione
894 422 1048 468 parocbia·
1091 420 1264 464 secundus,
1286 419 1496 466 praedecessor
1511 425 1627 456 nosti-r,
1641 416 1762 451 illorum
1779 417 1952 469 01›l·¹g‡‚¹,',¹,‘','11,·
1971 419 2039 467 ‘'⁴¹:2⁴‘’st

113 475 378 529 zvpussisspgnfo·tium
404 474 627 516 Ecclesiarum,
649 472 729 519 apud
753 484 831 518 quas
853 472 966 505 (lomus
993 484 1046 504 co-
1093 471 1239 513 irionem,
1273 469 1326 515 qui
1362 467 1542 503 asserebant
1579 466 1663 514 quod
1704 465 1839 500 confessi
1855 480 1899 503 ru»,
1915 480 2039 504 nen-...ffl-

107 512 288 561 {33.'‡'..'.‡2”¹0i‘020'i}
304 524 448 559 rumdem
483 522 610 557 fratrum
644 530 842 557 constructae
877 521 962 555 fuere
997 530 1049 555 aut
1092 519 1238 554 fratribus
1263 517 1410 565 praedicti
1426 516 1558 551 Ordinis
1579 524 1609 550 et
1631 516 1763 550 aliorum
1784 515 1841 550 Or·
1855 510 1925 530 ‘⁰⁰¹¹'⁸
1943 512 2038 529 ⁶⁰¹''¹¹‘'‘¹

1883 541 1946 561 beant

106 571 290 593 '⁵¹¹¹'⁵¹¹“‘¹'⁰''¹³‘
304 581 526 609 construentur
548 573 577 606 in
601 580 772 618 posterum,
801 572 941 605 locorum
966 571 1050 604 ordi·
1092 570 1201 603 diuum
1225 567 1487 606 Mendicantium,
1510 567 1546 601 ad
1569 564 1743 601 audiendas
1765 577 1840 600 con-
1856 542 1880 562 de

107 275 154 302 Αιι.
174 274 203 300 C.
219 273 282 299 llt'llt

120 1423 237 1444 Praetaior.
252 1422 294 1443 Or-

108 1455 162 1475 dinis
175 1454 237 1474 fucut.
249 1454 294 1474 dis-

109 1486 210 1512 pensandi
227 1485 251 1505 ab
263 1486 293 1505 it·-

111 1516 217 1542 regulatur
233 1520 274 1536 eir,

107 609 210 624 mmm
228 601 261 628 i).
305 624 380 658 narii
404 622 433 657 in
456 621 584 656 eosdem
612 622 720 656 fratres
742 621 876 668 aliquam
905 621 1051 667 superio-

304 674 426 708 ritatem
451 671 613 706 vendicarc
643 679 809 714 tentarent,
841 670 968 705 fratrum
997 682 1051 704 eo-

305 723 448 758 rumdem
482 721 571 768 quies
608 721 637 755 iu
661 722 766 768 aliquo
795 721 1051 767 perturbaretur,

305 771 511 807 concedimus
543 770 661 806 eisdem
691 770 836 805 fratribus
865 779 915 814 ut,
943 770 972 804 in
1007 770 1051 804 sic

305 821 468 857 concessis
490 830 518 854 et
545 833 622 867 quas
654 820 699 854 eis
730 819 859 855 concedi
887 819 1052 865 contigerit

306 871 420 906 curatis
442 869 603 909 Ecclesiis,
618 871 735 917 possint
753 882 807 916 per
822 869 1053 916 cappellanum,

307 934 362 968 per
394 932 448 955 eos
478 932 533 967 pro
561 932 668 954 eorum
702 928 778 954 nutu
808 919 988 966 ponendum
1023 926 1052 952 et

305 969 529 1008 amovendum,
552 981 658 1004 curam
688 968 867 1003 huiusmodi
896 980 1053 1010 exercere,

305 1020 358 1068 qui
377 1019 528 1066 quamdiu
541 1019 774 1065 cappellanatus
787 1017 966 1052 huiusmodi
987 1018 1053 1050 fun-

305 1078 397 1117 getur
413 1069 526 1111 officio,
544 1082 579 1103 ac
601 1069 624 1102 si
648 1068 720 1102 dicti
743 1067 874 1102 Ordinis
895 1067 1053 1100 Minorum

307 1119 463 1166 professor
485 1118 606 1162 existat,
629 1118 783 1152 dictorum
808 1117 935 1151 fratrum
959 1116 1053 1150 Mino-

307 1182 376 1204 rum
402 1168 542 1203 libertate
563 1177 593 1201 et
615 1168 816 1213 exemptione
839 1166 968 1200 fruatur.
990 1165 1054 1200 Ec-

307 1218 421 1253 clesiae
450 1229 520 1251 vero
555 1217 729 1263 praedictae
755 1225 786 1250 et
813 1216 933 1250 illarum
962 1215 1054 1256 bona,

308 1268 371 1308 illa,
385 1279 445 1315 qua
465 1267 578 1300 domus
593 1266 720 1301 fratrum
737 1266 810 1300 dicti
827 1265 968 1309 Ordinis,
982 1277 1056 1312 prze-

309 1320 444 1363 rogativa
473 1316 637 1350 laetentur.

357 1371 372 1410 g
390 1369 444 1400 14.
462 1365 502 1400 Et
524 1373 557 1399 ut
579 1366 652 1400 dicti
670 1364 801 1400 Ordinis
825 1363 1056 1412 professoribus

308 1417 438 1450 omnino
472 1416 603 1461 vagandi
640 1415 764 1449 tollatur
786 1415 919 1453 occasio,
952 1422 982 1448 et
1016 1413 1054 1448 ad

307 1466 522 1513 Apostolicam
545 1464 662 1500 Sedent
686 1464 868 1499 recurrendi
890 1463 1055 1498 subtraba-

309 1525 358 1551 tur
380 1527 434 1562 pro
457 1527 549 1561 posse
571 1515 754 1557 necessitas,
778 1514 913 1559 generali
936 1521 966 1548 et
988 1525 1057 1560 pro-

309 1564 494 1599 vincialibus
514 1564 665 1599 ministris
676 1564 748 1598 dicti
758 1563 888 1598 Ordinis
911 1575 966 1610 pro
983 1572 1058 1597 tem-

308 1627 382 1662 pore
430 1614 636 1649 existentibus
680 1623 710 1648 et
748 1614 870 1648 illorum
911 1612 1032 1647 vicariis
1047 1640 1055 1652 ,

307 1663 512 1711 dispensandi
540 1676 611 1699 cum
639 1663 713 1698 dicti
740 1662 870 1697 Ordinis
898 1662 1055 1697 Minorum

308 1713 538 1760 professoribus
565 1713 720 1748 defectum
736 1713 884 1747 natalium
910 1725 948 1747 ex
970 1711 1057 1747 adul-

309 1763 406 1807 terio,
434 1763 616 1809 sacrilegio,
644 1763 765 1797 incestu
793 1770 823 1796 et
857 1762 969 1809 quovis
995 1762 1056 1797 alio

309 1812 427 1848 nefario
448 1821 479 1847 et
502 1812 609 1848 illicito
632 1813 714 1847 coitu
744 1812 976 1859 provenientem
1001 1824 1056 1858 pa-

309 1862 470 1903 tientibus;
494 1874 616 1897 necnon
644 1874 714 1896 cum
739 1861 787 1895 his
808 1861 862 1908 qui
888 1873 926 1896 ex
948 1861 1057 1908 quavis

308 1924 399 1947 causa
429 1916 663 1959 (praeterquam
687 1911 851 1946 homicidii
881 1910 1056 1951 volontarii,

310 1961 462 2008 bigamiae
483 1971 513 1996 et
535 1961 742 1996 mutilationis
765 1960 997 2003 membrorum)
1020 1960 1056 1994 ir-

309 2011 466 2057 regulares
482 2010 594 2056 forent,
609 2019 773 2058 postquam
786 2009 939 2046 Ordinem
954 2011 1055 2057 ipsum

310 2061 441 2108 professi
464 2060 591 2102 fuerint,
618 2070 653 2095 ut
675 2060 797 2095 defectu
820 2069 849 2095 et
877 2060 1057 2106 irregulari-

309 2123 370 2150 tate
397 2115 578 2150 liuiusmodi
602 2128 663 2150 non
691 2115 846 2159 obstante,
870 2114 1057 2160 irregulares

310 2169 369 2216 ipsi
384 2168 423 2204 ad
438 2181 668 2217 quoscumque,
685 2170 778 2204 etiam
794 2180 911 2208 sacros,
931 2168 1058 2203 ordines

310 2224 497 2271 promoveri,
523 2232 554 2259 et
576 2224 607 2258 in
631 2224 691 2258 illis
713 2224 805 2259 etiam
827 2223 934 2258 altaris
957 2224 1057 2258 mini-

309 2278 403 2313 sterio
436 2279 626 2323 ministrare,
648 2287 679 2313 et
705 2288 767 2314 tam
802 2278 860 2325 ipsi
888 2277 1057 2324 regulares,

309 2344 404 2379 quam
426 2332 584 2368 defectum
609 2333 757 2368 natalium
786 2333 939 2380 patientes
962 2344 1058 2379 prae-

310 2387 384 2422 dicti
410 2387 448 2422 ad
476 2399 692 2435 quascumque
713 2387 1001 2422 administrationes
1028 2394 1058 2421 et

311 2440 410 2476 officia
443 2441 516 2477 dicti
544 2441 674 2477 Ordinis
700 2442 790 2489 eligi,
820 2442 913 2489 recipi
942 2450 972 2476 et
1001 2453 1058 2476 as-

311 2495 413 2535 sumi,
449 2495 563 2543 illaque
590 2508 699 2542 gerere
732 2504 762 2531 et
783 2508 928 2531 exercere
964 2495 1058 2530 libere

311 2558 341 2584 et
363 2549 446 2585 licite
469 2549 601 2596 valeant,
624 2558 722 2595 motu,
743 2550 872 2586 scientia
900 2558 929 2585 et
950 2558 1059 2585 aucto-

313 2603 400 2639 ritate
414 2604 579 2651 praedictis
593 2604 798 2640 concedimus
813 2616 866 2652 per
876 2613 1057 2652 praesentes.

347 2674 387 2709 (¹)
403 2674 466 2702 Vide
482 2676 579 2703 Concil.
602 2676 732 2709 Trident.,
749 2684 815 2703 sess.
833 2683 904 2708 xxv,
921 2683 979 2711 cap.
1002 2677 1043 2703 tt.

1094 618 1350 659 sessiones,iuxta
1368 617 1442 651 iuris
1464 615 1716 663 dispositionem,
1738 615 1843 662 (lepu-

1094 677 1227 703 tatorum
1262 680 1316 714 pro
1340 675 1497 713 tempore,
1521 665 1706 700 tenebantui·
1733 665 1842 699 eadem

1095 726 1221 764 peccata
1251 717 1360 751 rectori
1383 728 1492 750 eorum
1521 714 1708 762 parochialis
1730 714 1844 749 Eccle-

1093 767 1155 801 siae
1174 768 1283 801 iterum
1310 766 1465 805 confiteri,
1494 765 1718 812 reprobaverit,
1745 773 1774 799 et
1793 764 1844 799 de-

1094 817 1165 850 inde
1182 816 1338 863 praefatus
1353 815 1528 861 Eugenius,
1545 815 1778 861 praedecessor,
1799 826 1844 848 re-

1095 866 1308 912 probationem
1339 864 1520 899 liuiusmodi
1556 863 1785 911 approbaverit,
1813 872 1843 897 et

1094 924 1199 950 contra
1213 915 1282 950 talia
1297 922 1485 958 asserentes,
1499 922 1657 961 tamquam
1669 913 1708 947 de
1723 913 1841 947 haeresi

1094 974 1268 1011 suspectos,
1287 977 1341 1011 per
1359 964 1500 998 locorum
1533 963 1708 998 ordinarios
1729 963 1843 1010 inquiri

1094 1023 1124 1049 et
1148 1014 1274 1061 procedi
1299 1013 1503 1053 mandaverim
1528 1025 1563 1047 ac
1586 1013 1762 1048 successive
1788 1013 1846 1059 piae

1097 1065 1268 1099 memoriae
1290 1063 1438 1097 Nicolaus
1458 1062 1542 1108 Papa
1555 1062 1593 1107 V,
1608 1062 1754 1096 similiter
1772 1074 1847 1109 prae-

1095 1114 1245 1148 decessor
1269 1122 1386 1153 noster,
1419 1120 1507 1158 gesta
1530 1112 1559 1146 in
1597 1112 1779 1158 praemissis
1806 1111 1846 1146 ab

1096 1163 1216 1198 eisdem
1244 1163 1361 1197 Ioanne
1385 1171 1415 1196 et
1438 1161 1596 1207 Eugenio,
1620 1161 1846 1208 praedecesso-

1098 1213 1196 1257 ribus,
1219 1212 1316 1248 robur
1340 1219 1508 1259 perpetuae
1532 1210 1689 1245 firmitatis
1705 1211 1846 1246 obtinere

1097 1262 1213 1297 debere
1229 1262 1412 1301 decreverit;
1433 1260 1638 1295 nibilominus
1651 1260 1754 1296 adhuc
1771 1272 1847 1294 non-

1097 1312 1174 1347 nulli
1197 1325 1303 1347 eorum
1340 1311 1538 1346 inhaerentes
1561 1311 1736 1357 proterviae
1775 1310 1846 1357 opi-

1097 1363 1224 1397 nionem
1266 1361 1455 1409 praedictam
1489 1368 1520 1395 et
1556 1360 1694 1407 desuper
1729 1359 1846 1400 factos,

1097 1412 1261 1447 damnatos
1294 1420 1323 1446 et
1348 1410 1429 1445 male
1451 1419 1599 1444 sonantes
1630 1422 1666 1444 ac
1695 1408 1846 1457 reprobos

1097 1462 1247 1497 articulos
1283 1473 1371 1496 veros
1391 1472 1460 1495 esse
1482 1459 1636 1494 affirmare
1656 1472 1717 1494 non
1741 1471 1848 1493 veren-

1099 1520 1165 1551 tur,
1200 1521 1231 1546 ut
1260 1512 1366 1546 talium
1396 1518 1655 1557 praesumptuosa
1689 1509 1846 1544 temeritas

1098 1570 1183 1596 tanto
1216 1562 1321 1596 minus
1347 1560 1534 1603 invalescat,
1559 1567 1677 1605 quanto
1709 1559 1845 1606 plurium

1097 1612 1155 1646 erit
1177 1611 1377 1658 superiorum
1394 1609 1579 1644 correctioni
1603 1609 1755 1648 subiecta,
1770 1621 1846 1643 con-

1097 1674 1216 1696 cessam
1241 1669 1347 1696 contra
1368 1659 1453 1699 tales,
1474 1671 1530 1705 per
1548 1659 1690 1694 eiusdem
1710 1657 1843 1705 Eugenii

1099 1710 1352 1757 praedecessoris
1375 1708 1494 1749 literas,
1516 1709 1656 1743 locorum
1679 1708 1846 1743 ordinariis

1098 1760 1288 1801 facultatem,
1308 1760 1344 1795 ad
1369 1758 1571 1805 inquisitores
1588 1758 1761 1794 baereticae
1781 1770 1844 1805 pra-

1098 1811 1197 1845 vitatis
1212 1810 1425 1852 extendimus,
1439 1820 1475 1842 ac
1491 1808 1636 1843 volumus
1648 1807 1732 1855 quod
1748 1808 1846 1855 inqui-

1097 1860 1209 1895 sitores
1220 1860 1494 1908 ipsi,quicumque
1505 1857 1635 1904 fuerint,
1648 1858 1770 1897 eadem,
1785 1870 1845 1905 qua

1097 1910 1260 1955 ordinarii,
1296 1918 1402 1945 contra
1439 1907 1514 1943 tales
1553 1908 1736 1945 auctoritate
1766 1908 1846 1942 fun-

1097 1968 1220 2005 gantur.

1146 2013 1161 2052 §
1187 2011 1239 2044 16.
1264 2009 1440 2053 Postremo,
1466 2023 1564 2058 quum
1588 2007 1844 2043 praedicatorum

1097 2059 1178 2094 sicut
1194 2067 1224 2094 et
1248 2060 1397 2107 praedicti
1419 2060 1575 2096 Minorum
1589 2058 1745 2093 Ordinum
1772 2069 1846 2103 pro-

1097 2113 1245 2156 fessores,
1273 2127 1328 2161 pro
1353 2115 1425 2150 fidei
1460 2113 1631 2149 catholicae
1662 2110 1845 2146 dilatatione

1097 2169 1260 2213 continue,
1288 2169 1442 2204 indefesse
1465 2169 1624 2207 laborent,
1659 2167 1845 2213 fructusque

1098 2222 1227 2258 afferant
1249 2224 1279 2258 in
1298 2223 1356 2258 Dei
1379 2223 1516 2258 Ecclesia
1539 2222 1702 2262 salutares,
1720 2229 1750 2255 et
1774 2232 1847 2268 pro-

1099 2285 1205 2324 pterea
1227 2278 1343 2313 fuerint
1366 2279 1468 2322 variis,
1494 2288 1549 2324 per
1570 2275 1687 2310 Sedem
1717 2274 1846 2321 praedi-

1098 2341 1198 2374 ctam,
1233 2333 1403 2381 privilegiis
1436 2331 1593 2375 decorati,
1618 2339 1662 2375 ut,
1690 2341 1770 2377 quos
1792 2341 1847 2376 par

1099 2386 1186 2422 labor
1220 2388 1367 2435 pariaque
1394 2387 1503 2422 merita
1525 2385 1733 2431 coniungunt,
1761 2383 1846 2432 paria

1099 2442 1294 2489 coniungant
1324 2441 1482 2489 privilegia
1506 2449 1537 2476 et
1563 2439 1694 2480 favores,
1726 2438 1844 2473 eisdem

1099 2496 1228 2532 Ordinis
1249 2497 1404 2532 Minorum
1425 2495 1584 2535 fratribus,
1608 2503 1640 2529 ut
1660 2492 1846 2541 professori—

1099 2551 1159 2587 bus
1171 2564 1207 2587 ac
1220 2551 1372 2587 confessis
1391 2550 1541 2586 fratribus
1558 2547 1845 2590 praedicatoribus,

1100 2605 1256 2641 eteisdem
1267 2604 1525 2640 praedicatorum
1539 2603 1671 2639 Ordinis
1688 2601 1845 2644 fratribus,

1101 2670 1133 2696 ut
1155 2660 1334 2708 praemissis
1357 2670 1385 2695 et
1407 2659 1474 2695 aliis
1497 2658 1655 2694 concessis
1678 2655 1845 2705 praedictis

1879 2022 2043 2042 contumuit-atio

1861 2055 1990 2081 privilegiet.
2011 2056 2044 2074 in*

1861 2089 1892 2105 ter
1907 2085 2007 2105 Ordinem
2023 2086 2043 2104 ³ss

1861 2116 1962 2136 Domini-*i
1974 2119 1994 2135 et
2004 2115 2045 2136 Or-

1861 2147 1930 2167 dinem
1945 2147 1964 2167 S.
1980 2146 2045 2167 Fran-

1862 2181 1919 2200 cisci.
