2281 3251
117 283 164 306 An.
183 279 210 305 C.
233 278 297 304 lU78

116 330 342 364 dcmvnwtumen-in
367 329 448 364 Sede
477 328 560 363 Petri
584 327 744 365 collocati,
766 326 979 360 existimantes
1006 323 1061 358 de-

117 371 161 391 t=nl
172 378 182 389 n
192 372 250 390 muti·
260 371 300 390 dis·

118 403 196 425 tribuit,

141 1569 189 1593 Sed,
203 1569 228 1588 ob
245 1570 313 1594 pesti-

128 1599 311 1624 lentinum-thella,

131 1632 231 1651 diminuti
266 1630 313 1650 lue-

129 1665 176 1682 runt
186 1661 313 1682 emolumen-

138 1700 149 1712 3
178 1692 314 1712 abbreviato-

129 1730 180 1748 Νη),
197 1727 216 1743 et
236 1723 312 1743 solutio

128 1755 315 1774 iuxtadirtamdis-

129 1786 263 1807 tributionem
276 1787 313 1806 mi·

129 1817 184 1837 nime
203 1817 314 1836 executio-

129 1848 150 1867 ni
191 1848 315 1867 demandata

149 2333 187 2354 llic
203 2334 250 2354 ideo
262 2332 319 2353 Pon-

137 2363 187 2384 ulex
195 2367 270 2384 statum
278 2363 321 2384 col-

137 2395 185 2420 tegit
209 2395 320 2415 abbrevia.—

138 2429 204 2446 tornm
221 2428 319 2450 innovat,

138 2463 183 2477 eum
204 2457 321 2477 ordinatio<

138 2488 198 2508 nitius
211 2488 321 2509 intraxeri-

132 2519 187 2546 ptis.

973 269 1082 292 sixrt's·
1105 270 1132 291 tt*
1158 268 1203 290 ΙΨ.

315 392 384 414 cere
408 378 582 412 Romanum
603 376 788 411 Pontilicem
803 375 887 409 omni
905 383 1063 420 tempore,

315 437 344 462 et
373 429 540 475 praecipue
565 428 592 460 in
619 425 836 471 assumptione
860 424 905 457 sni
934 431 1063 469 aposto-

318 479 410 520 latus,
422 489 530 523 inagna
543 475 726 509 liberalitate
743 474 797 513 nti,
812 474 926 507 dictam
944 481 1062 519 partem

316 539 410 574 quam
441 526 617 573 praedictus
650 523 764 558 Paulus
786 523 1005 569 praedecessor
1033 522 1062 555 in

317 576 394 611 alios
411 588 485 610 usus
500 574 711 614 convertebat,
722 573 803 607 dit-to
815 571 1064 606 vict-cancellario

319 624 586 660 etlocnmtenenti
600 636 668 663 sno,
690 635 724 657 ac
745 621 954 657 referendario
976 634 1063 655 com-

319 675 521 715 missionum,
546 686 668 708 necnon
697 672 815 707 eisdem
832 671 870 706 de
887 683 978 718 parco
998 682 1064 704 ma-

321 725 390 764 iori,
405 736 440 758 ac
456 724 598 767 diversis,
614 731 673 757 tam
691 721 958 757 abbreviatoribus
973 732 1064 767 quam

320 774 385 808 aliis
407 773 587 814 curialibus,
604 772 717 807 nostris
739 784 866 818 quoqne
888 779 917 804 et
946 781 1067 803 venera-

321 823 428 857 bilium
450 823 577 857 fratrum
603 831 778 856 nostrorum
798 822 931 855 Sanctae
947 819 1066 853 Roma-

322 884 378 906 nae
394 872 552 907 Ecclesiae
571 872 776 906 cardinalium
800 868 1015 907 familiaribus,
1029 867 1065 901 ad

321 921 482 956 arbitrium
506 931 536 956 et
563 921 785 956 discretionem
818 919 893 953 dicti
919 917 1065 952 Roderici

321 971 568 1006 vicecancellarii
597 969 842 1005 distribuendam
867 968 999 1002 libenter
1018 979 1067 1000 rc-

322 1020 467 1055 misirnns
490 1030 519 1055 et
545 1020 804 1055 condonavimus.
829 1018 917 1060 Quae
939 1016 1065 1064 quidem

322 1069 460 1113 donatio,
476 1070 587 1104 additis
603 1070 742 1116 quinque
764 1068 890 1102 florenis
912 1065 1068 1100 similibus

324 1132 379 1166 pro
407 1119 545 1166 quolibet
565 1132 601 1153 ex
629 1119 719 1153 dictis
741 1116 1009 1152 abbreviator-ibus
1031 1115 1068 1149 de

324 1170 431 1203 maiori
449 1169 668 1216 praesidentia,
681 1180 735 1215 per
750 1175 868 1212 septem
885 1177 984 1200 annos
993 1177 1069 1200 con-

324 1218 427 1252 tinuos
467 1218 660 1264 integraliter
694 1226 721 1251 et
759 1216 826 1249 sine
861 1215 1069 1249 diminutione

323 1267 465 1301 effectum
481 1269 587 1302 sortita
598 1267 706 1301 extitit.
720 1266 808 1308 Quae
821 1264 950 1312 quidem
965 1264 1068 1299 onmia

324 1317 367 1351 sic
382 1329 436 1364 per
452 1317 738 1351 vicecancellarium
760 1315 924 1349 distributa
940 1322 969 1348 et
984 1326 1071 1348 com-

326 1375 452 1413 pensata
465 1395 473 1405 ‚
493 1375 554 1401 rata
568 1375 597 1401 ct
612 1374 697 1413 grata
716 1365 895 1407 babuimus,
917 1363 1070 1410 quemad·

326 1415 455 1450 modnm
485 1417 577 1451 etiam
603 1424 710 1450 tenore
731 1414 943 1462 praesentium
958 1425 1072 1460 appro-

326 1464 438 1499 bamus
460 1473 490 1500 et
511 1465 681 1513 approbata
708 1477 777 1499 esse
799 1463 956 1498 volumus.

375 1514 394 1561 ἓ
421 1517 453 1548 ’5.
481 1514 589 1561 Nuper
608 1527 691 1558 vero,
707 1521 835 1561 propter
851 1512 1072 1560 pestilentiam,

326 1576 405 1611 quae
433 1564 540 1598 urbem
563 1564 736 1598 Romanam
760 1572 789 1597 et
817 1563 882 1597 loca
906 1561 1073 1597 circumvi-

327 1614 395 1648 cina
418 1621 533 1648 aestate
560 1615 702 1661 proxima
729 1612 864 1657 vexarit,
887 1621 916 1646 et
949 1619 1074 1659 propter

328 1675 412 1697 arma
436 1662 564 1707 bellica,
586 1676 665 1710 quae
683 1662 872 1705 necessario,
886 1662 958 1696 licet
975 1661 1074 1705 inriti,

329 1721 435 1747 contra
463 1713 568 1748 hostes
595 1713 753 1748 Ecclesiae
781 1712 940 1758 suscipere
976 1711 1074 1746 coacti

329 1762 459 1806 suimus,
473 1771 502 1797 et
517 1763 556 1798 ob
570 1763 667 1797 varias
681 1771 856 1808 temporum
867 1761 1075 1801 difficultates,

330 1812 526 1847 cessantibus
547 1822 576 1847 et
598 1812 762 1847 diminutis
785 1823 896 1858 magna
926 1823 962 1845 ex
991 1819 1076 1857 parte

329 1861 551 1897 emolumentis
585 1870 615 1897 et
655 1861 860 1909 proventibus
899 1860 990 1895 officii
1015 1860 1077 1894 Ab·

330 1910 532 1947 breviatoriae
559 1912 755 1952 huiusmodi,
777 1924 848 1945 cnm
870 1910 937 1944 aliis
967 1909 1077 1944 abbre-

331 1961 499 1996 viatoribus
511 1961 694 1996 huiusmodi
719 1960 930 1995 emolumenta
949 1960 977 1993 in
993 1959 1078 1994 Can-

330 2010 453 2045 cellaria
482 2012 643 2058 percipere
667 2010 827 2045 consuetis
873 2022 934 2044 non
964 2009 1078 2043 fuerint

330 2071 346 2094 a
365 2060 551 2106 quibusdam
570 2060 730 2095 mensibus
750 2060 824 2094 citra
848 2059 981 2094 stabilita
998 2058 1079 2092 sala-

332 2114 375 2147 ria
396 2114 552 2161 persoluta
575 2115 733 2158 universa,
748 2114 914 2157 clamores,
930 2112 1028 2158 iurgia
1044 2124 1079 2146 ac

331 2168 580 2215 quamplurimae
610 2168 756 2215 querelae
795 2168 831 2202 ad
867 2179 923 2201 nos
962 2165 1078 2214 prolata

333 2223 457 2257 suerint.

382 2277 401 2323 g
426 2279 460 2311 4.
488 2276 552 2312 Nos
575 2277 681 2323 igitur,
697 2276 930 2310 considerantes
953 2275 1036 2322 quod
1053 2276 1078 2309 si

334 2330 445 2377 aliquis
460 2339 565 2366 certus
580 2331 828 2366 abbreviatorum
843 2341 1005 2373 numeruS,
1019 2329 1080 2363 snb

335 2384 425 2418 iustis
454 2393 483 2419 et
516 2385 657 2420 honestis
684 2383 941 2426 conditionibus,
975 2382 1078 2417 habita

335 2437 426 2472 etiarn
446 2450 651 2485 personarum
666 2437 927 2481 consideratione,
939 2436 1083 2470 institue—

337 2499 432 2537 retur,
454 2505 508 2539 per
520 2505 600 2540 3305
622 2493 745 2539 negotia
761 2491 972 2526 Cancellariae
993 2489 1084 2537 Apo-

336 2546 464 2582 stolicac
486 2547 718 2595 expedirentur,
739 2555 768 2582 et
798 2545 875 2581 ordo
898 2544 1024 2579 debitus
1052 2545 1082 2578 in

337 2601 532 2647 expeditione
544 2602 702 2636 literarum
711 2600 953 2648 apostolicarum
967 2598 1083 2632 rectius

338 2654 571 2696 observaretur,
588 2655 710 2702 ipsique
727 2654 968 2698 abbreviatores,
981 2653 1084 2688 liono-
1127 2665 1204 2691 Paulo
1226 2664 1257 2690 tt.

1725 251 1796 284 255

1104 335 1135 357 re
1158 320 1357 369 praemioque
1390 318 1505 361 allecti,
1532 317 1670 352 adbibita
1693 317 1847 351 exercita-

1105 372 1199 411 tione,
1223 370 1385 418 peritiores
1414 368 1443 402 in
1473 367 1611 401 sntnrum
1640 366 1848 405 efficerentur,

1104 435 1140 455 ex
1164 434 1225 468 quo
1247 418 1446 467 Apostolicae
1473 416 1564 452 Sedis
1591 424 1620 450 et
1637 415 1849 450 Cancellariae

1106 470 1279 518 praedictae
1294 467 1405 503 honori
1425 477 1518 515 atque
1536 465 1709 501 auctoritati
1733 474 1762 500 et
1779 477 1851 512 par-

1106 522 1182 554 tinm
1225 517 1440 554 commoditati
1480 515 1581 562 magis
1618 515 1851 555 consuleretur;

1105 582 1200 616 snper
1223 569 1260 603 iis
1278 580 1348 602 cum
1373 566 1528 602 Roderico
1551 564 1806 599 vicecancellario
1822 572 1852 598 et

1106 619 1174 653 aliis
1202 618 1347 652 fratribus
1365 617 1479 651 nostris
1506 614 1674 663 praedictis
1701 626 1851 648 commu-

1107 669 1209 703 nicato
1244 666 1395 705 consilio,
1425 665 1464 701 de
1492 664 1619 712 praefati
1649 663 1795 698 Roderici
1823 671 1853 697 et

1107 718 1235 752 fratrum
1259 725 1437 750 nostrorum
1471 713 1654 749 eorumdem
1683 725 1853 753 consensu,

1107 779 1216 801 onmes
1238 775 1266 800 et
1289 765 1427 811 singulas
1451 764 1608 812 portiones
1627 772 1656 798 et
1669 762 1854 808 assignatio-

1108 829 1164 850 nes
1177 816 1331 850 dictorum
1349 815 1651 857 emolumentorum,
1669 825 1705 847 ac
1721 812 1851 846 aliorum

1108 876 1384 913 quorumcumque
1407 863 1643 910 dispositionem
1656 890 1663 903 ,
1682 874 1773 908 quas,
1792 870 1852 896 tam

1108 917 1212 950 dictus
1251 913 1427 948 Rodericus
1464 911 1735 947 vicecancellarius
1761 924 1854 958 quam

1109 966 1177 999 eius
1209 964 1426 998 locumtenens
1448 970 1477 996 et
1500 961 1732 996 referendarius
1767 973 1857 995 com-

1109 1014 1309 1057 missionum,
1331 1021 1360 1047 et
1382 1012 1432 1046 alii
1455 1023 1578 1055 omnes,
1601 1018 1661 1045 tam
1690 1010 1729 1044 de
1758 1011 1855 1058 prima

1111 1063 1317 1111 praesidentia
1335 1074 1426 1108 quam
1445 1061 1483 1096 de
1502 1060 1615 1095 minori
1640 1072 1744 1107 parco,
1762 1059 1856 1094 etalii

1111 1116 1140 1147 in
1156 1113 1250 1147 certis
1265 1111 1374 1146 rotulis
1388 1110 1536 1157 descripti
1560 1117 1590 1144 et
1611 1108 1746 1144 describi
1763 1108 1858 1152 soliti,

1110 1163 1262 1198 hactenns
1277 1168 1494 1209 perceperunt,
1508 1172 1542 1194 ac
1559 1159 1663 1193 omnia
1688 1166 1718 1193 et
1733 1158 1856 1204 singula

1111 1211 1365 1254 constitutioneS,
1380 1209 1607 1248 ordinatione&
1622 1208 1857 1256 dispositiones,

1111 1262 1345 1300 concessiones,
1360 1267 1485 1303 statuta,
1504 1258 1663 1306 privilegia
1686 1265 1716 1293 et
1739 1257 1857 1292 indulta

1112 1311 1282 1359 apostolica
1306 1321 1525 1357 quaecumque
1552 1320 1568 1342 a
1585 1307 1676 1342 nobis
1697 1319 1752 1342 seu
1768 1319 1860 1354 prae-

1112 1360 1330 1396 decessoribus
1345 1359 1459 1394 nostris
1471 1357 1624 1393 Romanis
1639 1355 1859 1396 Pontificibus,

1113 1411 1170 1445 sub
1203 1411 1456 1457 quibuscumque
1492 1407 1657 1442 verborum
1689 1406 1798 1442 formis
1830 1415 1859 1441 et

1114 1460 1381 1507 expressionibus,
1402 1471 1473 1493 cuni
1489 1456 1752 1505 quibuscumque,
1768 1455 1859 1490 etiam

1115 1509 1294 1545 fortioribus
1310 1517 1339 1543 et
1362 1508 1507 1551 insolitis,
1533 1518 1569 1541 ac
1595 1506 1860 1553 derogatoriarum

1115 1559 1319 1606 derogatoriis
1345 1557 1515 1597 clausulis,
1549 1556 1642 1591 etiam
1675 1555 1699 1591 si
1732 1555 1770 1590 de
1804 1555 1862 1589 illis

1115 1621 1286 1656 eorumque
1318 1608 1391 1642 totis
1414 1606 1577 1642 tenoribus
1604 1604 1768 1652 specialis,
1791 1617 1863 1652 spe-

1116 1659 1202 1694 cifica
1225 1667 1254 1693 et
1276 1669 1422 1705 expressa
1457 1669 1492 1691 ac
1507 1656 1545 1691 de
1567 1655 1661 1690 verbo
1680 1654 1716 1689 ad
1734 1654 1861 1689 verbum

1116 1709 1233 1744 mentio
1261 1708 1403 1742 liabenda
1431 1706 1509 1742 soret
1526 1733 1533 1747 ,
1568 1717 1663 1753 super
1687 1705 1863 1751 praemissis

1118 1757 1315 1806 portionibus
1336 1766 1365 1792 et
1387 1769 1493 1792 earum
1518 1754 1780 1801 assignationibus
1797 1754 1865 1788 bac-

1118 1817 1209 1844 tenus
1248 1816 1389 1842 emanata
1405 1834 1413 1850 ,
1449 1814 1478 1841 et
1519 1803 1735 1852 praesentibus
1770 1803 1865 1838 literis

1118 1858 1231 1893 nostris
1266 1865 1296 1891 et
1327 1869 1433 1891 corum
1471 1855 1594 1890 effectui
1629 1853 1864 1901 quomodolibet

1118 1906 1283 1950 contraria,
1302 1918 1382 1953 quae
1404 1904 1622 1953 praesentibus
1645 1903 1750 1937 baberi
1770 1902 1865 1937 volui-

1119 1970 1190 1992 mus
1220 1969 1274 2003 pro
1302 1956 1470 2003 expressis,
1499 1961 1675 1993 cassantes,
1698 1952 1866 1995 irritantes,

1117 2007 1350 2054 supprimentes
1372 2013 1401 2039 et
1424 2005 1550 2052 penitus
1573 2002 1811 2049 extinguentes,
1833 2013 1868 2035 ac

1121 2069 1174 2103 pro
1198 2055 1291 2090 nullis
1317 2063 1346 2089 et
1370 2054 1493 2089 infectis
1515 2053 1621 2088 baberi
1645 2051 1802 2089 volentes,
1830 2050 1868 2084 de

1120 2106 1210 2141 dictis
1237 2104 1347 2140 officiis
1386 2113 1416 2139 et
1443 2101 1664 2138 emolumentis
1698 2100 1867 2135 Abbrevia-

1120 2156 1238 2199 toriae,
1266 2154 1495 2189 ordinationem
1530 2152 1662 2187 facimus
1685 2150 1868 2197 infrascrip-

1122 2215 1200 2245 tam;
1223 2217 1316 2251 quam
1347 2212 1496 2251 perpetuo
1529 2201 1642 2236 futuris
1671 2199 1870 2247 temporibus

1121 2255 1262 2289 stabilem
1279 2266 1360 2294 esse,
1379 2261 1408 2288 et
1423 2252 1462 2287 ab
1480 2251 1628 2287 omnibus
1651 2249 1870 2285 inviolabiliter

1122 2304 1278 2339 observari
1299 2305 1445 2338 volumus
1467 2310 1498 2336 et
1520 2300 1718 2335 mandamus.

1170 2354 1190 2401 S
1212 2358 1244 2388 5.
1268 2353 1301 2387 ln
1325 2353 1445 2400 primis,
1459 2351 1647 2397 suffragante
1666 2349 1779 2384 Divino
1801 2348 1871 2396 Spi-

1124 2404 1183 2437 ritu
1205 2412 1233 2437 et
1257 2401 1466 2437 conscientiae
1495 2409 1640 2448 puritate,
1668 2399 1790 2447 praevia
1818 2411 1869 2433 au-

1123 2454 1262 2487 ctoritate
1295 2452 1462 2499 apostolica
1478 2478 1487 2495 ,
1516 2459 1623 2485 tenore
1646 2448 1869 2497 praesentium,

1159 2523 1197 2558 (t)
1220 2523 1343 2549 Videlicet
1363 2521 1504 2547 duodecim
1531 2520 1711 2556 praesidentes
1735 2519 1767 2545 de
1792 2526 1872 2554 parco

1125 2560 1226 2590 maiori,
1246 2567 1254 2583 x
1266 2557 1392 2592 igintiduo
1408 2557 1440 2583 de
1453 2564 1531 2591 parco
1546 2556 1651 2587 minori,
1668 2559 1694 2581 et
1705 2555 1797 2589 reliqui
1809 2562 1871 2581 exa·

1125 2595 1266 2620 initiatores
1283 2595 1334 2620 sint
1350 2593 1484 2619 literarum
1504 2596 1589 2626 apost.
1610 2591 1701 2624 Quoad
1715 2591 1814 2625 primos
1825 2590 1872 2616 ab-

1126 2630 1300 2661 breviatores,
1339 2629 1424 2662 aliqua
1460 2627 1594 2662 priiilegia
1626 2631 1686 2654 sunt
1718 2633 1840 2652 concessa
1858 2633 1872 2652 a

1863 262 1911 287 An.
1931 261 1956 285 ῐῖ.
1978 259 2043 286 ttrrss

1903 2361 2068 2381 Abbreviumn

1886 2392 1988 2413 simitum.
1999 2390 2066 2417 Ἶὶμ).
