2281 3251
237 273 287 300 An.
305 273 332 300 C.
354 273 421 302 ¹520

486 262 554 296 744

437 338 543 365 nostra
570 341 585 364 a
609 328 721 364 dilecto
758 327 821 362 lilio
851 334 956 362 nostro
983 326 1079 367 lulio,
1104 327 1185 362 tituli

436 380 535 416 sancti
572 379 730 414 Laurentii
774 378 802 411 in
839 376 976 411 Damaso
1006 377 1186 424 presbytero

388 446 391 449 ·
437 430 597 469 cardinali,
620 436 744 463 sanctae
767 426 927 462 Romanae
954 426 1115 461 Ecclesiae
1141 427 1186 461 vi-

251 1882 274 1903 Et
285 1888 340 1904 nunc
351 1883 421 1910 origin

437 478 672 518 cecanccllario,
695 486 819 516 nostro,
842 476 1019 511 secundum
1047 488 1186 517 carnem,

439 529 588 576 patruele,
621 536 760 572 auctore,
785 526 989 561 saluberrime
1013 526 1186 570 institutae,

438 585 708 622 conservarentur,
725 585 904 624 regerentur
926 585 955 611 et
977 575 1188 623 gubernaren-

439 637 500 669 tur,
528 629 674 675 ipsaeque
691 627 842 662 moniales
864 626 918 660 tria
945 635 1012 661 vota
1033 626 1186 661 solemnia

439 679 595 722 emittere,
610 689 645 711 ac
660 677 802 712 habitum
831 676 909 723 nigri
929 676 1044 711 coloris
1063 676 1188 719 subtus,

438 728 475 763 ad
499 726 726 763 ostendendam
757 726 869 775 prioris
891 726 971 761 vitae
998 726 1136 770 sordem,
1159 735 1188 760 et

437 778 574 824 desuper
595 776 793 825 chlamydem
809 788 863 811 seu
883 776 1047 822 scapulare
1069 776 1188 819 album,

438 827 476 863 ad
495 825 727 873 designandum
749 827 827 862 vitae
847 826 1029 869 candorem,
1043 838 1106 873 qno
1120 839 1189 861 sesi·

438 891 473 912 ex
489 876 671 912 huiusmodi
683 877 761 911 vitae
777 876 952 910 mutatione
968 875 1189 913 honestarunt,

438 927 571 970 deferre,
593 934 623 961 et
650 927 783 973 singulis
807 926 905 969 boris,
928 925 1050 962 diurnis
1073 927 1189 973 pariter

437 986 468 1012 et
495 976 673 1021 nocturnis,
697 976 790 1011 horas
817 976 939 1011 divinas
969 976 1044 1010 inibi
1070 976 1188 1011 decan-

439 1036 502 1062 tare
524 1035 723 1068 tenerentur;
751 1035 780 1062 ct
809 1026 838 1060 in
861 1026 971 1060 eodem
1001 1028 1190 1061 monasterio

439 1089 498 1112 una
537 1076 694 1112 abbatissa
728 1089 784 1111 seu
820 1076 987 1123 priorissa,
1021 1088 1100 1124 quae
1129 1089 1189 1111 non

440 1135 594 1174 perpetuo
616 1126 671 1162 scd
695 1126 733 1161 ad
754 1136 880 1173 tempus
895 1125 970 1159 inibi
988 1126 1191 1173 praesideret,

440 1177 674 1223 praeficeretur,
689 1188 726 1210 ex
742 1175 800 1210 hoc
815 1175 957 1222 profecto
979 1177 1084 1211 decori
1102 1189 1192 1224 prae-

439 1226 518 1262 fatae
549 1226 650 1261 almae
677 1225 772 1261 Urbis
794 1235 918 1260 nostrae
945 1237 980 1260 ac
1015 1226 1190 1260 animarum

439 1276 531 1312 saluti
545 1275 725 1311 earumdem
739 1275 920 1316 mulierum,
937 1275 1098 1310 curialium
1115 1289 1194 1310 nun-

441 1335 639 1374 cupatarum,
671 1334 700 1360 et
729 1326 805 1360 alias
840 1325 1006 1360 inhoneste
1040 1334 1070 1360 et
1106 1334 1192 1360 extra

441 1376 632 1411 matrimonii
656 1375 790 1411 claustra
806 1375 987 1421 degentium
1005 1387 1066 1410 non
1084 1388 1192 1422 parum

441 1425 670 1466 consuleretur,
699 1434 729 1460 et
748 1425 952 1472 quamplures
974 1426 1010 1459 ad
1039 1425 1194 1459 dimitten-

441 1476 511 1511 dam
536 1484 596 1510 tam
621 1475 778 1510 sordidam
803 1483 832 1509 et
855 1474 1039 1509 libidinibus
1071 1474 1194 1521 plenam

442 1526 548 1566 vitam,
571 1537 667 1572 seque
689 1537 703 1559 a
729 1532 856 1572 peccato
881 1524 1119 1565 retrahendum,
1134 1525 1197 1559 Do-

441 1576 594 1623 minoque
633 1583 785 1622 perpetuo
827 1575 1044 1609 famulandum
1076 1575 1196 1609 excita-

442 1635 563 1670 rentur,
578 1638 775 1672 magnusqnc
792 1625 822 1659 in
839 1625 918 1669 dics,
935 1624 1029 1659 dante
1045 1624 1195 1664 Domino,

441 1676 617 1711 animarum
657 1676 815 1723 profectus
851 1683 880 1709 et
912 1675 998 1709 salus
1031 1687 1197 1709 excresce-

444 1733 530 1771 rent,
558 1726 655 1772 idque
686 1725 753 1760 Deo
780 1734 810 1760 et
844 1725 1027 1759 hominibus
1054 1726 1197 1771 gratissi-

443 1788 528 1810 mum
554 1775 644 1810 soret.

493 1826 512 1873 S
534 1829 566 1860 2.
591 1826 708 1868 Quare,
735 1824 916 1871 praemissis
945 1824 1026 1859 bene
1050 1824 1198 1859 conside-

444 1877 527 1916 ratis,
548 1875 654 1910 lrabita
673 1875 811 1922 desuper
835 1883 955 1909 matura
971 1874 1198 1909 deliberatione

443 1938 478 1961 ac
506 1925 656 1960 relatione
679 1937 776 1971 super
799 1925 835 1959 iis
858 1937 873 1959 a
899 1925 1042 1971 pluribus
1065 1937 1197 1971 magnae

443 1976 639 2011 auctoritatis
662 1983 692 2010 et
715 1975 793 2009 vitae
819 1974 986 2009 laudabilis
1009 1974 1096 2018 viris,
1118 1975 1198 2009 rcla-

443 2027 528 2061 tione
555 2037 682 2072 quoque
701 2025 806 2059 dilecti
835 2024 887 2058 filii
926 2024 1038 2058 nobilis
1070 2024 1124 2058 viri
1148 2025 1200 2059 ΑΙ-

443 2076 521 2111 berti
551 2076 591 2110 de
618 2074 790 2118 Sabaudia,
814 2074 938 2109 comitis
966 2073 1148 2121 Carpensis,
1170 2075 1198 2108 iu

446 2130 588 2178 partibus
620 2129 804 2174 Gallicanis,
834 2129 863 2163 in
893 2128 986 2163 certis
1018 2129 1200 2163 civitatibus

445 2193 476 2221 et
503 2185 591 2224 locis,
614 2197 629 2219 a
654 2196 754 2232 pauco
782 2192 924 2231 tempore
945 2183 1033 2227 citra,
1050 2183 1199 2218 nonnulla

445 2240 636 2275 monasteria
664 2238 815 2273 similium
851 2238 1021 2273 mulierum
1052 2238 1124 2272 olim
1151 2238 1201 2272 in-

447 2294 677 2329 continentium
713 2301 893 2328 constructa
932 2293 1047 2333 luisse,
1079 2301 1109 2326 ct
1149 2289 1200 2326 nbi

448 2349 561 2384 uberes
596 2348 739 2391 fructus,
768 2347 860 2382 dante
883 2347 1044 2387 Domino,
1073 2348 1102 2380 in
1133 2346 1202 2380 dies

449 2415 652 2443 excrescere,
691 2411 775 2437 motu
814 2403 940 2450 proprio
976 2410 1005 2436 et
1033 2414 1070 2436 ex
1097 2410 1201 2436 nostia

449 2466 532 2492 certa
555 2457 685 2492 scicntia
709 2457 800 2491 aede
819 2456 1009 2503 apostolicae
1038 2456 1203 2503 potestatis

453 2511 662 2560 plenitudine,
678 2511 841 2546 ecclesiam
857 2511 921 2545 sive
934 2511 1105 2558 cappellam
1121 2510 1204 2545 San-

453 2574 519 2601 ctae
546 2565 662 2601 Luciae
685 2565 723 2600 de
746 2565 841 2606 Urbe,
859 2565 998 2612 regionis
1013 2564 1204 2610 Columnae,

455 2631 552 2667 prope
569 2620 793 2655 monasterinm
818 2619 1004 2655 monialium
1025 2619 1132 2655 Sancti
1148 2619 1204 2653 Sil-

455 2675 560 2716 vestri‚
580 2675 673 2710 etiam
691 2674 730 2710 de
746 2674 842 2720 Urbe,
865 2686 958 2722 quam
975 2674 1107 2709 dilectus
1121 2674 1206 2709 filins

1016 271 1114 293 num
1121 269 1203 293 tumr
1230 268 1391 292 nonaum!

1228 326 1363 361 Ioannes
1384 325 1526 373 Baptista
1552 325 1729 367 Beccarns,
1752 332 1843 360 natus
1873 324 1977 361 dilecti

1230 376 1282 410 lilii
1318 375 1432 422 Moysii
1461 374 1499 409 de
1532 375 1670 415 Suessa,
1693 376 1794 410 dictae
1829 375 1981 411 ecclesiae

1232 434 1346 470 rector,
1371 425 1509 465 ol›tinet;
1542 425 1608 472 ipso
1635 425 1751 460 Ioanne
1786 425 1924 472 Baptista
1949 426 1979 460 in

1231 476 1290 510 boc
1317 487 1465 522 expresse
1497 475 1714 510 consentiente
1751 483 1781 509 et
1807 487 1902 509 omne
1933 475 1982 510 ius

1229 526 1287 560 sibi
1311 526 1341 559 in
1369 525 1451 559 dicta
1485 524 1615 559 ecclesia
1644 525 1710 559 sire
1732 524 1871 571 cappella
1900 537 1982 572 quo-

1231 574 1403 609 modolibet
1431 582 1612 621 competens
1642 574 1671 608 in
1695 575 1839 609 manibus
1868 574 1983 610 nostris

1231 633 1343 672 sponte
1370 632 1399 659 et
1431 624 1528 658 libere
1551 623 1742 663 remittente,
1766 625 1796 658 in
1821 633 1983 660 monaste-

1232 676 1312 709 rium
1343 674 1528 708 monialium
1559 673 1725 708 mulierum
1755 673 1937 708 huiusmodi
1967 686 1982 709 a

1232 726 1319 772 lapsu
1342 724 1444 758 carnis
1466 732 1495 758 et
1519 723 1577 757 rita
1606 723 1731 758 sordida
1767 723 1981 758 recedentium

1231 783 1260 810 ct
1289 774 1514 821 poenitentiam
1543 785 1634 819 agere
1662 773 1854 817 volentium,
1877 773 1984 808 cuius-

1232 836 1370 871 cumque
1392 832 1511 863 statns,
1539 823 1673 869 gradus,
1698 823 1883 862 nobilitatis,
1907 835 1985 858 con-

1232 875 1373 918 ditionis,
1390 874 1645 921 praeeminentiae
1658 881 1686 908 et
1702 873 1837 907 nationis
1856 872 1986 917 fuerint,

1234 937 1290 972 pro
1313 925 1433 959 illarum
1458 923 1620 971 perpetuis
1643 936 1703 957 usu
1727 931 1756 957 et
1779 922 1984 963 habitatione,

1234 987 1294 1009 una
1318 986 1388 1008 cum
1413 973 1522 1008 humili
1545 973 1725 1018 campanili,
1748 984 1912 1019 campana,
1935 984 1987 1008 re-

1234 1025 1376 1068 fectorio,
1398 1024 1598 1063 dormitorio,
1622 1023 1738 1066 liortis,
1763 1022 1929 1057 lior-talitiis
1956 1030 1987 1057 et

1234 1074 1367 1110 officinis
1390 1074 1587 1116 necessariis,
1610 1072 1670 1107 sub
1692 1072 1773 1107 dicta
1788 1072 1987 1107 invocatione

1235 1124 1342 1159 beatae
1358 1124 1473 1158 Mariae
1486 1122 1702 1170 Magdalenae,
1717 1123 1900 1157 auctoritate
1915 1133 1988 1169 apo-

1235 1174 1364 1214 stolica,
1393 1182 1500 1208 tenore
1535 1173 1771 1219 praesentium,
1800 1172 1985 1219 erigendum

1236 1224 1385 1258 duximus
1407 1231 1437 1258 et
1463 1224 1627 1270 erigimus.

1285 1275 1304 1319 ξ
1327 1276 1358 1308 ’5.
1383 1273 1598 1308 Decet-nentes
1621 1272 1696 1307 inibi
1721 1284 1815 1307 unam
1843 1271 1987 1307 abbatis-

1236 1320 1301 1359 sam
1325 1335 1380 1358 seu
1406 1323 1598 1370 priorissam,
1626 1334 1707 1370 qnae
1729 1334 1790 1356 non
1821 1330 1986 1369 perpetuo,

1237 1374 1290 1408 sod
1305 1374 1342 1408 ad
1366 1382 1486 1408 certum
1508 1382 1634 1420 tempus
1656 1371 1731 1406 inibi
1757 1372 1886 1419 praesit,
1903 1383 1988 1419 prae-

1239 1423 1403 1458 ficiendam
1427 1435 1507 1458 esse.

1287 1473 1306 1519 g
1327 1476 1361 1507 4.
1384 1472 1430 1507 Aa
1447 1472 1596 1507 mulieres
1615 1470 1798 1506 huiusmodi
1821 1483 1836 1506 a
1861 1479 1988 1519 peccato

1238 1523 1384 1558 recedere
1395 1530 1424 1557 et
1445 1521 1668 1570 poenitentiam
1693 1521 1811 1556 ducere
1834 1522 1988 1563 volentes,

1239 1573 1472 1620 cuiuscumque
1488 1572 1614 1618 gradus,
1631 1579 1740 1615 status,
1752 1571 1945 1606 conditionis
1959 1579 1990 1606 et

1240 1624 1376 1658 nationis
1391 1622 1518 1665 suerint,
1535 1631 1568 1656 nt
1585 1621 1770 1668 praefertur,
1794 1622 1911 1656 vocatis
1935 1629 1990 1657 ta-

1240 1686 1312 1708 men
1328 1672 1504 1708 rectoribus
1518 1672 1618 1706 dictae
1635 1672 1804 1711 societatis,
1819 1671 1926 1718 quide
1941 1683 1989 1707 ea-

1241 1736 1307 1758 rum
1318 1721 1790 1770 qualitatibuspleneinformari
1801 1721 1990 1767 valeranni-e·

1240 1774 1301 1820 cipi
1316 1773 1441 1817 debere,
1459 1785 1538 1820 qnae
1553 1773 1609 1806 tria
1624 1780 1692 1806 vota
1709 1771 1860 1806 solemnia
1875 1772 1904 1805 in
1922 1785 1990 1807 ma-

1240 1825 1333 1858 nibus
1348 1823 1451 1857 dictae
1465 1822 1644 1857 abbatissae
1667 1834 1721 1856 seu
1743 1821 1912 1868 priorissae
1935 1833 1992 1868 pro

1241 1882 1381 1920 tempore
1409 1873 1572 1907 existentis
1600 1872 1752 1912 emitterc3
1777 1883 1811 1906 ac
1834 1871 1991 1918 Regulam

1240 1924 1328 1958 Beati
1343 1923 1524 1970 Augustini,
1538 1934 1644 1956 earum
1658 1921 1752 1956 statui
1774 1933 1946 1968 congruam
1963 1929 1994 1956 et

1241 1971 1644 2019 condecentem,profiteri;
1659 1970 1849 2006 achabitum
1867 1972 1993 2018 nigrum

1243 2024 1357 2058 subtus
1382 2031 1412 2058 et
1425 2023 1561 2068 desuper
1582 2021 1778 2069 chlamydem
1793 2033 1849 2056 seu
1872 2033 1994 2068 scapu-

1244 2073 1307 2108 lare
1329 2072 1500 2117 album,ad
1524 2072 1755 2118 designandum
1780 2071 1860 2106 vitae
1889 2081 1995 2107 muta-

1244 2129 1383 2169 tionem,
1412 2135 1444 2161 nt
1468 2126 1689 2174 praemittitur,
1712 2133 1832 2172 gestare
1850 2139 1858 2168 ;
1880 2137 1916 2161 ac
1935 2125 1996 2161 sub

1244 2190 1393 2230 perpetua
1421 2190 1450 2216 et
1478 2180 1674 2215 strictissima
1702 2180 1846 2215 clausura
1864 2208 1872 2220 ,
1899 2191 1993 2227 quarn

1244 2237 1359 2277 nullus,
1372 2236 1604 2283 cuiuscumque
1625 2242 1737 2275 status,
1759 2235 1953 2270 auctoritatis
1965 2244 1996 2270 et

1246 2291 1517 2338 praeeminentiae,
1549 2290 1642 2325 etiam
1671 2289 1882 2324 cardinalatus
1905 2301 1996 2336 prae-

1246 2346 1371 2393 fulgens
1394 2346 1525 2389 lionore,
1540 2345 1598 2380 snb
1614 2343 1846 2379 maledictionis
1860 2351 1891 2378 et
1906 2343 1996 2379 dam-

1246 2401 1383 2435 nationis
1413 2409 1557 2435 aeternae
1586 2398 1840 2434 interminatione
1856 2425 1864 2439 ,
1883 2410 1919 2433 ac
1937 2410 1996 2433 ex-

1246 2455 1545 2490 communicationis
1579 2453 1658 2488 latae
1686 2452 1858 2488 sententiae
1882 2464 1995 2500 poena,

1247 2510 1338 2545 cuius
1352 2509 1581 2545 absolutionem
1600 2508 1691 2543 nobis
1707 2515 1737 2543 et
1759 2507 1996 2542 successoribus

1250 2565 1366 2599 nostris
1380 2564 1530 2599 canonice
1546 2561 1735 2597 intrantibus
1746 2561 1930 2596 tantumodo
1947 2573 1998 2597 re-

1248 2631 1425 2664 servamus,
1441 2618 1556 2653 violare
1574 2624 1763 2665 praesumat.
1780 2615 1826 2650 Ac
1839 2614 1898 2650 sub
1909 2627 1996 2661 cura,

1249 2673 1402 2720 regimine
1424 2681 1454 2708 ct
1469 2673 1641 2708 directione
1666 2670 1851 2707 eorumdem
1867 2669 1995 2706 fratrum

1993 267 2045 296 An.
2062 267 2092 296 C.
2108 267 2180 298 1520

2028 1280 2160 1302 Ahbnrssam

2041 1312 2137 1340 praeficit
2144 1318 2150 1337 ς

2015 1482 2125 1504 tttutterum
2135 1482 2191 1504 reet-

2002 1515 2127 1542 pienum-m
2140 1519 2189 1541 qut-

2003 1544 2083 1571 lttates‚
2095 1544 2189 1566 habitum

2004 1580 2025 1598 et
2035 1576 2136 1604 Regulum
2151 1577 2194 1599 de·

2003 1609 2082 1635 cltum
