2281 3251
131 262 178 285 An.
197 259 225 286 C.
246 259 309 284 ¹1187

143 615 237 636 {lubitum
254 622 263 635 a
280 616 311 635 ri-

129 646 245 667 cecancetlt
275 653 310 666 su-

130 678 228 704 sriptum,

150 2430 207 2453 Unus
217 2437 241 2452 ex
253 2432 271 2451 d.
284 2431 326 2451 cul-

145 2463 199 2489 legio
216 2462 249 2483 vel
272 2463 325 2482 alius

144 2494 165 2513 iu
189 2494 325 2513 secretarium

145 2524 281 2544 domesticum
290 2523 326 2544 Pa<

144 2561 182 2582 pate
205 2563 216 2574 a
236 2555 326 2581 collegio

147 2587 264 2612 deputetur.

908 252 1118 274 tNNocm'rtt's

325 313 419 353 rium,
441 322 512 345 cum
528 309 675 344 omnibns
698 316 726 343 et
749 307 880 353 singulis
900 320 1069 354 praeroga-

325 361 406 405 tivis,
423 359 594 394 bonoribus
609 366 637 393 ct
653 357 802 392 oneribus
818 358 976 392 consuetis
992 358 1071 391 eins-

325 411 394 445 dem
422 409 516 444 officii
541 408 710 443 notariatus
738 407 936 454 Apostolicae
960 406 1070 449 Sedis,

325 472 361 495 eo
390 460 458 506 ipso
481 465 662 504 assumptus
684 470 751 491 esse
774 465 939 491 censeatur
958 465 987 490 et
1015 457 1070 496 sit,

326 509 557 556 recipiaturqnc
580 508 609 541 in
638 508 850 541 secretarium.

374 561 458 601 515.
471 558 518 592 Ac
531 557 694 592 liabitusct
711 557 840 601 insignia
855 556 927 590 dicti
944 555 1070 590 notaria-

327 616 375 643 tus
387 607 477 642 oflicii
492 607 593 641 eidem
609 607 643 650 (si
661 606 752 639 l'nerit
767 618 913 652 praesens
937 606 965 639 in
990 605 1070 638 dietat

326 657 433 701 Curia)
456 669 510 704 per
537 656 752 703 supradictum
770 655 1071 695 vicecancellarium,

326 706 475 742 adhibitis
488 718 594 741 secum
618 706 687 740 aliis
702 706 878 739 secretariis
894 704 1071 751 praedietis,

326 757 437 792 eodem
466 763 616 791 contextu
640 755 739 802 (prius
767 763 868 788 tamen
897 753 1019 788 debitae
1037 754 1072 786 li-

326 806 461 841 delitatis
482 805 521 840 ab
545 806 613 852 ipso
636 812 760 851 recepto
779 805 964 845 iuramento)
985 802 1073 837 exbi-

327 856 390 891 beri
414 855 558 890 debeant.
575 855 616 890 Et
637 855 700 888 sive
717 866 864 900 praesens
878 854 942 888 sive
961 852 1073 887 absens

328 906 420 940 suerit
441 905 479 939 ab
506 905 615 939 eadem
643 903 750 943 Curia,
780 903 885 938 literae
908 902 1072 936 coniicitur

326 955 384 990 dae
405 967 500 1002 super
526 954 753 1001 supplicatione
784 951 998 987 concessionis
1021 963 1073 984 se-

327 1005 531 1049 cretariatus,
553 1005 646 1038 etiam
670 1004 695 1037 si
720 1003 749 1036 in
773 1015 806 1037 ea
830 1002 868 1035 de
891 1001 992 1035 officio
1016 1013 1074 1034 no-

328 1056 458 1090 tariatus
481 1053 639 1101 praedicto
662 1061 691 1087 et
713 1053 780 1086 eius
808 1051 912 1086 babitu
937 1062 972 1084 ac
995 1049 1074 1083 insi-

327 1105 408 1151 gniis
421 1104 503 1138 nulla
514 1111 595 1138 esset
610 1102 712 1137 habita
723 1102 850 1145 mentio,
870 1099 1074 1134 nibilominus

328 1153 553 1202 expediantur,
579 1162 640 1187 tam
665 1164 718 1199 per
739 1150 964 1185 Cancellariam
986 1150 1074 1195 Apo-

327 1204 468 1239 stolicam
496 1215 588 1250 quam
615 1213 669 1249 per
704 1199 868 1235 Cameram
898 1206 1074 1241 secretam,

327 1265 399 1288 cum
423 1253 623 1299 expressione
646 1250 860 1285 concessionis
882 1249 955 1283 dicti
982 1255 1075 1282 nota—

329 1304 423 1338 riatus
445 1302 549 1342 officii,
569 1313 641 1336 cum
657 1300 776 1340 babitu,
798 1299 951 1345 insigniis,
974 1298 1076 1331 liono-

330 1352 415 1387 ribus
441 1359 471 1386 et
492 1351 643 1386 oneribus
675 1350 744 1384 eius
766 1349 943 1387 consuetis,
976 1359 1076 1394 neque

330 1401 428 1449 possit
449 1409 501 1436 ant
537 1400 674 1443 debeat,
707 1412 760 1445 per
784 1406 923 1433 nostrum
948 1405 1000 1431 aut
1024 1409 1076 1441 pro

330 1460 472 1498 tempore
488 1450 673 1485 existentem
689 1448 824 1482 Romani
849 1447 1007 1482 Pontisieis
1024 1446 1076 1480 Da-

331 1501 443 1536 tarium
475 1513 530 1534 seu
559 1510 793 1547 quemcumque,
817 1498 926 1539 alium,
951 1509 1005 1543 pro
1028 1496 1078 1529 si-

330 1558 460 1596 gnatura
488 1548 668 1583 huiusmodi
709 1547 972 1594 supplicationis,
1009 1546 1078 1580 licet

333 1601 392 1634 vim
416 1599 630 1634 concessionis
647 1598 780 1632 duorum
805 1596 984 1630 huiusmodi
1010 1596 1079 1629 olli-

332 1650 452 1684 ciorum
477 1657 602 1696 propter
631 1646 800 1695 praemissa
831 1646 989 1685 habente,
1021 1645 1079 1678 ali-

332 1698 407 1746 quid
424 1725 433 1743 ,
455 1699 534 1733 ultra
563 1698 590 1733 id
619 1697 704 1744 quod
728 1696 873 1742 superius
894 1707 1078 1742 expressum

332 1757 390 1794 est⁷
413 1748 543 1783 omnino
566 1747 662 1793 exigi,
685 1746 739 1781 sed
768 1746 849 1780 sicut
873 1758 927 1792 per
950 1757 1081 1779 conces-

332 1799 453 1834 sionem
482 1797 575 1833 oslicii
600 1796 833 1840 secretariatns,
862 1794 943 1828 venit
967 1794 1081 1841 pariter

333 1847 494 1883 concessio
516 1847 607 1882 oflicii
632 1846 800 1881 notariatus
836 1843 1010 1891 praedicti,
1038 1844 1081 1878 sic

334 1910 389 1945 per
412 1897 533 1932 unicam
562 1897 749 1932 solutionem
774 1895 951 1941 signaturae
970 1906 1082 1939 supra-

334 1947 480 1994 scriptae,
506 1947 547 1981 sit
568 1947 687 1993 integre
714 1945 916 1988 satisfactum,
935 1945 1022 1990 quasi
1045 1943 1082 1977 de

336 1997 428 2032 unica
456 1997 672 2031 concessione.
695 1994 729 2030 Si
759 2002 860 2029 tamen
897 1993 1084 2028 secretarius

335 2047 380 2081 sic
402 2046 441 2080 de
464 2058 544 2081 novo
567 2045 727 2080 institutus
749 2044 807 2078 erit
825 2044 939 2078 absens
959 2071 967 2083 ,
991 2042 1084 2077 babi-

336 2108 386 2135 tus
419 2107 450 2134 et
486 2099 620 2146 insignia
645 2098 813 2146 praedicta,
836 2098 969 2132 venienti
995 2104 1083 2144 post-

336 2154 465 2190 modum
490 2154 527 2189 ad
550 2153 704 2193 Curiam,
732 2166 803 2188 cum
829 2153 964 2200 primum
989 2163 1084 2199 prae-

336 2208 472 2244 sentabit
495 2221 527 2243 se
555 2208 639 2243 dieto
662 2207 796 2254 collegio
815 2214 844 2240 et
861 2206 1030 2253 recipietur
1055 2205 1084 2239 in

336 2263 552 2304 secretarium,
571 2261 752 2310 supradicta
776 2261 873 2295 forma
895 2269 1026 2301 servata,
1041 2259 1086 2294 si—

338 2316 453 2352 militer
479 2316 698 2351 exhibeantur.

387 2371 406 2417 g
436 2374 491 2405 14.
516 2371 554 2406 Et
581 2371 653 2418 quia
682 2370 771 2405 nobis
798 2377 827 2404 et
856 2382 911 2416 pro
949 2377 1087 2416 tempore

339 2426 484 2460 existenti
500 2426 644 2461 Romano
659 2424 805 2460 Pontifici
820 2423 946 2470 expedit
960 2423 1087 2464 babere,

341 2488 462 2527 praeter
476 2480 653 2527 praedictos
664 2478 860 2519 secretarios,
876 2490 974 2512 unum
991 2477 1086 2512 alium

340 2535 542 2569 secretarium
566 2534 788 2578 domesticum,
812 2533 840 2567 in
865 2532 982 2566 Palatio
1007 2543 1088 2578 prae·

342 2587 424 2624 dicto
450 2589 576 2624 assidue
603 2588 789 2624 residentem
807 2614 816 2631 ,
839 2586 886 2621 cui
916 2585 1005 2620 liceat
1034 2598 1090 2618 no-

346 2649 408 2678 stra
430 2641 630 2678 etRomanae
646 2642 803 2677 Ecclesiae
818 2648 939 2675 nostrae
959 2647 1090 2683 secreta,

1142 252 1199 273 viti
1223 250 1269 273 rr.
1735 236 1805 268 555

1111 315 1252 341 nostrum
1277 312 1305 339 et
1328 303 1465 339 eiusdem
1490 302 1648 337 Ecclesiae
1675 309 1728 336 aut
1749 301 1859 336 ortbo-

1111 357 1207 390 doxae
1232 355 1299 389 lidei
1318 362 1432 388 statum
1457 352 1690 392 concernentia,
1714 351 1860 398 quaudo-

1110 418 1246 452 euntque,
1270 405 1361 438 l'nerit
1382 416 1396 437 a
1415 403 1506 437 nobis
1522 403 1637 442 iussus,
1653 401 1790 447 legitime
1805 412 1860 434 ex-

1113 455 1230 500 pedire,
1245 454 1359 500 cuique
1381 456 1431 496 (ue
1449 453 1486 486 de
1502 452 1707 498 infrascriptis
1722 458 1774 484 aut
1789 450 1860 496 qui-

1113 505 1219 539 busvis
1244 504 1312 537 aliis
1341 502 1489 550 praedicti
1523 501 1738 535 secretariatus
1766 500 1859 534 oflicii

1112 553 1335 588 ‹unolumentis
1358 565 1390 587 se
1419 551 1583 598 impedire,
1611 558 1665 585 ant
1696 562 1767 584 cum
1797 549 1862 583 eis—

1112 604 1182 638 dem
1211 602 1385 637 secretariis
1409 601 1502 636 ullam
1527 599 1770 635 controversiam
1801 599 1862 632 lta-

1114 654 1185 687 bere
1209 653 1307 699 possit
1330 660 1380 685 ant
1405 651 1526 694 debeat)
1563 650 1752 684 conveniens
1767 656 1863 683 estut

1113 716 1148 738 ex
1172 702 1246 736 dieti
1270 701 1361 735 oflicii
1390 701 1608 735 secretariatus
1627 698 1863 741 emolumentis,

1115 765 1169 799 pro
1198 751 1319 786 decenti
1354 751 1422 784 eius
1454 758 1553 784 status
1586 748 1859 786 substentatione,

1115 804 1242 836 lionesta
1278 801 1380 847 aliqua
1417 800 1517 846 portio
1540 798 1730 844 assignetur,
1753 797 1862 831 eadem

1113 851 1298 886 auctoritate
1320 849 1502 884 ordinamus
1525 848 1608 895 qnod
1628 876 1635 889 ,
1659 847 1760 895 quoad
1787 847 1864 881 titu-

1115 903 1177 935 lum
1201 899 1440 934 secretariorum
1473 897 1656 933 eorumdem
1684 906 1713 931 et
1737 896 1865 944 praedi-

1114 959 1232 985 ctarum
1258 961 1360 983 rerum
1386 956 1578 983 secretarum
1601 946 1764 981 dumtaxat
1787 945 1865 992 legi-

1115 1001 1221 1034 timam
1256 998 1513 1045 expeditionem,
1539 996 1636 1044 possit
1667 1009 1723 1043 per
1750 1008 1807 1029 nos
1835 1004 1865 1029 ct

1117 1062 1171 1097 pro
1195 1057 1335 1094 tempore
1357 1048 1543 1082 existentem
1575 1045 1754 1080 Romanum
1778 1045 1865 1079 Pon-

1116 1100 1229 1133 tilicem
1260 1110 1342 1132 unns
1363 1110 1400 1131 ex
1428 1096 1613 1143 praedictis,
1636 1095 1683 1129 vel
1707 1095 1786 1129 alius
1808 1106 1865 1128 se-

1115 1148 1277 1191 cretarius,
1294 1148 1369 1181 ultra
1394 1145 1589 1193 praedictum
1615 1156 1795 1185 numerum,
1810 1144 1866 1178 de-

1117 1198 1230 1245 putari,
1247 1198 1316 1239 etsi,
1340 1204 1371 1231 ut
1388 1195 1573 1243 praefertur,
1588 1194 1785 1241 qualificatus
1805 1205 1866 1227 non

1116 1249 1276 1283 existeret.
1305 1246 1366 1288 Qui
1395 1253 1496 1279 tamen
1526 1245 1564 1279 de
1599 1244 1703 1279 officio
1742 1253 1772 1279 et
1800 1243 1868 1277 loco

1119 1297 1288 1345 praedicto,
1311 1308 1346 1330 ac
1364 1293 1562 1342 portionibus
1579 1293 1868 1329 emolumentorum

1117 1356 1203 1382 extra
1228 1358 1393 1380 nnmerum
1411 1357 1465 1391 per
1481 1356 1553 1378 eum
1572 1343 1799 1391 percipiendis,
1816 1342 1871 1375 mi-

1119 1398 1202 1431 nime
1225 1396 1392 1443 disponere
1416 1394 1534 1441 possit,
1562 1393 1617 1428 sed
1643 1393 1680 1427 ab
1704 1393 1784 1436 illis,
1814 1404 1869 1438 pro

1118 1448 1184 1481 solo
1206 1453 1281 1480 nutu
1310 1453 1416 1479 nostro
1439 1452 1469 1477 et
1492 1456 1545 1489 pro
1569 1451 1711 1489 tempore
1735 1444 1870 1477 existen-

1120 1498 1158 1531 tis
1179 1495 1312 1530 Romani
1334 1493 1513 1534 Pontificis,
1536 1493 1711 1527 amovibilis
1738 1491 1869 1529 existam

1119 1545 1220 1593 quoad
1258 1545 1376 1591 reliqua
1409 1556 1503 1587 vero,
1537 1542 1688 1588 quamdiu
1728 1541 1868 1575 officinm

1120 1595 1305 1634 exercuerit,
1330 1594 1406 1640 pari,
1433 1604 1494 1640 qua
1517 1592 1565 1625 alii
1589 1591 1760 1630 secretarii,
1785 1590 1870 1625 savo·

1122 1646 1162 1679 ris
1184 1653 1214 1679 ct
1237 1644 1365 1679 lionoris
1388 1642 1598 1690 praerogativa
1624 1642 1769 1688 potiatur.

1170 1699 1185 1738 g
1210 1695 1264 1728 15.
1299 1693 1340 1727 Ut
1367 1700 1471 1726 autem
1501 1691 1658 1726 secretarii
1695 1690 1870 1737 praedicti,

1123 1753 1183 1778 tam
1211 1743 1330 1790 antiqui
1358 1754 1450 1790 qnam
1474 1741 1513 1775 dc
1536 1753 1616 1776 novo
1644 1740 1795 1780 admissi,
1818 1740 1871 1786 qui

1123 1806 1178 1841 pro
1202 1802 1275 1827 tunc
1294 1793 1416 1839 triginta
1432 1803 1563 1825 numero
1586 1791 1768 1834 existentes,
1784 1802 1872 1824 sunt-

1125 1856 1204 1878 mam
1228 1843 1387 1889 sexaginta
1416 1841 1550 1875 duorum
1575 1840 1707 1875 millium
1734 1848 1763 1874 ct
1794 1852 1874 1886 qua-

1123 1894 1360 1939 dringentorum
1377 1892 1568 1925 florenorum
1585 1890 1652 1924 auri
1676 1890 1714 1924 de
1727 1888 1873 1927 Camera,

1125 1955 1178 1990 pro
1211 1941 1403 1976 redimendis
1430 1940 1543 1974 mitltra
1567 1947 1596 1973 et
1622 1939 1692 1974 aliis
1719 1938 1873 1974 iocalibus

1125 1992 1306 2039 praedictis,
1323 1991 1362 2026 de
1384 2003 1493 2025 eorum
1517 1990 1652 2037 propriis
1676 1989 1817 2036 pecuniis
1836 1988 1874 2021 ti-

1124 2042 1324 2085 beraliter,ut
1341 2040 1524 2088 praefertur,
1548 2039 1744 2082 exolverunt,
1770 2045 1801 2073 et
1819 2049 1874 2071 eo-

1125 2110 1192 2131 rum
1204 2107 1405 2131 successores
1416 2093 1634 2129 secretariatus
1650 2093 1785 2128 officium
1803 2105 1873 2140 prze-

1125 2151 1242 2186 dictum
1268 2162 1321 2197 pro
1350 2158 1490 2196 tempore
1520 2148 1708 2191 obtinentes,
1735 2160 1772 2182 eo
1795 2147 1875 2181 dili-

1125 2206 1250 2251 gentius
1269 2233 1276 2245 ,
1301 2217 1380 2251 quae
1412 2215 1521 2238 eorum
1554 2201 1741 2236 incumbunt
1772 2201 1875 2236 officio

1126 2259 1272 2294 studeant
1286 2270 1443 2301 exercere,
1460 2269 1522 2304 quo
1541 2256 1656 2291 exinde
1671 2256 1875 2303 cognoverint

1127 2314 1173 2349 cis
1200 2312 1415 2348 convenientia
1448 2311 1660 2345 emolumenta
1689 2309 1875 2357 provenire·⁷

1128 2369 1157 2402 in
1184 2368 1292 2415 primis
1318 2375 1347 2401 et
1370 2375 1438 2400 ante
1466 2365 1583 2409 omnia,
1610 2364 1791 2411 supradicto
1804 2363 1875 2398 Ro-

1128 2423 1232 2457 derieo
1255 2422 1403 2468 episeopo
1419 2418 1670 2454 vicecancellario
1694 2418 1802 2452 barum
1823 2429 1874 2452 se-

1130 2478 1173 2512 rie
1193 2476 1379 2510 mandamus
1402 2482 1436 2508 ut
1464 2473 1581 2507 dudum
1613 2473 1727 2507 editam
1748 2485 1801 2519 per
1820 2471 1871 2506 sel.

1131 2530 1251 2566 record.
1276 2530 1443 2564 Martinum
1467 2528 1583 2575 Papam
1607 2528 1764 2574 quintum,
1785 2538 1875 2573 prae-

1130 2585 1330 2619 decessorem
1346 2591 1498 2620 nostrum,
1514 2583 1587 2616 etin
1607 2582 1774 2628 quinterno
1789 2580 1876 2615 Can-

1131 2639 1272 2673 cellariae
1296 2638 1487 2683 registratam
1511 2635 1650 2682 regulam
1679 2647 1732 2670 seu
1769 2635 1875 2670 decla-

1873 246 1922 272 Αιι.
1940 245 1968 271 C.
1988 244 2052 270 ttts7

1908 1696 2051 1716 Emolumenta

1888 1729 1918 1749 eis
1936 1729 2068 1753 assignantur

1888 1761 1911 1780 de
1928 1760 2018 1781 minutis,
