<?xml version="1.0" encoding="UTF-8"?>
<!DOCTYPE html PUBLIC "-//W3C//DTD XHTML 1.0 Transitional//EN"
    "http://www.w3.org/TR/xhtml1/DTD/xhtml1-transitional.dtd">
<html xmlns="http://www.w3.org/1999/xhtml" xml:lang="en" lang="en">
 <head>
  <title>
</title>
<meta http-equiv="Content-Type" content="text/html;charset=utf-8" />
  <meta name='ocr-system' content='tesseract 3.04.00' />
  <meta name='ocr-capabilities' content='ocr_page ocr_carea ocr_par ocr_line ocrx_word'/>
</head>
<body>
  <div class='ocr_page' id='page_1' title='image "./bullarumdiplomat05cath/bullarumdiplomat05cath_0265.png"; bbox 0 0 2281 3251; ppageno 0'>
   <div class='ocr_carea' id='block_1_1' title="bbox 78 283 255 312">
    <p class='ocr_par' dir='ltr' id='par_1_1' title="bbox 78 283 255 312">
     <span class='ocr_line' id='line_1_1' title="bbox 78 283 255 312; baseline -0.011 0"><span class='ocrx_word' id='word_1_1' title='bbox 78 285 127 312; x_wconf 82' lang='grc' dir='ltr'>Λη.</span> <span class='ocrx_word' id='word_1_2' title='bbox 144 283 172 310; x_wconf 90' lang='lat' dir='ltr'>C.</span> <span class='ocrx_word' id='word_1_3' title='bbox 191 284 255 310; x_wconf 75' lang='lat'>¹!177</span> 
     </span>
    </p>
   </div>
   <div class='ocr_carea' id='block_1_2' title="bbox 71 1860 252 2006">
    <p class='ocr_par' dir='ltr' id='par_1_2' title="bbox 71 1860 252 2006">
     <span class='ocr_line' id='line_1_2' title="bbox 82 1860 252 1888; baseline 0 -6"><span class='ocrx_word' id='word_1_4' title='bbox 82 1861 158 1888; x_wconf 77' lang='lat' dir='ltr'>Eugen.</span> <span class='ocrx_word' id='word_1_5' title='bbox 170 1860 197 1882; x_wconf 82' lang='lat' dir='ltr'>lv</span> <span class='ocrx_word' id='word_1_6' title='bbox 210 1861 252 1882; x_wconf 87' lang='lat' dir='ltr'>ibi-</span> 
     </span>
     <span class='ocr_line' id='line_1_3' title="bbox 71 1892 252 1913; baseline -0.006 0"><span class='ocrx_word' id='word_1_7' title='bbox 71 1892 116 1913; x_wconf 76' lang='lat' dir='ltr'>dem</span> <span class='ocrx_word' id='word_1_8' title='bbox 145 1892 252 1913; x_wconf 69' lang='lat' dir='ltr'>innovavit</span> 
     </span>
     <span class='ocr_line' id='line_1_4' title="bbox 71 1922 252 1949; baseline -0.006 -6"><span class='ocrx_word' id='word_1_9' title='bbox 71 1922 172 1949; x_wconf 73' lang='lat' dir='ltr'>quondam</span> <span class='ocrx_word' id='word_1_10' title='bbox 197 1927 252 1942; x_wconf 82' lang='lat' dir='ltr'>con-</span> 
     </span>
     <span class='ocr_line' id='line_1_5' title="bbox 71 1952 252 1979; baseline 0.011 -7"><span class='ocrx_word' id='word_1_11' title='bbox 71 1952 194 1973; x_wconf 78' lang='lat' dir='ltr'>lraternitat.</span> <span class='ocrx_word' id='word_1_12' title='bbox 203 1953 252 1979; x_wconf 83' lang='lat' dir='ltr'>pio-</span> 
     </span>
     <span class='ocr_line' id='line_1_6' title="bbox 72 1985 226 2006; baseline 0.013 -2"><span class='ocrx_word' id='word_1_13' title='bbox 72 1989 114 2005; x_wconf 85' lang='lat' dir='ltr'>rum</span> <span class='ocrx_word' id='word_1_14' title='bbox 129 1985 226 2006; x_wconf 76' lang='lat' dir='ltr'>virorum.</span> 
     </span>
    </p>
   </div>
   <div class='ocr_carea' id='block_1_3' title="bbox 71 2335 272 2427">
    <p class='ocr_par' dir='ltr' id='par_1_3' title="bbox 71 2335 272 2427">
     <span class='ocr_line' id='line_1_7' title="bbox 77 2335 252 2360; baseline 0.011 -2"><span class='ocrx_word' id='word_1_15' title='bbox 77 2335 153 2358; x_wconf 61' lang='lat' dir='ltr'>tonus.</span> <span class='ocrx_word' id='word_1_16' title='bbox 162 2338 201 2358; x_wconf 76' lang='lat' dir='ltr'>ists</span> <span class='ocrx_word' id='word_1_17' title='bbox 208 2344 252 2360; x_wconf 84' lang='lat' dir='ltr'>om-</span> 
     </span>
     <span class='ocr_line' id='line_1_8' title="bbox 71 2368 272 2393; baseline 0.01 -5"><span class='ocrx_word' id='word_1_18' title='bbox 71 2368 106 2389; x_wconf 72' lang='lat' dir='ltr'>niu</span> <span class='ocrx_word' id='word_1_19' title='bbox 114 2368 193 2389; x_wconf 71' lang='lat' dir='ltr'>indultu</span> <span class='ocrx_word' id='word_1_20' title='bbox 199 2369 249 2393; x_wconf 69' lang='lat' dir='ltr'>hos·</span> <span class='ocrx_word' id='word_1_21' title='bbox 267 2387 272 2392; x_wconf 88' lang='lat'><em>.</em></span> 
     </span>
     <span class='ocr_line' id='line_1_9' title="bbox 71 2399 249 2427; baseline 0.011 -8"><span class='ocrx_word' id='word_1_22' title='bbox 71 2399 128 2426; x_wconf 69' lang='lat' dir='ltr'>pltnl.</span> <span class='ocrx_word' id='word_1_23' title='bbox 135 2401 249 2427; x_wconf 73' lang='lat' dir='ltr'>coniti-mai,</span> 
     </span>
    </p>
   </div>
   <div class='ocr_carea' id='block_1_4' title="bbox 907 286 1145 309">
    <p class='ocr_par' dir='ltr' id='par_1_4' title="bbox 907 286 1145 309">
     <span class='ocr_line' id='line_1_10' title="bbox 907 286 1145 309; baseline 0.004 -2"><span class='ocrx_word' id='word_1_24' title='bbox 907 286 931 308; x_wconf 85' lang='lat' dir='ltr'>St</span> <span class='ocrx_word' id='word_1_25' title='bbox 938 286 1017 309; x_wconf 79' lang='lat' dir='ltr'>XTUS</span> <span class='ocrx_word' id='word_1_26' title='bbox 1039 287 1071 308; x_wconf 84' lang='lat' dir='ltr'>lv</span> <span class='ocrx_word' id='word_1_27' title='bbox 1100 286 1145 308; x_wconf 79' lang='grc' dir='ltr'>ΙΨ.</span> 
     </span>
    </p>
   </div>
   <div class='ocr_carea' id='block_1_5' title="bbox 264 337 1021 2107">
    <p class='ocr_par' dir='ltr' id='par_1_5' title="bbox 269 337 1021 1810">
     <span class='ocr_line' id='line_1_11' title="bbox 271 337 1020 383; baseline 0.001 -11"><span class='ocrx_word' id='word_1_28' title='bbox 271 345 300 373; x_wconf 90' lang='lat' dir='ltr'>et</span> <span class='ocrx_word' id='word_1_29' title='bbox 331 337 422 372; x_wconf 90' lang='lat' dir='ltr'>oculo</span> <span class='ocrx_word' id='word_1_30' title='bbox 447 337 615 383; x_wconf 78' lang='lat' dir='ltr'>perspicaci</span> <span class='ocrx_word' id='word_1_31' title='bbox 645 337 802 372; x_wconf 83' lang='lat' dir='ltr'>intuentes</span> <span class='ocrx_word' id='word_1_32' title='bbox 825 338 910 373; x_wconf 87' lang='lat' dir='ltr'>illius</span> <span class='ocrx_word' id='word_1_33' title='bbox 936 346 1020 373; x_wconf 86' lang='lat' dir='ltr'>stru-</span> 
     </span>
     <span class='ocr_line' id='line_1_12' title="bbox 271 385 1020 434; baseline 0.001 -13"><span class='ocrx_word' id='word_1_34' title='bbox 271 397 375 422; x_wconf 89' lang='lat' dir='ltr'>cturas</span> <span class='ocrx_word' id='word_1_35' title='bbox 401 394 430 420; x_wconf 90' lang='lat' dir='ltr'>et</span> <span class='ocrx_word' id='word_1_36' title='bbox 463 385 604 420; x_wconf 83' lang='lat' dir='ltr'>aedificia</span> <span class='ocrx_word' id='word_1_37' title='bbox 636 386 797 421; x_wconf 81' lang='lat' dir='ltr'>modernis</span> <span class='ocrx_word' id='word_1_38' title='bbox 824 388 1020 434; x_wconf 77' lang='lat' dir='ltr'>temporibus</span> 
     </span>
     <span class='ocr_line' id='line_1_13' title="bbox 270 435 1019 483; baseline 0 -12"><span class='ocrx_word' id='word_1_39' title='bbox 270 437 308 471; x_wconf 92' lang='lat' dir='ltr'>ad</span> <span class='ocrx_word' id='word_1_40' title='bbox 327 447 498 483; x_wconf 88' lang='lat' dir='ltr'>pauperum</span> <span class='ocrx_word' id='word_1_41' title='bbox 523 435 731 475; x_wconf 82' lang='lat' dir='ltr'>infirmorum,</span> <span class='ocrx_word' id='word_1_42' title='bbox 754 437 966 482; x_wconf 79' lang='lat' dir='ltr'>expositorum</span> <span class='ocrx_word' id='word_1_43' title='bbox 992 447 1019 472; x_wconf 85' lang='lat' dir='ltr'>et</span> 
     </span>
     <span class='ocr_line' id='line_1_14' title="bbox 271 484 1018 531; baseline 0 -12"><span class='ocrx_word' id='word_1_44' title='bbox 271 485 399 520; x_wconf 89' lang='lat' dir='ltr'>aliarum</span> <span class='ocrx_word' id='word_1_45' title='bbox 417 484 644 518; x_wconf 80' lang='lat' dir='ltr'>miserabilium</span> <span class='ocrx_word' id='word_1_46' title='bbox 669 497 872 531; x_wconf 81' lang='lat' dir='ltr'>personarum</span> <span class='ocrx_word' id='word_1_47' title='bbox 889 487 927 521; x_wconf 89' lang='lat' dir='ltr'>ad</span> <span class='ocrx_word' id='word_1_48' title='bbox 944 487 1018 520; x_wconf 85' lang='lat' dir='ltr'>illud</span> 
     </span>
     <span class='ocr_line' id='line_1_15' title="bbox 271 534 1020 581; baseline 0.001 -12"><span class='ocrx_word' id='word_1_49' title='bbox 271 534 496 569; x_wconf 82' lang='lat' dir='ltr'>confluentium</span> <span class='ocrx_word' id='word_1_50' title='bbox 526 534 755 581; x_wconf 82' lang='lat' dir='ltr'>receptionem,</span> <span class='ocrx_word' id='word_1_51' title='bbox 787 544 929 581; x_wconf 82' lang='lat' dir='ltr'>angusta,</span> <span class='ocrx_word' id='word_1_52' title='bbox 965 536 1020 570; x_wconf 90' lang='lat' dir='ltr'>dc-</span> 
     </span>
     <span class='ocr_line' id='line_1_16' title="bbox 272 583 1017 629; baseline 0.003 -13"><span class='ocrx_word' id='word_1_53' title='bbox 272 596 376 629; x_wconf 87' lang='lat' dir='ltr'>pressa</span> <span class='ocrx_word' id='word_1_54' title='bbox 399 591 428 616; x_wconf 88' lang='lat' dir='ltr'>et</span> <span class='ocrx_word' id='word_1_55' title='bbox 453 583 558 617; x_wconf 88' lang='lat' dir='ltr'>minus</span> <span class='ocrx_word' id='word_1_56' title='bbox 580 583 783 618; x_wconf 88' lang='lat' dir='ltr'>accommoda</span> <span class='ocrx_word' id='word_1_57' title='bbox 812 584 894 624; x_wconf 87' lang='lat' dir='ltr'>fore,</span> <span class='ocrx_word' id='word_1_58' title='bbox 919 586 958 619; x_wconf 92' lang='lat' dir='ltr'>ita</span> <span class='ocrx_word' id='word_1_59' title='bbox 987 593 1017 619; x_wconf 87' lang='lat' dir='ltr'>ut</span> 
     </span>
     <span class='ocr_line' id='line_1_17' title="bbox 271 632 1018 679; baseline 0.001 -12"><span class='ocrx_word' id='word_1_60' title='bbox 271 633 315 667; x_wconf 87' lang='lat' dir='ltr'>eis</span> <span class='ocrx_word' id='word_1_61' title='bbox 329 632 412 667; x_wconf 73' lang='lat' dir='ltr'>exitii</span> <span class='ocrx_word' id='word_1_62' title='bbox 436 632 539 677; x_wconf 86' lang='lat' dir='ltr'>potins</span> <span class='ocrx_word' id='word_1_63' title='bbox 562 644 655 678; x_wconf 77' lang='lat' dir='ltr'>quam</span> <span class='ocrx_word' id='word_1_64' title='bbox 680 633 914 679; x_wconf 79' lang='lat' dir='ltr'><strong>recuperandae</strong></span> <span class='ocrx_word' id='word_1_65' title='bbox 936 635 1018 668; x_wconf 88' lang='lat' dir='ltr'>sani—</span> 
     </span>
     <span class='ocr_line' id='line_1_18' title="bbox 272 680 1020 730; baseline 0.003 -15"><span class='ocrx_word' id='word_1_66' title='bbox 272 682 342 716; x_wconf 84' lang='lat' dir='ltr'>tatis</span> <span class='ocrx_word' id='word_1_67' title='bbox 363 690 394 716; x_wconf 90' lang='lat' dir='ltr'>et</span> <span class='ocrx_word' id='word_1_68' title='bbox 413 680 525 715; x_wconf 75' lang='lat' dir='ltr'>salutis</span> <span class='ocrx_word' id='word_1_69' title='bbox 537 694 627 716; x_wconf 79' lang='lat' dir='ltr'>causa</span> <span class='ocrx_word' id='word_1_70' title='bbox 652 683 1020 730; x_wconf 80' lang='lat' dir='ltr'>existe1·eut;etpropter</span> 
     </span>
     <span class='ocr_line' id='line_1_19' title="bbox 271 732 1020 766; baseline 0 -1"><span class='ocrx_word' id='word_1_71' title='bbox 271 743 380 765; x_wconf 83' lang='lat' dir='ltr'>eorum</span> <span class='ocrx_word' id='word_1_72' title='bbox 398 739 581 765; x_wconf 82' lang='lat' dir='ltr'>vetustatem</span> <span class='ocrx_word' id='word_1_73' title='bbox 599 732 635 765; x_wconf 86' lang='lat' dir='ltr'>ad</span> <span class='ocrx_word' id='word_1_74' title='bbox 651 742 756 765; x_wconf 82' lang='lat' dir='ltr'>casum</span> <span class='ocrx_word' id='word_1_75' title='bbox 779 732 943 766; x_wconf 76' lang='lat' dir='ltr'>tenderent</span> <span class='ocrx_word' id='word_1_76' title='bbox 960 732 1020 765; x_wconf 91' lang='lat' dir='ltr'>mi-</span> 
     </span>
     <span class='ocr_line' id='line_1_20' title="bbox 270 779 1019 827; baseline 0 -12"><span class='ocrx_word' id='word_1_77' title='bbox 270 779 501 826; x_wconf 87' lang='lat' dir='ltr'>serabilemque</span> <span class='ocrx_word' id='word_1_78' title='bbox 523 780 657 820; x_wconf 64' lang='lat' dir='ltr'>rninanu</span> <span class='ocrx_word' id='word_1_79' title='bbox 672 792 706 814; x_wconf 88' lang='lat' dir='ltr'>ac</span> <span class='ocrx_word' id='word_1_80' title='bbox 723 781 771 827; x_wconf 88' lang='lat' dir='ltr'>pia</span> <span class='ocrx_word' id='word_1_81' title='bbox 794 781 933 816; x_wconf 89' lang='lat' dir='ltr'>eiusdem</span> <span class='ocrx_word' id='word_1_82' title='bbox 956 781 1019 815; x_wconf 90' lang='lat' dir='ltr'>Re-</span> 
     </span>
     <span class='ocr_line' id='line_1_21' title="bbox 271 829 1020 884; baseline 0 -20"><span class='ocrx_word' id='word_1_83' title='bbox 271 829 444 875; x_wconf 87' lang='lat' dir='ltr'>demptoris</span> <span class='ocrx_word' id='word_1_84' title='bbox 460 829 595 883; x_wconf 59' lang='lat' dir='ltr'>rerba,</span> <span class='ocrx_word' id='word_1_85' title='bbox 589 830 752 884; x_wconf 77' lang='lat' dir='ltr'>inquibus</span> <span class='ocrx_word' id='word_1_86' title='bbox 765 842 799 864; x_wconf 90' lang='lat' dir='ltr'>se</span> <span class='ocrx_word' id='word_1_87' title='bbox 821 830 850 863; x_wconf 88' lang='lat' dir='ltr'>in</span> <span class='ocrx_word' id='word_1_88' title='bbox 868 842 1020 884; x_wconf 76' lang='lat' dir='ltr'>pauperes</span> 
     </span>
     <span class='ocr_line' id='line_1_22' title="bbox 272 878 1018 925; baseline 0 -13"><span class='ocrx_word' id='word_1_89' title='bbox 272 879 369 925; x_wconf 81' lang='lat' dir='ltr'>recipi</span> <span class='ocrx_word' id='word_1_90' title='bbox 395 890 454 912; x_wconf 89' lang='lat' dir='ltr'>nos</span> <span class='ocrx_word' id='word_1_91' title='bbox 491 878 630 917; x_wconf 90' lang='lat' dir='ltr'>instruit,</span> <span class='ocrx_word' id='word_1_92' title='bbox 657 880 733 912; x_wconf 87' lang='lat' dir='ltr'>intra</span> <span class='ocrx_word' id='word_1_93' title='bbox 764 880 900 925; x_wconf 87' lang='lat' dir='ltr'>pectoris</span> <span class='ocrx_word' id='word_1_94' title='bbox 924 881 1018 913; x_wconf 86' lang='lat' dir='ltr'>nostri</span> 
     </span>
     <span class='ocr_line' id='line_1_23' title="bbox 270 928 1018 974; baseline -0.004 -12"><span class='ocrx_word' id='word_1_95' title='bbox 270 939 381 962; x_wconf 90' lang='lat' dir='ltr'>arcana</span> <span class='ocrx_word' id='word_1_96' title='bbox 416 928 630 969; x_wconf 78' lang='lat' dir='ltr'>revolventes,</span> <span class='ocrx_word' id='word_1_97' title='bbox 669 928 811 962; x_wconf 87' lang='lat' dir='ltr'>eiusdem</span> <span class='ocrx_word' id='word_1_98' title='bbox 852 928 1018 974; x_wconf 74' lang='lat' dir='ltr'>hospitalis</span> 
     </span>
     <span class='ocr_line' id='line_1_24' title="bbox 270 977 1018 1020; baseline 0.001 -10"><span class='ocrx_word' id='word_1_99' title='bbox 270 984 497 1011; x_wconf 72' lang='lat' dir='ltr'>structurarum</span> <span class='ocrx_word' id='word_1_100' title='bbox 527 985 676 1011; x_wconf 87' lang='lat' dir='ltr'>vetustate</span> <span class='ocrx_word' id='word_1_101' title='bbox 712 977 853 1020; x_wconf 85' lang='lat' dir='ltr'>sublata,</span> <span class='ocrx_word' id='word_1_102' title='bbox 893 977 966 1011; x_wconf 88' lang='lat' dir='ltr'>illud</span> <span class='ocrx_word' id='word_1_103' title='bbox 1003 990 1018 1011; x_wconf 81' lang='lat' dir='ltr'>a</span> 
     </span>
     <span class='ocr_line' id='line_1_25' title="bbox 271 1025 1017 1072; baseline 0 -13"><span class='ocrx_word' id='word_1_104' title='bbox 271 1025 488 1060; x_wconf 72' lang='lat' dir='ltr'>fundamentis</span> <span class='ocrx_word' id='word_1_105' title='bbox 509 1027 548 1060; x_wconf 91' lang='lat' dir='ltr'>de</span> <span class='ocrx_word' id='word_1_106' title='bbox 576 1038 679 1065; x_wconf 86' lang='lat' dir='ltr'>novo,</span> <span class='ocrx_word' id='word_1_107' title='bbox 714 1038 808 1072; x_wconf 88' lang='lat' dir='ltr'>opere</span> <span class='ocrx_word' id='word_1_108' title='bbox 834 1027 1017 1061; x_wconf 85' lang='lat' dir='ltr'>condecenti</span> 
     </span>
     <span class='ocr_line' id='line_1_26' title="bbox 270 1074 1019 1122; baseline 0 -12"><span class='ocrx_word' id='word_1_109' title='bbox 270 1075 410 1110; x_wconf 85' lang='lat' dir='ltr'>construi</span> <span class='ocrx_word' id='word_1_110' title='bbox 434 1083 465 1109; x_wconf 86' lang='lat' dir='ltr'>et</span> <span class='ocrx_word' id='word_1_111' title='bbox 485 1074 642 1110; x_wconf 86' lang='lat' dir='ltr'>aedificari</span> <span class='ocrx_word' id='word_1_112' title='bbox 666 1074 810 1118; x_wconf 82' lang='lat' dir='ltr'>fecimus,</span> <span class='ocrx_word' id='word_1_113' title='bbox 831 1084 864 1109; x_wconf 88' lang='lat' dir='ltr'>ut</span> <span class='ocrx_word' id='word_1_114' title='bbox 886 1084 946 1110; x_wconf 90' lang='lat' dir='ltr'>tam</span> <span class='ocrx_word' id='word_1_115' title='bbox 964 1088 1019 1122; x_wconf 89' lang='lat' dir='ltr'>pro</span> 
     </span>
     <span class='ocr_line' id='line_1_27' title="bbox 272 1123 1018 1159; baseline 0 -1"><span class='ocrx_word' id='word_1_116' title='bbox 272 1123 469 1158; x_wconf 88' lang='lat' dir='ltr'>infirmorum</span> <span class='ocrx_word' id='word_1_117' title='bbox 492 1133 523 1159; x_wconf 86' lang='lat' dir='ltr'>et</span> <span class='ocrx_word' id='word_1_118' title='bbox 545 1123 675 1158; x_wconf 87' lang='lat' dir='ltr'>aliarum</span> <span class='ocrx_word' id='word_1_119' title='bbox 694 1124 921 1158; x_wconf 79' lang='lat' dir='ltr'>miserabilium</span> <span class='ocrx_word' id='word_1_120' title='bbox 945 1125 1018 1158; x_wconf 89' lang='lat' dir='ltr'>indi-</span> 
     </span>
     <span class='ocr_line' id='line_1_28' title="bbox 272 1173 1019 1220; baseline 0.001 -13"><span class='ocrx_word' id='word_1_121' title='bbox 272 1173 426 1219; x_wconf 81' lang='lat' dir='ltr'>gentium,</span> <span class='ocrx_word' id='word_1_122' title='bbox 448 1186 543 1220; x_wconf 87' lang='lat' dir='ltr'>quam</span> <span class='ocrx_word' id='word_1_123' title='bbox 571 1173 617 1207; x_wconf 89' lang='lat' dir='ltr'>eis</span> <span class='ocrx_word' id='word_1_124' title='bbox 639 1173 880 1220; x_wconf 90' lang='lat' dir='ltr'>obsequentium</span> <span class='ocrx_word' id='word_1_125' title='bbox 910 1186 1019 1220; x_wconf 89' lang='lat' dir='ltr'>perso-</span> 
     </span>
     <span class='ocr_line' id='line_1_29' title="bbox 273 1222 1019 1268; baseline 0.001 -12"><span class='ocrx_word' id='word_1_126' title='bbox 273 1235 382 1257; x_wconf 86' lang='lat' dir='ltr'>narum</span> <span class='ocrx_word' id='word_1_127' title='bbox 419 1230 450 1257; x_wconf 83' lang='lat' dir='ltr'>et</span> <span class='ocrx_word' id='word_1_128' title='bbox 483 1222 673 1258; x_wconf 70' lang='lat' dir='ltr'>servitorum</span> <span class='ocrx_word' id='word_1_129' title='bbox 701 1222 889 1263; x_wconf 89' lang='lat' dir='ltr'>commodo,</span> <span class='ocrx_word' id='word_1_130' title='bbox 929 1223 1019 1268; x_wconf 85' lang='lat' dir='ltr'>longe</span> 
     </span>
     <span class='ocr_line' id='line_1_30' title="bbox 273 1271 1021 1318; baseline 0.001 -13"><span class='ocrx_word' id='word_1_131' title='bbox 273 1271 394 1318; x_wconf 88' lang='lat' dir='ltr'>lateque</span> <span class='ocrx_word' id='word_1_132' title='bbox 415 1272 647 1318; x_wconf 88' lang='lat' dir='ltr'>ampliavimus,</span> <span class='ocrx_word' id='word_1_133' title='bbox 669 1271 869 1318; x_wconf 85' lang='lat' dir='ltr'>claustraque</span> <span class='ocrx_word' id='word_1_134' title='bbox 889 1280 918 1306; x_wconf 87' lang='lat' dir='ltr'>et</span> <span class='ocrx_word' id='word_1_135' title='bbox 937 1272 1021 1306; x_wconf 80' lang='lat' dir='ltr'>liabi-</span> 
     </span>
     <span class='ocr_line' id='line_1_31' title="bbox 272 1320 1018 1356; baseline 0.001 -2"><span class='ocrx_word' id='word_1_136' title='bbox 272 1321 404 1355; x_wconf 75' lang='lat' dir='ltr'>tationes</span> <span class='ocrx_word' id='word_1_137' title='bbox 425 1333 461 1355; x_wconf 85' lang='lat' dir='ltr'>ac</span> <span class='ocrx_word' id='word_1_138' title='bbox 482 1321 540 1355; x_wconf 89' lang='lat' dir='ltr'>alia</span> <span class='ocrx_word' id='word_1_139' title='bbox 554 1333 626 1355; x_wconf 90' lang='lat' dir='ltr'>cum</span> <span class='ocrx_word' id='word_1_140' title='bbox 646 1320 712 1355; x_wconf 87' lang='lat' dir='ltr'>suis</span> <span class='ocrx_word' id='word_1_141' title='bbox 727 1320 859 1356; x_wconf 82' lang='lat' dir='ltr'>officinis</span> <span class='ocrx_word' id='word_1_142' title='bbox 880 1321 1018 1356; x_wconf 80' lang='lat' dir='ltr'>aedificia</span> 
     </span>
     <span class='ocr_line' id='line_1_32' title="bbox 272 1369 1020 1417; baseline 0 -12"><span class='ocrx_word' id='word_1_143' title='bbox 272 1369 478 1405; x_wconf 77' lang='lat' dir='ltr'>eminentiora</span> <span class='ocrx_word' id='word_1_144' title='bbox 500 1382 536 1405; x_wconf 94' lang='lat' dir='ltr'>ac</span> <span class='ocrx_word' id='word_1_145' title='bbox 559 1369 694 1413; x_wconf 74' lang='lat' dir='ltr'>utiliora,</span> <span class='ocrx_word' id='word_1_146' title='bbox 715 1370 809 1404; x_wconf 84' lang='lat' dir='ltr'>etiam</span> <span class='ocrx_word' id='word_1_147' title='bbox 839 1383 894 1417; x_wconf 82' lang='lat' dir='ltr'>pre</span> <span class='ocrx_word' id='word_1_148' title='bbox 913 1371 1020 1405; x_wconf 83' lang='lat' dir='ltr'>mulie-</span> 
     </span>
     <span class='ocr_line' id='line_1_33' title="bbox 273 1418 1018 1464; baseline 0.001 -11"><span class='ocrx_word' id='word_1_149' title='bbox 273 1418 362 1453; x_wconf 88' lang='lat' dir='ltr'>ribus</span> <span class='ocrx_word' id='word_1_150' title='bbox 389 1427 419 1453; x_wconf 89' lang='lat' dir='ltr'>et</span> <span class='ocrx_word' id='word_1_151' title='bbox 456 1418 626 1453; x_wconf 87' lang='lat' dir='ltr'>infantibus</span> <span class='ocrx_word' id='word_1_152' title='bbox 659 1420 810 1464; x_wconf 80' lang='lat' dir='ltr'>expositis</span> <span class='ocrx_word' id='word_1_153' title='bbox 838 1420 1018 1454; x_wconf 89' lang='lat' dir='ltr'>huiusmodi</span> 
     </span>
     <span class='ocr_line' id='line_1_34' title="bbox 270 1467 1020 1515; baseline 0.003 -13"><span class='ocrx_word' id='word_1_154' title='bbox 270 1467 331 1503; x_wconf 90' lang='lat' dir='ltr'>sub</span> <span class='ocrx_word' id='word_1_155' title='bbox 354 1468 499 1503; x_wconf 86' lang='lat' dir='ltr'>clausura</span> <span class='ocrx_word' id='word_1_156' title='bbox 522 1468 713 1503; x_wconf 83' lang='lat' dir='ltr'>collocandis</span> <span class='ocrx_word' id='word_1_157' title='bbox 735 1478 765 1503; x_wconf 88' lang='lat' dir='ltr'>et</span> <span class='ocrx_word' id='word_1_158' title='bbox 784 1481 840 1515; x_wconf 92' lang='lat' dir='ltr'>pro</span> <span class='ocrx_word' id='word_1_159' title='bbox 863 1469 1020 1504; x_wconf 88' lang='lat' dir='ltr'>nobilibus</span> 
     </span>
     <span class='ocr_line' id='line_1_35' title="bbox 269 1517 1019 1564; baseline 0.001 -12"><span class='ocrx_word' id='word_1_160' title='bbox 269 1529 305 1552; x_wconf 92' lang='lat' dir='ltr'>ac</span> <span class='ocrx_word' id='word_1_161' title='bbox 325 1517 466 1552; x_wconf 84' lang='lat' dir='ltr'>honestis</span> <span class='ocrx_word' id='word_1_162' title='bbox 488 1517 632 1564; x_wconf 90' lang='lat' dir='ltr'>personis</span> <span class='ocrx_word' id='word_1_163' title='bbox 660 1517 792 1552; x_wconf 79' lang='lat' dir='ltr'>infirmis</span> <span class='ocrx_word' id='word_1_164' title='bbox 821 1519 1019 1564; x_wconf 85' lang='lat' dir='ltr'>protendere,</span> 
     </span>
     <span class='ocr_line' id='line_1_36' title="bbox 270 1567 1018 1623; baseline 0.001 -23"><span class='ocrx_word' id='word_1_165' title='bbox 270 1567 641 1609; x_wconf 83' lang='lat' dir='ltr'>et,annuenteDomino,</span> <span class='ocrx_word' id='word_1_166' title='bbox 656 1568 808 1601; x_wconf 90' lang='lat' dir='ltr'>continuo</span> <span class='ocrx_word' id='word_1_167' title='bbox 823 1567 977 1623; x_wconf 83' lang='lat' dir='ltr'>ampliare</span> <span class='ocrx_word' id='word_1_168' title='bbox 991 1576 1018 1603; x_wconf 91' lang='lat' dir='ltr'>et</span> 
     </span>
     <span class='ocr_line' id='line_1_37' title="bbox 270 1617 1020 1664; baseline 0.003 -14"><span class='ocrx_word' id='word_1_169' title='bbox 270 1627 456 1650; x_wconf 90' lang='lat' dir='ltr'>conservare</span> <span class='ocrx_word' id='word_1_170' title='bbox 478 1628 539 1650; x_wconf 92' lang='lat' dir='ltr'>non</span> <span class='ocrx_word' id='word_1_171' title='bbox 563 1628 748 1660; x_wconf 81' lang='lat' dir='ltr'>cessamus,</span> <span class='ocrx_word' id='word_1_172' title='bbox 777 1629 813 1651; x_wconf 89' lang='lat' dir='ltr'>ac</span> <span class='ocrx_word' id='word_1_173' title='bbox 841 1629 896 1663; x_wconf 91' lang='lat' dir='ltr'>pro</span> <span class='ocrx_word' id='word_1_174' title='bbox 920 1617 1020 1664; x_wconf 81' lang='lat' dir='ltr'>ipsius</span> 
     </span>
     <span class='ocr_line' id='line_1_38' title="bbox 270 1665 1017 1712; baseline 0.001 -13"><span class='ocrx_word' id='word_1_175' title='bbox 270 1665 433 1711; x_wconf 84' lang='lat' dir='ltr'>hospitalis</span> <span class='ocrx_word' id='word_1_176' title='bbox 448 1665 672 1712; x_wconf 86' lang='lat' dir='ltr'>supportandis</span> <span class='ocrx_word' id='word_1_177' title='bbox 696 1666 860 1708; x_wconf 86' lang='lat' dir='ltr'>oneribus,</span> <span class='ocrx_word' id='word_1_178' title='bbox 877 1666 1017 1700; x_wconf 86' lang='lat' dir='ltr'>eiusdem</span> 
     </span>
     <span class='ocr_line' id='line_1_39' title="bbox 271 1714 1020 1761; baseline -0.001 -13"><span class='ocrx_word' id='word_1_179' title='bbox 271 1714 435 1760; x_wconf 86' lang='lat' dir='ltr'>hospitalis</span> <span class='ocrx_word' id='word_1_180' title='bbox 463 1723 634 1761; x_wconf 87' lang='lat' dir='ltr'>proventus</span> <span class='ocrx_word' id='word_1_181' title='bbox 665 1715 810 1749; x_wconf 82' lang='lat' dir='ltr'>auximus</span> <span class='ocrx_word' id='word_1_182' title='bbox 837 1723 866 1749; x_wconf 94' lang='lat' dir='ltr'>et</span> <span class='ocrx_word' id='word_1_183' title='bbox 895 1716 925 1749; x_wconf 90' lang='lat' dir='ltr'>iu</span> <span class='ocrx_word' id='word_1_184' title='bbox 953 1716 1020 1751; x_wconf 84' lang='lat' dir='ltr'>dies</span> 
     </span>
     <span class='ocr_line' id='line_1_40' title="bbox 269 1763 599 1810; baseline 0 -12"><span class='ocrx_word' id='word_1_185' title='bbox 269 1775 386 1810; x_wconf 80' lang='lat' dir='ltr'>augere</span> <span class='ocrx_word' id='word_1_186' title='bbox 408 1763 599 1798; x_wconf 83' lang='lat' dir='ltr'>curabimus.</span> 
     </span>
    </p>

    <p class='ocr_par' dir='ltr' id='par_1_6' title="bbox 264 1812 1019 2107">
     <span class='ocr_line' id='line_1_41' title="bbox 318 1812 1018 1861; baseline 0.004 -15"><span class='ocrx_word' id='word_1_187' title='bbox 318 1817 333 1856; x_wconf 62' lang='grc' dir='ltr'>ξ</span> <span class='ocrx_word' id='word_1_188' title='bbox 357 1815 388 1847; x_wconf 80' lang='lat'>5.</span> <span class='ocrx_word' id='word_1_189' title='bbox 417 1812 457 1847; x_wconf 91' lang='lat' dir='ltr'>Et</span> <span class='ocrx_word' id='word_1_190' title='bbox 483 1813 645 1859; x_wconf 87' lang='lat' dir='ltr'>quoniam,</span> <span class='ocrx_word' id='word_1_191' title='bbox 674 1813 754 1848; x_wconf 87' lang='lat' dir='ltr'>inter</span> <span class='ocrx_word' id='word_1_192' title='bbox 777 1813 904 1848; x_wconf 89' lang='lat' dir='ltr'>eosdem</span> <span class='ocrx_word' id='word_1_193' title='bbox 929 1826 1018 1861; x_wconf 88' lang='lat' dir='ltr'>prae-</span> 
     </span>
     <span class='ocr_line' id='line_1_42' title="bbox 269 1861 1019 1909; baseline 0 -12"><span class='ocrx_word' id='word_1_194' title='bbox 269 1861 450 1897; x_wconf 84' lang='lat' dir='ltr'>decessores</span> <span class='ocrx_word' id='word_1_195' title='bbox 462 1871 597 1906; x_wconf 88' lang='lat' dir='ltr'>nostros,</span> <span class='ocrx_word' id='word_1_196' title='bbox 613 1862 777 1908; x_wconf 80' lang='lat' dir='ltr'>Eugenius</span> <span class='ocrx_word' id='word_1_197' title='bbox 793 1862 961 1909; x_wconf 80' lang='lat' dir='ltr'>praefatus,</span> <span class='ocrx_word' id='word_1_198' title='bbox 977 1864 1019 1898; x_wconf 89' lang='lat' dir='ltr'>in—</span> 
     </span>
     <span class='ocr_line' id='line_1_43' title="bbox 267 1911 1018 1959; baseline 0.001 -13"><span class='ocrx_word' id='word_1_199' title='bbox 267 1919 315 1946; x_wconf 89' lang='lat' dir='ltr'>ter</span> <span class='ocrx_word' id='word_1_200' title='bbox 331 1919 444 1956; x_wconf 89' lang='lat' dir='ltr'>cetera,</span> <span class='ocrx_word' id='word_1_201' title='bbox 460 1911 629 1958; x_wconf 89' lang='lat' dir='ltr'>quamdam</span> <span class='ocrx_word' id='word_1_202' title='bbox 644 1912 928 1947; x_wconf 82' lang='lat' dir='ltr'>confraternitatem</span> <span class='ocrx_word' id='word_1_203' title='bbox 946 1925 1018 1959; x_wconf 92' lang='lat' dir='ltr'>pro-</span> 
     </span>
     <span class='ocr_line' id='line_1_44' title="bbox 268 1960 1018 2008; baseline 0.003 -13"><span class='ocrx_word' id='word_1_204' title='bbox 268 1960 378 1995; x_wconf 91' lang='lat' dir='ltr'>borum</span> <span class='ocrx_word' id='word_1_205' title='bbox 406 1962 545 1996; x_wconf 88' lang='lat' dir='ltr'>virorum</span> <span class='ocrx_word' id='word_1_206' title='bbox 579 1973 596 1995; x_wconf 85' lang='lat' dir='ltr'>a</span> <span class='ocrx_word' id='word_1_207' title='bbox 624 1961 920 2008; x_wconf 84' lang='lat' dir='ltr'>praedecessoribus</span> <span class='ocrx_word' id='word_1_208' title='bbox 953 1963 1018 1997; x_wconf 88' lang='lat' dir='ltr'>suis</span> 
     </span>
     <span class='ocr_line' id='line_1_45' title="bbox 267 2010 1018 2050; baseline 0.001 -5"><span class='ocrx_word' id='word_1_209' title='bbox 267 2010 417 2045; x_wconf 86' lang='lat' dir='ltr'>hactenus</span> <span class='ocrx_word' id='word_1_210' title='bbox 439 2011 623 2050; x_wconf 89' lang='lat' dir='ltr'>institutam,</span> <span class='ocrx_word' id='word_1_211' title='bbox 644 2019 717 2044; x_wconf 87' lang='lat' dir='ltr'>tunc</span> <span class='ocrx_word' id='word_1_212' title='bbox 743 2018 845 2045; x_wconf 91' lang='lat' dir='ltr'>tamen</span> <span class='ocrx_word' id='word_1_213' title='bbox 865 2011 1018 2046; x_wconf 89' lang='lat' dir='ltr'>intermis-</span> 
     </span>
     <span class='ocr_line' id='line_1_46' title="bbox 264 2059 1015 2107; baseline 0.001 -14"><span class='ocrx_word' id='word_1_214' title='bbox 264 2071 347 2104; x_wconf 90' lang='lat' dir='ltr'>sam,</span> <span class='ocrx_word' id='word_1_215' title='bbox 387 2071 519 2107; x_wconf 89' lang='lat' dir='ltr'>sperans</span> <span class='ocrx_word' id='word_1_216' title='bbox 551 2072 618 2094; x_wconf 89' lang='lat' dir='ltr'>eam</span> <span class='ocrx_word' id='word_1_217' title='bbox 643 2059 750 2094; x_wconf 89' lang='lat' dir='ltr'>multis</span> <span class='ocrx_word' id='word_1_218' title='bbox 781 2060 883 2095; x_wconf 90' lang='lat' dir='ltr'>modis</span> <span class='ocrx_word' id='word_1_219' title='bbox 916 2061 1015 2096; x_wconf 89' lang='lat' dir='ltr'>eidem</span> 
     </span>
    </p>
   </div>
   <div class='ocr_carea' id='block_1_6' title="bbox 264 2114 1018 2704">
    <p class='ocr_par' dir='ltr' id='par_1_7' title="bbox 264 2114 1018 2270">
     <span class='ocr_line' id='line_1_47' title="bbox 266 2114 1016 2161; baseline 0 -11"><span class='ocrx_word' id='word_1_220' title='bbox 266 2115 410 2161; x_wconf 82' lang='lat' dir='ltr'>hospitali</span> <span class='ocrx_word' id='word_1_221' title='bbox 431 2114 566 2150; x_wconf 90' lang='lat' dir='ltr'>fructum</span> <span class='ocrx_word' id='word_1_222' title='bbox 581 2115 702 2155; x_wconf 83' lang='lat' dir='ltr'>afferre,</span> <span class='ocrx_word' id='word_1_223' title='bbox 726 2127 798 2149; x_wconf 86' lang='lat' dir='ltr'>curn</span> <span class='ocrx_word' id='word_1_224' title='bbox 822 2114 971 2149; x_wconf 90' lang='lat' dir='ltr'>omnibus</span> <span class='ocrx_word' id='word_1_225' title='bbox 989 2116 1016 2150; x_wconf 91' lang='lat' dir='ltr'>ei</span> 
     </span>
     <span class='ocr_line' id='line_1_48' title="bbox 264 2169 1018 2216; baseline -0.003 -11"><span class='ocrx_word' id='word_1_226' title='bbox 264 2170 422 2205; x_wconf 86' lang='lat' dir='ltr'>concessis</span> <span class='ocrx_word' id='word_1_227' title='bbox 438 2169 620 2216; x_wconf 81' lang='lat' dir='ltr'>privilegiis,</span> <span class='ocrx_word' id='word_1_228' title='bbox 637 2169 794 2203; x_wconf 86' lang='lat' dir='ltr'>favoribus</span> <span class='ocrx_word' id='word_1_229' title='bbox 809 2177 838 2202; x_wconf 89' lang='lat' dir='ltr'>et</span> <span class='ocrx_word' id='word_1_230' title='bbox 855 2169 1018 2215; x_wconf 79' lang='lat' dir='ltr'>indulgen-</span> 
     </span>
     <span class='ocr_line' id='line_1_49' title="bbox 266 2222 1015 2270; baseline -0.001 -12"><span class='ocrx_word' id='word_1_231' title='bbox 266 2224 328 2265; x_wconf 87' lang='lat' dir='ltr'>tiis,</span> <span class='ocrx_word' id='word_1_232' title='bbox 345 2236 486 2270; x_wconf 88' lang='lat' dir='ltr'>persnas</span> <span class='ocrx_word' id='word_1_233' title='bbox 501 2225 575 2258; x_wconf 86' lang='lat' dir='ltr'>certi</span> <span class='ocrx_word' id='word_1_234' title='bbox 589 2224 705 2258; x_wconf 86' lang='lat' dir='ltr'>tenoris</span> <span class='ocrx_word' id='word_1_235' title='bbox 716 2222 832 2266; x_wconf 88' lang='lat' dir='ltr'>literas,</span> <span class='ocrx_word' id='word_1_236' title='bbox 847 2223 1015 2258; x_wconf 88' lang='lat' dir='ltr'>innovavit:</span> 
     </span>
    </p>

    <p class='ocr_par' dir='ltr' id='par_1_8' title="bbox 266 2277 1018 2704">
     <span class='ocr_line' id='line_1_50' title="bbox 313 2277 1018 2324; baseline 0.001 -13"><span class='ocrx_word' id='word_1_237' title='bbox 313 2278 333 2324; x_wconf 61' lang='grc'>5</span> <span class='ocrx_word' id='word_1_238' title='bbox 351 2280 384 2312; x_wconf 78' lang='grc'>4.</span> <span class='ocrx_word' id='word_1_239' title='bbox 408 2278 483 2318; x_wconf 81' lang='lat' dir='ltr'>Nos,</span> <span class='ocrx_word' id='word_1_240' title='bbox 507 2277 738 2324; x_wconf 86' lang='lat' dir='ltr'>praedictorum</span> <span class='ocrx_word' id='word_1_241' title='bbox 754 2284 783 2311; x_wconf 88' lang='lat' dir='ltr'>et</span> <span class='ocrx_word' id='word_1_242' title='bbox 798 2277 931 2311; x_wconf 89' lang='lat' dir='ltr'>aliorum</span> <span class='ocrx_word' id='word_1_243' title='bbox 953 2277 1018 2312; x_wconf 83' lang='lat' dir='ltr'>Ro-</span> 
     </span>
     <span class='ocr_line' id='line_1_51' title="bbox 266 2330 1016 2377; baseline -0.001 -11"><span class='ocrx_word' id='word_1_244' title='bbox 266 2344 430 2367; x_wconf 89' lang='lat' dir='ltr'>manorum</span> <span class='ocrx_word' id='word_1_245' title='bbox 440 2331 630 2367; x_wconf 81' lang='lat' dir='ltr'>Pontificum</span> <span class='ocrx_word' id='word_1_246' title='bbox 648 2330 842 2377; x_wconf 82' lang='lat' dir='ltr'>singularum</span> <span class='ocrx_word' id='word_1_247' title='bbox 859 2330 1016 2365; x_wconf 88' lang='lat' dir='ltr'>literarum</span> 
     </span>
     <span class='ocr_line' id='line_1_52' title="bbox 266 2385 1017 2434; baseline -0.003 -13"><span class='ocrx_word' id='word_1_248' title='bbox 266 2386 323 2434; x_wconf 82' lang='lat' dir='ltr'>ipsi</span> <span class='ocrx_word' id='word_1_249' title='bbox 339 2385 486 2434; x_wconf 89' lang='lat' dir='ltr'>hospitali</span> <span class='ocrx_word' id='word_1_250' title='bbox 507 2386 566 2421; x_wconf 75' lang='lat' dir='ltr'>sul)</span> <span class='ocrx_word' id='word_1_251' title='bbox 582 2385 746 2432; x_wconf 76' lang='lat' dir='ltr'>quibusris</span> <span class='ocrx_word' id='word_1_252' title='bbox 769 2385 936 2420; x_wconf 68' lang='lat' dir='ltr'>verborum</span> <span class='ocrx_word' id='word_1_253' title='bbox 956 2385 1017 2419; x_wconf 90' lang='lat' dir='ltr'>for—</span> 
     </span>
     <span class='ocr_line' id='line_1_53' title="bbox 266 2439 1016 2480; baseline -0.004 -4"><span class='ocrx_word' id='word_1_254' title='bbox 266 2441 325 2476; x_wconf 90' lang='lat' dir='ltr'>mis</span> <span class='ocrx_word' id='word_1_255' title='bbox 337 2453 557 2476; x_wconf 87' lang='lat' dir='ltr'>concessarum</span> <span class='ocrx_word' id='word_1_256' title='bbox 573 2448 710 2480; x_wconf 81' lang='lat' dir='ltr'>tenores,</span> <span class='ocrx_word' id='word_1_257' title='bbox 720 2441 816 2474; x_wconf 85' lang='lat' dir='ltr'>series</span> <span class='ocrx_word' id='word_1_258' title='bbox 829 2448 858 2473; x_wconf 87' lang='lat' dir='ltr'>et</span> <span class='ocrx_word' id='word_1_259' title='bbox 870 2439 1016 2479; x_wconf 78' lang='lat' dir='ltr'>effectus,</span> 
     </span>
     <span class='ocr_line' id='line_1_54' title="bbox 266 2493 1017 2541; baseline -0.004 -12"><span class='ocrx_word' id='word_1_260' title='bbox 266 2507 302 2530; x_wconf 92' lang='lat' dir='ltr'>ac</span> <span class='ocrx_word' id='word_1_261' title='bbox 323 2495 348 2529; x_wconf 93' lang='lat' dir='ltr'>si</span> <span class='ocrx_word' id='word_1_262' title='bbox 380 2494 418 2530; x_wconf 89' lang='lat' dir='ltr'>de</span> <span class='ocrx_word' id='word_1_263' title='bbox 447 2494 541 2529; x_wconf 80' lang='lat' dir='ltr'>verbo</span> <span class='ocrx_word' id='word_1_264' title='bbox 568 2494 606 2529; x_wconf 86' lang='lat' dir='ltr'>ad</span> <span class='ocrx_word' id='word_1_265' title='bbox 635 2494 763 2529; x_wconf 83' lang='lat' dir='ltr'>verbum</span> <span class='ocrx_word' id='word_1_266' title='bbox 796 2493 1017 2541; x_wconf 85' lang='lat' dir='ltr'>praesentibus</span> 
     </span>
     <span class='ocr_line' id='line_1_55' title="bbox 267 2546 1018 2595; baseline -0.003 -13"><span class='ocrx_word' id='word_1_267' title='bbox 267 2549 493 2588; x_wconf 84' lang='lat' dir='ltr'>insererentur,</span> <span class='ocrx_word' id='word_1_268' title='bbox 510 2560 566 2595; x_wconf 86' lang='lat' dir='ltr'>pro</span> <span class='ocrx_word' id='word_1_269' title='bbox 583 2548 776 2583; x_wconf 82' lang='lat' dir='ltr'>sufficienter</span> <span class='ocrx_word' id='word_1_270' title='bbox 789 2547 947 2594; x_wconf 78' lang='lat' dir='ltr'>expressis</span> <span class='ocrx_word' id='word_1_271' title='bbox 962 2546 1018 2580; x_wconf 81' lang='lat' dir='ltr'>ha-</span> 
     </span>
     <span class='ocr_line' id='line_1_56' title="bbox 267 2601 1017 2649; baseline -0.004 -12"><span class='ocrx_word' id='word_1_272' title='bbox 267 2602 330 2637; x_wconf 91' lang='lat' dir='ltr'>beri</span> <span class='ocrx_word' id='word_1_273' title='bbox 355 2603 507 2643; x_wconf 82' lang='lat' dir='ltr'>volentes,</span> <span class='ocrx_word' id='word_1_274' title='bbox 535 2610 621 2637; x_wconf 88' lang='lat' dir='ltr'>motu</span> <span class='ocrx_word' id='word_1_275' title='bbox 650 2603 787 2649; x_wconf 87' lang='lat' dir='ltr'>proprio,</span> <span class='ocrx_word' id='word_1_276' title='bbox 811 2614 871 2636; x_wconf 91' lang='lat' dir='ltr'>non</span> <span class='ocrx_word' id='word_1_277' title='bbox 897 2602 934 2636; x_wconf 91' lang='lat' dir='ltr'>ad</span> <span class='ocrx_word' id='word_1_278' title='bbox 958 2601 1017 2635; x_wconf 88' lang='lat' dir='ltr'>ali-</span> 
     </span>
     <span class='ocr_line' id='line_1_57' title="bbox 271 2655 1018 2704; baseline -0.001 -13"><span class='ocrx_word' id='word_1_279' title='bbox 271 2656 361 2692; x_wconf 90' lang='lat' dir='ltr'>cuius</span> <span class='ocrx_word' id='word_1_280' title='bbox 386 2656 475 2692; x_wconf 90' lang='lat' dir='ltr'>nobis</span> <span class='ocrx_word' id='word_1_281' title='bbox 503 2669 600 2704; x_wconf 81' lang='lat' dir='ltr'>super</span> <span class='ocrx_word' id='word_1_282' title='bbox 633 2657 692 2692; x_wconf 84' lang='lat' dir='ltr'>lioc</span> <span class='ocrx_word' id='word_1_283' title='bbox 715 2656 836 2691; x_wconf 85' lang='lat' dir='ltr'>oblatae</span> <span class='ocrx_word' id='word_1_284' title='bbox 860 2655 1018 2703; x_wconf 83' lang='lat' dir='ltr'>petitionis</span> 
     </span>
    </p>
   </div>
   <div class='ocr_carea' id='block_1_7' title="bbox 1692 276 1760 309">
    <p class='ocr_par' dir='ltr' id='par_1_9' title="bbox 1692 276 1760 309">
     <span class='ocr_line' id='line_1_58' title="bbox 1692 276 1760 309; baseline 0 -1"><span class='ocrx_word' id='word_1_285' title='bbox 1692 276 1760 309; x_wconf 68' lang='grc' dir='ltr'>ΞΠ</span> 
     </span>
    </p>
   </div>
   <div class='ocr_carea' id='block_1_8' title="bbox 1060 339 1814 2701">
    <p class='ocr_par' dir='ltr' id='par_1_10' title="bbox 1062 339 1813 1012">
     <span class='ocr_line' id='line_1_59' title="bbox 1065 339 1810 381; baseline 0 -9"><span class='ocrx_word' id='word_1_286' title='bbox 1065 340 1267 381; x_wconf 82' lang='lat' dir='ltr'>instantiam,</span> <span class='ocrx_word' id='word_1_287' title='bbox 1295 339 1349 373; x_wconf 79' lang='lat' dir='ltr'>scd</span> <span class='ocrx_word' id='word_1_288' title='bbox 1375 353 1410 372; x_wconf 76' lang='lat' dir='ltr'>ex</span> <span class='ocrx_word' id='word_1_289' title='bbox 1435 348 1537 373; x_wconf 83' lang='lat' dir='ltr'>nostra</span> <span class='ocrx_word' id='word_1_290' title='bbox 1571 348 1651 373; x_wconf 85' lang='lat' dir='ltr'>certa</span> <span class='ocrx_word' id='word_1_291' title='bbox 1681 340 1810 373; x_wconf 80' lang='lat' dir='ltr'>srieiiti;i</span> 
     </span>
     <span class='ocr_line' id='line_1_60' title="bbox 1062 388 1810 434; baseline 0 -12"><span class='ocrx_word' id='word_1_292' title='bbox 1062 397 1091 422; x_wconf 79' lang='lat' dir='ltr'>et</span> <span class='ocrx_word' id='word_1_293' title='bbox 1119 396 1289 434; x_wconf 84' lang='lat' dir='ltr'>spontanea</span> <span class='ocrx_word' id='word_1_294' title='bbox 1314 388 1482 431; x_wconf 67' lang='lat' dir='ltr'>voluntate,</span> <span class='ocrx_word' id='word_1_295' title='bbox 1511 388 1579 423; x_wconf 88' lang='lat' dir='ltr'>illas</span> <span class='ocrx_word' id='word_1_296' title='bbox 1601 401 1636 423; x_wconf 88' lang='lat' dir='ltr'>ac</span> <span class='ocrx_word' id='word_1_297' title='bbox 1653 390 1756 423; x_wconf 89' lang='lat' dir='ltr'>omnia</span> <span class='ocrx_word' id='word_1_298' title='bbox 1783 399 1810 423; x_wconf 85' lang='lat' dir='ltr'>et</span> 
     </span>
     <span class='ocr_line' id='line_1_61' title="bbox 1063 438 1812 484; baseline 0 -13"><span class='ocrx_word' id='word_1_299' title='bbox 1063 438 1184 483; x_wconf 70' lang='lat' dir='ltr'>singula</span> <span class='ocrx_word' id='word_1_300' title='bbox 1210 438 1239 471; x_wconf 89' lang='lat' dir='ltr'>in</span> <span class='ocrx_word' id='word_1_301' title='bbox 1263 438 1308 472; x_wconf 76' lang='lat' dir='ltr'>eis·</span> <span class='ocrx_word' id='word_1_302' title='bbox 1331 446 1478 472; x_wconf 76' lang='lat' dir='ltr'>contenta</span> <span class='ocrx_word' id='word_1_303' title='bbox 1504 438 1680 484; x_wconf 79' lang='lat' dir='ltr'>privilegia,</span> <span class='ocrx_word' id='word_1_304' title='bbox 1704 439 1812 472; x_wconf 88' lang='lat' dir='ltr'>immn-</span> 
     </span>
     <span class='ocr_line' id='line_1_62' title="bbox 1063 487 1811 533; baseline 0.001 -13"><span class='ocrx_word' id='word_1_305' title='bbox 1063 488 1195 524; x_wconf 77' lang='lat' dir='ltr'>nitates,</span> <span class='ocrx_word' id='word_1_306' title='bbox 1223 487 1454 533; x_wconf 80' lang='lat' dir='ltr'>exemptiones,</span> <span class='ocrx_word' id='word_1_307' title='bbox 1483 487 1653 527; x_wconf 74' lang='lat' dir='ltr'>libertates,</span> <span class='ocrx_word' id='word_1_308' title='bbox 1686 488 1811 533; x_wconf 77' lang='lat' dir='ltr'>gratias.</span> 
     </span>
     <span class='ocr_line' id='line_1_63' title="bbox 1064 536 1813 582; baseline 0 -13"><span class='ocrx_word' id='word_1_309' title='bbox 1064 536 1286 582; x_wconf 67' lang='lat' dir='ltr'>indulgentias,</span> <span class='ocrx_word' id='word_1_310' title='bbox 1312 536 1524 579; x_wconf 74' lang='lat' dir='ltr'>remissiones,</span> <span class='ocrx_word' id='word_1_311' title='bbox 1545 536 1718 574; x_wconf 62' lang='lat' dir='ltr'>facultate--¹</span> <span class='ocrx_word' id='word_1_312' title='bbox 1736 550 1813 569; x_wconf 79' lang='lat' dir='ltr'>ron—</span> 
     </span>
     <span class='ocr_line' id='line_1_64' title="bbox 1062 584 1812 632; baseline 0.001 -13"><span class='ocrx_word' id='word_1_313' title='bbox 1062 586 1221 620; x_wconf 82' lang='lat' dir='ltr'>cessioues</span> <span class='ocrx_word' id='word_1_314' title='bbox 1231 593 1259 619; x_wconf 88' lang='lat' dir='ltr'>et</span> <span class='ocrx_word' id='word_1_315' title='bbox 1271 584 1390 619; x_wconf 86' lang='lat' dir='ltr'>indulta</span> <span class='ocrx_word' id='word_1_316' title='bbox 1403 585 1442 619; x_wconf 90' lang='lat' dir='ltr'>ab</span> <span class='ocrx_word' id='word_1_317' title='bbox 1457 585 1575 620; x_wconf 89' lang='lat' dir='ltr'>eisdem</span> <span class='ocrx_word' id='word_1_318' title='bbox 1588 585 1812 632; x_wconf 75' lang='lat' dir='ltr'>praedecesso-</span> 
     </span>
     <span class='ocr_line' id='line_1_65' title="bbox 1065 634 1812 680; baseline -0.001 -12"><span class='ocrx_word' id='word_1_319' title='bbox 1065 634 1151 668; x_wconf 88' lang='lat' dir='ltr'>ribus</span> <span class='ocrx_word' id='word_1_320' title='bbox 1167 634 1311 680; x_wconf 77' lang='lat' dir='ltr'>liospitali</span> <span class='ocrx_word' id='word_1_321' title='bbox 1329 634 1508 669; x_wconf 87' lang='lat' dir='ltr'>liuiusmodi</span> <span class='ocrx_word' id='word_1_322' title='bbox 1533 634 1682 680; x_wconf 85' lang='lat' dir='ltr'>illiusque</span> <span class='ocrx_word' id='word_1_323' title='bbox 1705 634 1812 669; x_wconf 77' lang='lat' dir='ltr'>Eccle-</span> 
     </span>
     <span class='ocr_line' id='line_1_66' title="bbox 1062 683 1812 730; baseline -0.001 -12"><span class='ocrx_word' id='word_1_324' title='bbox 1062 684 1116 718; x_wconf 87' lang='lat' dir='ltr'>siis</span> <span class='ocrx_word' id='word_1_325' title='bbox 1132 692 1161 718; x_wconf 89' lang='lat' dir='ltr'>et</span> <span class='ocrx_word' id='word_1_326' title='bbox 1173 683 1335 723; x_wconf 79' lang='lat' dir='ltr'>membriS,</span> <span class='ocrx_word' id='word_1_327' title='bbox 1346 696 1399 730; x_wconf 87' lang='lat' dir='ltr'>per</span> <span class='ocrx_word' id='word_1_328' title='bbox 1408 684 1536 718; x_wconf 90' lang='lat' dir='ltr'>eosdem</span> <span class='ocrx_word' id='word_1_329' title='bbox 1549 683 1812 730; x_wconf 80' lang='lat' dir='ltr'>praedecessores</span> 
     </span>
     <span class='ocr_line' id='line_1_67' title="bbox 1062 732 1812 777; baseline 0.001 -11"><span class='ocrx_word' id='word_1_330' title='bbox 1062 745 1221 771; x_wconf 83' lang='lat' dir='ltr'>concessa,</span> <span class='ocrx_word' id='word_1_331' title='bbox 1234 732 1449 777; x_wconf 85' lang='lat' dir='ltr'>praesentibus</span> <span class='ocrx_word' id='word_1_332' title='bbox 1459 741 1561 768; x_wconf 86' lang='lat' dir='ltr'>tamen</span> <span class='ocrx_word' id='word_1_333' title='bbox 1574 745 1635 767; x_wconf 90' lang='lat' dir='ltr'>uon</span> <span class='ocrx_word' id='word_1_334' title='bbox 1646 734 1812 775; x_wconf 75' lang='lat' dir='ltr'>contraria,</span> 
     </span>
     <span class='ocr_line' id='line_1_68' title="bbox 1062 782 1811 829; baseline 0 -14"><span class='ocrx_word' id='word_1_335' title='bbox 1062 782 1244 815; x_wconf 57' lang='lat' dir='ltr'>austeritate</span> <span class='ocrx_word' id='word_1_336' title='bbox 1262 782 1444 827; x_wconf 85' lang='lat' dir='ltr'>apostolica,</span> <span class='ocrx_word' id='word_1_337' title='bbox 1467 790 1575 817; x_wconf 79' lang='lat' dir='ltr'>tenore</span> <span class='ocrx_word' id='word_1_338' title='bbox 1599 782 1811 829; x_wconf 88' lang='lat' dir='ltr'>praesentium</span> 
     </span>
     <span class='ocr_line' id='line_1_69' title="bbox 1062 831 1811 885; baseline 0.003 -22"><span class='ocrx_word' id='word_1_339' title='bbox 1062 832 1285 864; x_wconf 71' lang='lat' dir='ltr'>confirmamus</span> <span class='ocrx_word' id='word_1_340' title='bbox 1297 831 1562 885; x_wconf 21' lang='lat' dir='ltr'>ewtapprobamus</span> <span class='ocrx_word' id='word_1_341' title='bbox 1575 832 1811 878; x_wconf 83' lang='lat' dir='ltr'>praesentisque</span> 
     </span>
     <span class='ocr_line' id='line_1_70' title="bbox 1062 880 1811 928; baseline 0.001 -15.001"><span class='ocrx_word' id='word_1_342' title='bbox 1062 880 1168 926; x_wconf 84' lang='lat' dir='ltr'>scripti</span> <span class='ocrx_word' id='word_1_343' title='bbox 1206 880 1376 925; x_wconf 86' lang='lat' dir='ltr'>patrocinio</span> <span class='ocrx_word' id='word_1_344' title='bbox 1404 881 1652 920; x_wconf 84' lang='lat' dir='ltr'>communimus,</span> <span class='ocrx_word' id='word_1_345' title='bbox 1682 881 1811 928; x_wconf 88' lang='lat' dir='ltr'>illasque</span> 
     </span>
     <span class='ocr_line' id='line_1_71' title="bbox 1062 929 1811 975; baseline 0.003 -13"><span class='ocrx_word' id='word_1_346' title='bbox 1062 937 1091 962; x_wconf 68' lang='grc' dir='ltr'>«ι</span> <span class='ocrx_word' id='word_1_347' title='bbox 1115 929 1163 963; x_wconf 86' lang='lat' dir='ltr'>illa</span> <span class='ocrx_word' id='word_1_348' title='bbox 1187 938 1340 975; x_wconf 83' lang='lat' dir='ltr'>perpetuo</span> <span class='ocrx_word' id='word_1_349' title='bbox 1364 929 1484 964; x_wconf 86' lang='lat' dir='ltr'>viribus</span> <span class='ocrx_word' id='word_1_350' title='bbox 1507 930 1679 965; x_wconf 87' lang='lat' dir='ltr'>subsistere</span> <span class='ocrx_word' id='word_1_351' title='bbox 1698 930 1811 964; x_wconf 86' lang='lat' dir='ltr'>decer-</span> 
     </span>
     <span class='ocr_line' id='line_1_72' title="bbox 1063 978 1180 1012; baseline 0 -1"><span class='ocrx_word' id='word_1_352' title='bbox 1063 978 1180 1012; x_wconf 88' lang='lat' dir='ltr'>nimus.</span> 
     </span>
    </p>

    <p class='ocr_par' dir='ltr' id='par_1_11' title="bbox 1062 1027 1813 1555">
     <span class='ocr_line' id='line_1_73' title="bbox 1111 1027 1812 1073; baseline 0.001 -12"><span class='ocrx_word' id='word_1_353' title='bbox 1111 1028 1130 1073; x_wconf 58' lang='lat' dir='ltr'><strong>g</strong></span> <span class='ocrx_word' id='word_1_354' title='bbox 1159 1029 1189 1061; x_wconf 74' lang='grc' dir='ltr'>ὃ.</span> <span class='ocrx_word' id='word_1_355' title='bbox 1218 1027 1361 1072; x_wconf 80' lang='lat' dir='ltr'>Necnon,</span> <span class='ocrx_word' id='word_1_356' title='bbox 1383 1028 1421 1062; x_wconf 90' lang='lat' dir='ltr'>ad</span> <span class='ocrx_word' id='word_1_357' title='bbox 1461 1027 1612 1062; x_wconf 86' lang='lat' dir='ltr'>honorem</span> <span class='ocrx_word' id='word_1_358' title='bbox 1647 1036 1677 1062; x_wconf 86' lang='lat' dir='ltr'>et</span> <span class='ocrx_word' id='word_1_359' title='bbox 1715 1028 1812 1063; x_wconf 89' lang='lat' dir='ltr'>decus</span> 
     </span>
     <span class='ocr_line' id='line_1_74' title="bbox 1062 1126 1811 1173; baseline 0 -13"><span class='ocrx_word' id='word_1_360' title='bbox 1062 1135 1207 1172; x_wconf 82' lang='lat' dir='ltr'>ctnmque</span> <span class='ocrx_word' id='word_1_361' title='bbox 1223 1126 1511 1160; x_wconf 85' lang='lat' dir='ltr'>confraternitatem</span> <span class='ocrx_word' id='word_1_362' title='bbox 1540 1126 1570 1160; x_wconf 93' lang='lat' dir='ltr'>in</span> <span class='ocrx_word' id='word_1_363' title='bbox 1594 1126 1677 1160; x_wconf 88' lang='lat' dir='ltr'>dicto</span> <span class='ocrx_word' id='word_1_364' title='bbox 1701 1126 1811 1173; x_wconf 86' lang='lat' dir='ltr'>bospi-</span> 
     </span>
     <span class='ocr_line' id='line_1_75' title="bbox 1064 1175 1808 1221; baseline 0.001 -13"><span class='ocrx_word' id='word_1_365' title='bbox 1064 1175 1126 1214; x_wconf 84' lang='lat' dir='ltr'>tali,</span> <span class='ocrx_word' id='word_1_366' title='bbox 1156 1187 1210 1221; x_wconf 89' lang='lat' dir='ltr'>pro</span> <span class='ocrx_word' id='word_1_367' title='bbox 1245 1175 1328 1209; x_wconf 91' lang='lat' dir='ltr'>illius</span> <span class='ocrx_word' id='word_1_368' title='bbox 1365 1188 1401 1210; x_wconf 89' lang='lat' dir='ltr'>ac</span> <span class='ocrx_word' id='word_1_369' title='bbox 1437 1175 1592 1210; x_wconf 89' lang='lat' dir='ltr'>bonorum</span> <span class='ocrx_word' id='word_1_370' title='bbox 1627 1182 1658 1209; x_wconf 85' lang='lat' dir='ltr'>et</span> <span class='ocrx_word' id='word_1_371' title='bbox 1693 1176 1808 1209; x_wconf 89' lang='lat' dir='ltr'>iurium</span> 
     </span>
     <span class='ocr_line' id='line_1_76' title="bbox 1063 1224 1812 1271; baseline 0 -13"><span class='ocrx_word' id='word_1_372' title='bbox 1063 1224 1205 1258; x_wconf 90' lang='lat' dir='ltr'>eiusdem</span> <span class='ocrx_word' id='word_1_373' title='bbox 1229 1225 1476 1267; x_wconf 82' lang='lat' dir='ltr'>conservatione,</span> <span class='ocrx_word' id='word_1_374' title='bbox 1493 1224 1676 1259; x_wconf 88' lang='lat' dir='ltr'>defensione</span> <span class='ocrx_word' id='word_1_375' title='bbox 1697 1233 1727 1259; x_wconf 90' lang='lat' dir='ltr'>et</span> <span class='ocrx_word' id='word_1_376' title='bbox 1744 1237 1812 1271; x_wconf 88' lang='lat' dir='ltr'>pro-</span> 
     </span>
     <span class='ocr_line' id='line_1_77' title="bbox 1064 1273 1811 1321; baseline -0.001 -14"><span class='ocrx_word' id='word_1_377' title='bbox 1064 1273 1198 1308; x_wconf 82' lang='lat' dir='ltr'>tectione</span> <span class='ocrx_word' id='word_1_378' title='bbox 1215 1282 1379 1321; x_wconf 86' lang='lat' dir='ltr'>perpetua,</span> <span class='ocrx_word' id='word_1_379' title='bbox 1397 1286 1433 1308; x_wconf 88' lang='lat' dir='ltr'>ac</span> <span class='ocrx_word' id='word_1_380' title='bbox 1455 1273 1513 1308; x_wconf 87' lang='lat' dir='ltr'>sub</span> <span class='ocrx_word' id='word_1_381' title='bbox 1533 1274 1635 1308; x_wconf 91' lang='lat' dir='ltr'>modis</span> <span class='ocrx_word' id='word_1_382' title='bbox 1657 1282 1687 1308; x_wconf 89' lang='lat' dir='ltr'>et</span> <span class='ocrx_word' id='word_1_383' title='bbox 1703 1274 1811 1308; x_wconf 83' lang='lat' dir='ltr'>formis</span> 
     </span>
     <span class='ocr_line' id='line_1_78' title="bbox 1062 1323 1812 1370; baseline 0 -13"><span class='ocrx_word' id='word_1_384' title='bbox 1062 1335 1097 1358; x_wconf 88' lang='lat' dir='ltr'>ac</span> <span class='ocrx_word' id='word_1_385' title='bbox 1108 1323 1365 1357; x_wconf 88' lang='lat' dir='ltr'>conclusionibus</span> <span class='ocrx_word' id='word_1_386' title='bbox 1381 1323 1595 1370; x_wconf 80' lang='lat' dir='ltr'>infrascriptis,</span> <span class='ocrx_word' id='word_1_387' title='bbox 1606 1323 1812 1361; x_wconf 88' lang='lat' dir='ltr'>motu,scien-</span> 
     </span>
     <span class='ocr_line' id='line_1_79' title="bbox 1064 1371 1812 1416; baseline 0 -10"><span class='ocrx_word' id='word_1_388' title='bbox 1064 1373 1103 1406; x_wconf 86' lang='lat' dir='ltr'>tia</span> <span class='ocrx_word' id='word_1_389' title='bbox 1131 1381 1161 1406; x_wconf 90' lang='lat' dir='ltr'>et</span> <span class='ocrx_word' id='word_1_390' title='bbox 1187 1374 1373 1407; x_wconf 89' lang='lat' dir='ltr'>auctoritate</span> <span class='ocrx_word' id='word_1_391' title='bbox 1393 1371 1563 1416; x_wconf 88' lang='lat' dir='ltr'>similibus,</span> <span class='ocrx_word' id='word_1_392' title='bbox 1585 1372 1677 1406; x_wconf 88' lang='lat' dir='ltr'>etiam</span> <span class='ocrx_word' id='word_1_393' title='bbox 1697 1371 1736 1405; x_wconf 88' lang='lat' dir='ltr'>de</span> <span class='ocrx_word' id='word_1_394' title='bbox 1751 1371 1812 1406; x_wconf 88' lang='lat' dir='ltr'>fra-</span> 
     </span>
     <span class='ocr_line' id='line_1_80' title="bbox 1064 1421 1812 1466; baseline -0.001 -11"><span class='ocrx_word' id='word_1_395' title='bbox 1064 1431 1143 1456; x_wconf 83' lang='lat' dir='ltr'>trum</span> <span class='ocrx_word' id='word_1_396' title='bbox 1169 1429 1346 1456; x_wconf 87' lang='lat' dir='ltr'>nostrorum</span> <span class='ocrx_word' id='word_1_397' title='bbox 1366 1433 1522 1456; x_wconf 90' lang='lat' dir='ltr'>consensu</span> <span class='ocrx_word' id='word_1_398' title='bbox 1546 1421 1698 1461; x_wconf 87' lang='lat' dir='ltr'>unanimi,</span> <span class='ocrx_word' id='word_1_399' title='bbox 1713 1422 1812 1466; x_wconf 82' lang='lat' dir='ltr'>erigi-</span> 
     </span>
     <span class='ocr_line' id='line_1_81' title="bbox 1064 1471 1813 1518; baseline -0.001 -13"><span class='ocrx_word' id='word_1_400' title='bbox 1064 1483 1151 1515; x_wconf 89' lang='lat' dir='ltr'>mus,</span> <span class='ocrx_word' id='word_1_401' title='bbox 1183 1471 1327 1515; x_wconf 89' lang='lat' dir='ltr'>facimus,</span> <span class='ocrx_word' id='word_1_402' title='bbox 1349 1483 1494 1506; x_wconf 84' lang='lat' dir='ltr'>creamus</span> <span class='ocrx_word' id='word_1_403' title='bbox 1526 1478 1555 1505; x_wconf 88' lang='lat' dir='ltr'>et</span> <span class='ocrx_word' id='word_1_404' title='bbox 1582 1479 1735 1518; x_wconf 86' lang='lat' dir='ltr'>perpetuo</span> <span class='ocrx_word' id='word_1_405' title='bbox 1762 1482 1813 1504; x_wconf 83' lang='lat' dir='ltr'>or·</span> 
     </span>
     <span class='ocr_line' id='line_1_82' title="bbox 1062 1520 1219 1555; baseline 0 -1"><span class='ocrx_word' id='word_1_406' title='bbox 1062 1520 1219 1555; x_wconf 88' lang='lat' dir='ltr'>dinamus.</span> 
     </span>
    </p>

    <p class='ocr_par' dir='ltr' id='par_1_12' title="bbox 1061 1568 1814 2010">
     <span class='ocr_line' id='line_1_83' title="bbox 1112 1568 1811 1616; baseline -0.003 -12"><span class='ocrx_word' id='word_1_407' title='bbox 1112 1570 1131 1616; x_wconf 58' lang='lat' dir='ltr'>g</span> <span class='ocrx_word' id='word_1_408' title='bbox 1158 1571 1190 1604; x_wconf 80' lang='lat'>6.</span> <span class='ocrx_word' id='word_1_409' title='bbox 1221 1570 1257 1604; x_wconf 83' lang='lat' dir='ltr'>Et</span> <span class='ocrx_word' id='word_1_410' title='bbox 1281 1578 1312 1604; x_wconf 90' lang='lat' dir='ltr'>ut</span> <span class='ocrx_word' id='word_1_411' title='bbox 1328 1569 1408 1604; x_wconf 87' lang='lat' dir='ltr'>dicta</span> <span class='ocrx_word' id='word_1_412' title='bbox 1429 1578 1536 1604; x_wconf 86' lang='lat' dir='ltr'>sancta</span> <span class='ocrx_word' id='word_1_413' title='bbox 1559 1568 1811 1609; x_wconf 86' lang='lat' dir='ltr'>confraternitas,</span> 
     </span>
     <span class='ocr_line' id='line_1_84' title="bbox 1064 1618 1812 1665; baseline -0.004 -11"><span class='ocrx_word' id='word_1_414' title='bbox 1064 1631 1117 1665; x_wconf 88' lang='lat' dir='ltr'>per</span> <span class='ocrx_word' id='word_1_415' title='bbox 1152 1631 1209 1653; x_wconf 84' lang='lat' dir='ltr'>uos</span> <span class='ocrx_word' id='word_1_416' title='bbox 1232 1620 1262 1653; x_wconf 90' lang='lat' dir='ltr'>iu</span> <span class='ocrx_word' id='word_1_417' title='bbox 1292 1620 1539 1664; x_wconf 82' lang='lat' dir='ltr'>praesentiarum</span> <span class='ocrx_word' id='word_1_418' title='bbox 1568 1619 1613 1652; x_wconf 88' lang='lat' dir='ltr'>sic</span> <span class='ocrx_word' id='word_1_419' title='bbox 1647 1618 1812 1661; x_wconf 86' lang='lat' dir='ltr'>instituta,</span> 
     </span>
     <span class='ocr_line' id='line_1_85' title="bbox 1063 1667 1813 1715; baseline -0.001 -13"><span class='ocrx_word' id='word_1_420' title='bbox 1063 1669 1190 1714; x_wconf 82' lang='lat' dir='ltr'>plenum</span> <span class='ocrx_word' id='word_1_421' title='bbox 1206 1677 1235 1703; x_wconf 89' lang='lat' dir='ltr'>et</span> <span class='ocrx_word' id='word_1_422' title='bbox 1258 1676 1398 1715; x_wconf 86' lang='lat' dir='ltr'>optatum</span> <span class='ocrx_word' id='word_1_423' title='bbox 1415 1668 1563 1702; x_wconf 87' lang='lat' dir='ltr'>sortiatur</span> <span class='ocrx_word' id='word_1_424' title='bbox 1578 1667 1738 1711; x_wconf 82' lang='lat' dir='ltr'>effectum,</span> <span class='ocrx_word' id='word_1_425' title='bbox 1757 1679 1813 1701; x_wconf 90' lang='lat' dir='ltr'>nos</span> 
     </span>
     <span class='ocr_line' id='line_1_86' title="bbox 1063 1716 1813 1763; baseline -0.001 -12"><span class='ocrx_word' id='word_1_426' title='bbox 1063 1718 1146 1752; x_wconf 89' lang='lat' dir='ltr'>illam</span> <span class='ocrx_word' id='word_1_427' title='bbox 1181 1726 1210 1751; x_wconf 84' lang='lat' dir='ltr'>et</span> <span class='ocrx_word' id='word_1_428' title='bbox 1245 1718 1362 1763; x_wconf 83' lang='lat' dir='ltr'>singuli</span> <span class='ocrx_word' id='word_1_429' title='bbox 1394 1729 1431 1752; x_wconf 81' lang='lat' dir='ltr'>ex</span> <span class='ocrx_word' id='word_1_430' title='bbox 1463 1717 1631 1763; x_wconf 87' lang='lat' dir='ltr'>praedictis</span> <span class='ocrx_word' id='word_1_431' title='bbox 1664 1716 1813 1751; x_wconf 88' lang='lat' dir='ltr'>fratribus</span> 
     </span>
     <span class='ocr_line' id='line_1_87' title="bbox 1062 1765 1814 1802; baseline -0.003 0"><span class='ocrx_word' id='word_1_432' title='bbox 1062 1767 1176 1802; x_wconf 90' lang='lat' dir='ltr'>nostris</span> <span class='ocrx_word' id='word_1_433' title='bbox 1211 1767 1245 1801; x_wconf 83' lang='lat' dir='ltr'>S.</span> <span class='ocrx_word' id='word_1_434' title='bbox 1276 1767 1314 1801; x_wconf 86' lang='lat' dir='ltr'>R.</span> <span class='ocrx_word' id='word_1_435' title='bbox 1350 1766 1387 1801; x_wconf 87' lang='lat' dir='ltr'>E.</span> <span class='ocrx_word' id='word_1_436' title='bbox 1416 1765 1626 1801; x_wconf 88' lang='lat' dir='ltr'>cardinalibus</span> <span class='ocrx_word' id='word_1_437' title='bbox 1660 1779 1695 1800; x_wconf 80' lang='lat' dir='ltr'>ex</span> <span class='ocrx_word' id='word_1_438' title='bbox 1730 1778 1814 1800; x_wconf 90' lang='lat' dir='ltr'>nunc</span> 
     </span>
     <span class='ocr_line' id='line_1_88' title="bbox 1062 1815 1812 1863; baseline -0.003 -13"><span class='ocrx_word' id='word_1_439' title='bbox 1062 1816 1269 1862; x_wconf 78' lang='lat' dir='ltr'>ingredimur,</span> <span class='ocrx_word' id='word_1_440' title='bbox 1300 1824 1394 1863; x_wconf 87' lang='lat' dir='ltr'>atque</span> <span class='ocrx_word' id='word_1_441' title='bbox 1430 1828 1525 1850; x_wconf 90' lang='lat' dir='ltr'>manu</span> <span class='ocrx_word' id='word_1_442' title='bbox 1549 1815 1674 1862; x_wconf 88' lang='lat' dir='ltr'>propria</span> <span class='ocrx_word' id='word_1_443' title='bbox 1706 1828 1762 1849; x_wconf 82' lang='lat' dir='ltr'>nos</span> <span class='ocrx_word' id='word_1_444' title='bbox 1784 1823 1812 1849; x_wconf 87' lang='lat' dir='ltr'>et</span> 
     </span>
     <span class='ocr_line' id='line_1_89' title="bbox 1063 1864 1811 1912; baseline 0 -15"><span class='ocrx_word' id='word_1_445' title='bbox 1063 1867 1201 1912; x_wconf 87' lang='lat' dir='ltr'>ipsorum</span> <span class='ocrx_word' id='word_1_446' title='bbox 1225 1866 1339 1910; x_wconf 78' lang='lat' dir='ltr'>singuli</span> <span class='ocrx_word' id='word_1_447' title='bbox 1361 1867 1391 1899; x_wconf 92' lang='lat' dir='ltr'>in</span> <span class='ocrx_word' id='word_1_448' title='bbox 1413 1864 1551 1911; x_wconf 87' lang='lat' dir='ltr'>quodam</span> <span class='ocrx_word' id='word_1_449' title='bbox 1570 1864 1648 1898; x_wconf 85' lang='lat' dir='ltr'>libro</span> <span class='ocrx_word' id='word_1_450' title='bbox 1671 1864 1811 1899; x_wconf 90' lang='lat' dir='ltr'>eiusdem</span> 
     </span>
     <span class='ocr_line' id='line_1_90' title="bbox 1061 1913 1814 1958; baseline -0.001 -10"><span class='ocrx_word' id='word_1_451' title='bbox 1061 1923 1186 1949; x_wconf 89' lang='lat' dir='ltr'>sauctae</span> <span class='ocrx_word' id='word_1_452' title='bbox 1202 1915 1481 1958; x_wconf 86' lang='lat' dir='ltr'>confraternitatis,</span> <span class='ocrx_word' id='word_1_453' title='bbox 1497 1913 1678 1948; x_wconf 84' lang='lat' dir='ltr'>huiusmodi</span> <span class='ocrx_word' id='word_1_454' title='bbox 1693 1914 1730 1948; x_wconf 92' lang='lat' dir='ltr'>ad</span> <span class='ocrx_word' id='word_1_455' title='bbox 1742 1913 1814 1948; x_wconf 78' lang='lat' dir='ltr'>effe-</span> 
     </span>
     <span class='ocr_line' id='line_1_91' title="bbox 1062 1963 1811 2010; baseline -0.003 -12"><span class='ocrx_word' id='word_1_456' title='bbox 1062 1972 1162 2007; x_wconf 86' lang='lat' dir='ltr'>ctum,</span> <span class='ocrx_word' id='word_1_457' title='bbox 1191 1964 1313 2010; x_wconf 76' lang='lat' dir='ltr'>singula</span> <span class='ocrx_word' id='word_1_458' title='bbox 1337 1964 1463 1998; x_wconf 90' lang='lat' dir='ltr'>nomina</span> <span class='ocrx_word' id='word_1_459' title='bbox 1486 1964 1545 1998; x_wconf 89' lang='lat' dir='ltr'>iam</span> <span class='ocrx_word' id='word_1_460' title='bbox 1573 1963 1811 2010; x_wconf 83' lang='lat' dir='ltr'>descripsimus.</span> 
     </span>
    </p>

    <p class='ocr_par' dir='ltr' id='par_1_13' title="bbox 1060 2012 1814 2701">
     <span class='ocr_line' id='line_1_92' title="bbox 1109 2012 1812 2060; baseline -0.001 -13"><span class='ocrx_word' id='word_1_461' title='bbox 1109 2014 1128 2060; x_wconf 57' lang='lat' dir='ltr'>g</span> <span class='ocrx_word' id='word_1_462' title='bbox 1152 2016 1183 2047; x_wconf 88' lang='lat'>7.</span> <span class='ocrx_word' id='word_1_463' title='bbox 1206 2013 1253 2047; x_wconf 78' lang='lat' dir='ltr'>Ac</span> <span class='ocrx_word' id='word_1_464' title='bbox 1276 2021 1374 2051; x_wconf 75' lang='lat' dir='ltr'>motu.</span> <span class='ocrx_word' id='word_1_465' title='bbox 1403 2012 1588 2047; x_wconf 81' lang='lat' dir='ltr'>auctoritate</span> <span class='ocrx_word' id='word_1_466' title='bbox 1619 2021 1648 2046; x_wconf 87' lang='lat' dir='ltr'>et</span> <span class='ocrx_word' id='word_1_467' title='bbox 1683 2012 1812 2046; x_wconf 85' lang='lat' dir='ltr'>scientia</span> 
     </span>
     <span class='ocr_line' id='line_1_93' title="bbox 1063 2061 1813 2109; baseline 0 -14"><span class='ocrx_word' id='word_1_468' title='bbox 1063 2062 1249 2109; x_wconf 85' lang='lat' dir='ltr'>praedictis,</span> <span class='ocrx_word' id='word_1_469' title='bbox 1284 2074 1320 2097; x_wconf 94' lang='lat' dir='ltr'>ac</span> <span class='ocrx_word' id='word_1_470' title='bbox 1356 2061 1559 2108; x_wconf 81' lang='lat' dir='ltr'>irrefragabili</span> <span class='ocrx_word' id='word_1_471' title='bbox 1588 2061 1813 2095; x_wconf 87' lang='lat' dir='ltr'>constitutione</span> 
     </span>
     <span class='ocr_line' id='line_1_94' title="bbox 1063 2114 1813 2163; baseline -0.001 -13"><span class='ocrx_word' id='word_1_472' title='bbox 1063 2125 1214 2163; x_wconf 85' lang='lat' dir='ltr'>perpetuo</span> <span class='ocrx_word' id='word_1_473' title='bbox 1243 2115 1371 2150; x_wconf 79' lang='lat' dir='ltr'>valitura</span> <span class='ocrx_word' id='word_1_474' title='bbox 1387 2116 1556 2150; x_wconf 87' lang='lat' dir='ltr'>statuimus</span> <span class='ocrx_word' id='word_1_475' title='bbox 1577 2123 1607 2150; x_wconf 84' lang='lat' dir='ltr'>et</span> <span class='ocrx_word' id='word_1_476' title='bbox 1629 2114 1813 2149; x_wconf 86' lang='lat' dir='ltr'>ordinamus</span> 
     </span>
     <span class='ocr_line' id='line_1_95' title="bbox 1060 2167 1812 2217; baseline -0.004 -13"><span class='ocrx_word' id='word_1_477' title='bbox 1060 2171 1144 2217; x_wconf 81' lang='lat' dir='ltr'>quod</span> <span class='ocrx_word' id='word_1_478' title='bbox 1159 2171 1357 2216; x_wconf 73' lang='lat' dir='ltr'>singulorum</span> <span class='ocrx_word' id='word_1_479' title='bbox 1372 2170 1537 2215; x_wconf 84' lang='lat' dir='ltr'>utriusque</span> <span class='ocrx_word' id='word_1_480' title='bbox 1553 2181 1648 2203; x_wconf 79' lang='lat' dir='ltr'>sexus</span> <span class='ocrx_word' id='word_1_481' title='bbox 1662 2167 1812 2209; x_wconf 85' lang='lat' dir='ltr'>fidelium,</span> 
     </span>
     <span class='ocr_line' id='line_1_96' title="bbox 1061 2221 1813 2264; baseline -0.003 -6"><span class='ocrx_word' id='word_1_482' title='bbox 1061 2224 1211 2259; x_wconf 83' lang='lat' dir='ltr'>honestae</span> <span class='ocrx_word' id='word_1_483' title='bbox 1240 2232 1343 2258; x_wconf 85' lang='lat' dir='ltr'>tamen</span> <span class='ocrx_word' id='word_1_484' title='bbox 1369 2222 1616 2257; x_wconf 83' lang='lat' dir='ltr'>conversationis</span> <span class='ocrx_word' id='word_1_485' title='bbox 1648 2229 1677 2255; x_wconf 89' lang='lat' dir='ltr'>et</span> <span class='ocrx_word' id='word_1_486' title='bbox 1700 2221 1813 2264; x_wconf 85' lang='lat' dir='ltr'>famae,</span> 
     </span>
     <span class='ocr_line' id='line_1_97' title="bbox 1061 2277 1813 2322; baseline -0.005 -10"><span class='ocrx_word' id='word_1_487' title='bbox 1061 2278 1140 2312; x_wconf 78' lang='lat' dir='ltr'>lianc</span> <span class='ocrx_word' id='word_1_488' title='bbox 1157 2277 1442 2312; x_wconf 87' lang='lat' dir='ltr'>confraternitatem</span> <span class='ocrx_word' id='word_1_489' title='bbox 1458 2287 1543 2310; x_wconf 90' lang='lat' dir='ltr'>nunc</span> <span class='ocrx_word' id='word_1_490' title='bbox 1557 2284 1586 2309; x_wconf 91' lang='lat' dir='ltr'>et</span> <span class='ocrx_word' id='word_1_491' title='bbox 1602 2286 1658 2322; x_wconf 89' lang='lat' dir='ltr'>pro</span> <span class='ocrx_word' id='word_1_492' title='bbox 1673 2283 1813 2322; x_wconf 86' lang='lat' dir='ltr'>tempore</span> 
     </span>
     <span class='ocr_line' id='line_1_98' title="bbox 1062 2329 1811 2376; baseline -0.005 -10"><span class='ocrx_word' id='word_1_493' title='bbox 1062 2333 1177 2366; x_wconf 88' lang='lat' dir='ltr'>intrare</span> <span class='ocrx_word' id='word_1_494' title='bbox 1212 2331 1404 2369; x_wconf 85' lang='lat' dir='ltr'>volentium,</span> <span class='ocrx_word' id='word_1_495' title='bbox 1439 2331 1468 2364; x_wconf 93' lang='lat' dir='ltr'>in</span> <span class='ocrx_word' id='word_1_496' title='bbox 1492 2329 1577 2364; x_wconf 92' lang='lat' dir='ltr'>Urbe</span> <span class='ocrx_word' id='word_1_497' title='bbox 1600 2329 1811 2376; x_wconf 87' lang='lat' dir='ltr'>praesentium</span> 
     </span>
     <span class='ocr_line' id='line_1_99' title="bbox 1062 2383 1812 2433; baseline -0.004 -14"><span class='ocrx_word' id='word_1_498' title='bbox 1062 2399 1116 2433; x_wconf 89' lang='lat' dir='ltr'>pro</span> <span class='ocrx_word' id='word_1_499' title='bbox 1140 2395 1281 2433; x_wconf 81' lang='lat' dir='ltr'>tempore</span> <span class='ocrx_word' id='word_1_500' title='bbox 1304 2386 1479 2428; x_wconf 80' lang='lat' dir='ltr'>dumtaxat,</span> <span class='ocrx_word' id='word_1_501' title='bbox 1496 2383 1621 2418; x_wconf 87' lang='lat' dir='ltr'>nomina</span> <span class='ocrx_word' id='word_1_502' title='bbox 1644 2391 1674 2417; x_wconf 89' lang='lat' dir='ltr'>et</span> <span class='ocrx_word' id='word_1_503' title='bbox 1692 2395 1812 2428; x_wconf 84' lang='lat' dir='ltr'>cogno-</span> 
     </span>
     <span class='ocr_line' id='line_1_100' title="bbox 1062 2437 1814 2487; baseline -0.005 -13"><span class='ocrx_word' id='word_1_504' title='bbox 1062 2442 1144 2475; x_wconf 85' lang='lat' dir='ltr'>mina</span> <span class='ocrx_word' id='word_1_505' title='bbox 1163 2453 1196 2475; x_wconf 77' lang='lat' dir='ltr'>ac</span> <span class='ocrx_word' id='word_1_506' title='bbox 1214 2440 1380 2487; x_wconf 84' lang='lat' dir='ltr'>qualitates</span> <span class='ocrx_word' id='word_1_507' title='bbox 1404 2439 1433 2472; x_wconf 91' lang='lat' dir='ltr'>in</span> <span class='ocrx_word' id='word_1_508' title='bbox 1453 2438 1538 2472; x_wconf 87' lang='lat' dir='ltr'>dicto</span> <span class='ocrx_word' id='word_1_509' title='bbox 1560 2437 1639 2471; x_wconf 84' lang='lat' dir='ltr'>libro</span> <span class='ocrx_word' id='word_1_510' title='bbox 1661 2444 1690 2472; x_wconf 90' lang='lat' dir='ltr'>et</span> <span class='ocrx_word' id='word_1_511' title='bbox 1717 2448 1814 2482; x_wconf 89' lang='lat' dir='ltr'>prae-</span> 
     </span>
     <span class='ocr_line' id='line_1_101' title="bbox 1061 2490 1813 2540; baseline -0.008 -11"><span class='ocrx_word' id='word_1_512' title='bbox 1061 2494 1122 2529; x_wconf 88' lang='lat' dir='ltr'>fato</span> <span class='ocrx_word' id='word_1_513' title='bbox 1151 2494 1294 2540; x_wconf 83' lang='lat' dir='ltr'>hospitali</span> <span class='ocrx_word' id='word_1_514' title='bbox 1323 2493 1483 2527; x_wconf 76' lang='lat' dir='ltr'>dumtaxat</span> <span class='ocrx_word' id='word_1_515' title='bbox 1511 2501 1539 2526; x_wconf 88' lang='lat' dir='ltr'>et</span> <span class='ocrx_word' id='word_1_516' title='bbox 1564 2503 1624 2525; x_wconf 90' lang='lat' dir='ltr'>non</span> <span class='ocrx_word' id='word_1_517' title='bbox 1652 2490 1724 2525; x_wconf 91' lang='lat' dir='ltr'>alibi</span> <span class='ocrx_word' id='word_1_518' title='bbox 1749 2490 1813 2524; x_wconf 91' lang='lat' dir='ltr'>de-</span> 
     </span>
     <span class='ocr_line' id='line_1_102' title="bbox 1060 2543 1813 2592; baseline -0.008 -10"><span class='ocrx_word' id='word_1_519' title='bbox 1060 2548 1247 2587; x_wconf 64' lang='lat' dir='ltr'>scribantur-3</span> <span class='ocrx_word' id='word_1_520' title='bbox 1262 2555 1291 2582; x_wconf 90' lang='lat' dir='ltr'>et</span> <span class='ocrx_word' id='word_1_521' title='bbox 1308 2559 1363 2592; x_wconf 82' lang='lat' dir='ltr'>pro</span> <span class='ocrx_word' id='word_1_522' title='bbox 1380 2546 1507 2580; x_wconf 88' lang='lat' dir='ltr'>illorum</span> <span class='ocrx_word' id='word_1_523' title='bbox 1531 2546 1671 2590; x_wconf 66' lang='lat' dir='ltr'>ingressu</span> <span class='ocrx_word' id='word_1_524' title='bbox 1696 2556 1731 2578; x_wconf 85' lang='lat' dir='ltr'>ae</span> <span class='ocrx_word' id='word_1_525' title='bbox 1756 2543 1813 2577; x_wconf 91' lang='lat' dir='ltr'>de-</span> 
     </span>
     <span class='ocr_line' id='line_1_103' title="bbox 1060 2597 1813 2648; baseline -0.009 -12"><span class='ocrx_word' id='word_1_526' title='bbox 1060 2602 1243 2648; x_wconf 86' lang='lat' dir='ltr'>scriptione,</span> <span class='ocrx_word' id='word_1_527' title='bbox 1266 2600 1302 2634; x_wconf 85' lang='lat' dir='ltr'>ad</span> <span class='ocrx_word' id='word_1_528' title='bbox 1327 2599 1515 2634; x_wconf 86' lang='lat' dir='ltr'>solutionem</span> <span class='ocrx_word' id='word_1_529' title='bbox 1538 2598 1669 2633; x_wconf 89' lang='lat' dir='ltr'>alicuius</span> <span class='ocrx_word' id='word_1_530' title='bbox 1684 2597 1813 2643; x_wconf 76' lang='lat' dir='ltr'>quanti-</span> 
     </span>
     <span class='ocr_line' id='line_1_104' title="bbox 1061 2652 1814 2701; baseline -0.007 -12"><span class='ocrx_word' id='word_1_531' title='bbox 1061 2656 1130 2690; x_wconf 73' lang='lat' dir='ltr'>tatis</span> <span class='ocrx_word' id='word_1_532' title='bbox 1169 2654 1319 2701; x_wconf 69' lang='lat' dir='ltr'>pecuniae</span> <span class='ocrx_word' id='word_1_533' title='bbox 1348 2662 1400 2688; x_wconf 80' lang='lat' dir='ltr'>aut</span> <span class='ocrx_word' id='word_1_534' title='bbox 1431 2666 1533 2688; x_wconf 71' lang='lat' dir='ltr'>rernm</span> <span class='ocrx_word' id='word_1_535' title='bbox 1571 2652 1722 2692; x_wconf 83' lang='lat' dir='ltr'>aliarum,</span> <span class='ocrx_word' id='word_1_536' title='bbox 1751 2652 1814 2685; x_wconf 85' lang='lat' dir='ltr'>nisi</span> 
     </span>
    </p>
   </div>
   <div class='ocr_carea' id='block_1_9' title="bbox 1828 286 2008 314">
    <p class='ocr_par' dir='ltr' id='par_1_14' title="bbox 1828 286 2008 314">
     <span class='ocr_line' id='line_1_105' title="bbox 1828 286 2008 314; baseline -0.017 0"><span class='ocrx_word' id='word_1_537' title='bbox 1828 287 1875 314; x_wconf 72' lang='lat' dir='ltr'>An.</span> <span class='ocrx_word' id='word_1_538' title='bbox 1895 288 1922 313; x_wconf 81' lang='lat' dir='ltr'>C.</span> <span class='ocrx_word' id='word_1_539' title='bbox 1945 286 2008 313; x_wconf 72' lang='lat'><em>1&#39;177</em></span> 
     </span>
    </p>
   </div>
   <div class='ocr_carea' id='block_1_10' title="bbox 1842 1037 2011 1058">
    <p class='ocr_par' dir='ltr' id='par_1_15' title="bbox 1842 1037 2011 1058">
     <span class='ocr_line' id='line_1_106' title="bbox 1842 1037 2011 1058; baseline -0.018 -1"><span class='ocrx_word' id='word_1_540' title='bbox 1842 1037 2011 1058; x_wconf 57' lang='lat' dir='ltr'>Contraieruua-</span> 
     </span>
    </p>
   </div>
   <div class='ocr_carea' id='block_1_11' title="bbox 1063 1068 2010 1119">
    <p class='ocr_par' dir='ltr' id='par_1_16' title="bbox 1063 1068 2010 1119">
     <span class='ocr_line' id='line_1_107' title="bbox 1063 1068 2010 1119; baseline -0.004 -9"><span class='ocrx_word' id='word_1_541' title='bbox 1063 1078 1157 1110; x_wconf 87' lang='lat' dir='ltr'>totius</span> <span class='ocrx_word' id='word_1_542' title='bbox 1179 1076 1293 1111; x_wconf 87' lang='lat' dir='ltr'>Curiae</span> <span class='ocrx_word' id='word_1_543' title='bbox 1313 1077 1471 1117; x_wconf 78' lang='lat' dir='ltr'>coelestiS,</span> <span class='ocrx_word' id='word_1_544' title='bbox 1495 1089 1588 1111; x_wconf 91' lang='lat' dir='ltr'>unam</span> <span class='ocrx_word' id='word_1_545' title='bbox 1618 1089 1728 1111; x_wconf 89' lang='lat' dir='ltr'>novam</span> <span class='ocrx_word' id='word_1_546' title='bbox 1745 1089 1812 1112; x_wconf 89' lang='lat' dir='ltr'>san·</span> <span class='ocrx_word' id='word_1_547' title='bbox 1827 1068 2010 1119; x_wconf 52' lang='grc' dir='ltr'>ζΨῖζωΜΗΜ</span> 
     </span>
    </p>
   </div>
   <div class='ocr_carea' id='block_1_12' title="bbox 1828 1573 2014 1662">
    <p class='ocr_par' dir='ltr' id='par_1_17' title="bbox 1828 1573 2014 1662">
     <span class='ocr_line' id='line_1_108' title="bbox 1844 1573 2011 1600; baseline -0.006 -6"><span class='ocrx_word' id='word_1_548' title='bbox 1844 1573 1866 1594; x_wconf 80' lang='lat' dir='ltr'>Et</span> <span class='ocrx_word' id='word_1_549' title='bbox 1896 1579 1941 1600; x_wconf 75' lang='lat' dir='ltr'>ipse</span> <span class='ocrx_word' id='word_1_550' title='bbox 1971 1579 2011 1593; x_wconf 77' lang='lat' dir='ltr'>una</span> 
     </span>
     <span class='ocr_line' id='line_1_109' title="bbox 1829 1604 2014 1625; baseline -0.011 0"><span class='ocrx_word' id='word_1_551' title='bbox 1829 1611 1874 1625; x_wconf 87' lang='lat' dir='ltr'>cum</span> <span class='ocrx_word' id='word_1_552' title='bbox 1898 1604 2014 1625; x_wconf 69' lang='lat' dir='ltr'>cardinali-</span> 
     </span>
     <span class='ocr_line' id='line_1_110' title="bbox 1828 1637 2011 1662; baseline -0.016 -4"><span class='ocrx_word' id='word_1_553' title='bbox 1828 1638 1866 1658; x_wconf 79' lang='lat' dir='ltr'>bus</span> <span class='ocrx_word' id='word_1_554' title='bbox 1887 1637 2011 1662; x_wconf 73' lang='lat' dir='ltr'>ingreditur.</span> 
     </span>
    </p>
   </div>
   <div class='ocr_carea' id='block_1_13' title="bbox 1828 2018 2013 2194">
    <p class='ocr_par' dir='ltr' id='par_1_18' title="bbox 1828 2018 2013 2194">
     <span class='ocr_line' id='line_1_111' title="bbox 1842 2018 2012 2045; baseline -0.012 -6"><span class='ocrx_word' id='word_1_555' title='bbox 1842 2018 1924 2045; x_wconf 73' lang='lat' dir='ltr'>Aliique</span> <span class='ocrx_word' id='word_1_556' title='bbox 1944 2018 2012 2037; x_wconf 67' lang='lat' dir='ltr'>hane-</span> 
     </span>
     <span class='ocr_line' id='line_1_112' title="bbox 1829 2050 2013 2069; baseline -0.005 0"><span class='ocrx_word' id='word_1_557' title='bbox 1829 2050 1854 2069; x_wconf 82' lang='lat' dir='ltr'>sti</span> <span class='ocrx_word' id='word_1_558' title='bbox 1866 2050 1904 2069; x_wconf 66' lang='lat' dir='ltr'>viri</span> <span class='ocrx_word' id='word_1_559' title='bbox 1922 2054 1966 2069; x_wconf 75' lang='lat' dir='ltr'>eam</span> <span class='ocrx_word' id='word_1_560' title='bbox 1978 2050 2013 2068; x_wconf 84' lang='lat' dir='ltr'>in-</span> 
     </span>
     <span class='ocr_line' id='line_1_113' title="bbox 1828 2080 2010 2105; baseline -0.005 -5"><span class='ocrx_word' id='word_1_561' title='bbox 1828 2080 1886 2105; x_wconf 79' lang='lat' dir='ltr'>gredi</span> <span class='ocrx_word' id='word_1_562' title='bbox 1908 2082 2010 2105; x_wconf 75' lang='lat' dir='ltr'>possunt,</span> 
     </span>
     <span class='ocr_line' id='line_1_114' title="bbox 1829 2111 2013 2136; baseline -0.005 -6"><span class='ocrx_word' id='word_1_563' title='bbox 1829 2111 1891 2130; x_wconf 77' lang='lat' dir='ltr'>etiam</span> <span class='ocrx_word' id='word_1_564' title='bbox 1907 2115 1945 2136; x_wconf 75' lang='lat' dir='ltr'>per</span> <span class='ocrx_word' id='word_1_565' title='bbox 1961 2115 2013 2135; x_wconf 79' lang='lat' dir='ltr'>pro-</span> 
     </span>
     <span class='ocr_line' id='line_1_115' title="bbox 1828 2142 2011 2162; baseline -0.016 -1"><span class='ocrx_word' id='word_1_566' title='bbox 1828 2144 1928 2162; x_wconf 58' lang='lat' dir='ltr'>curator„</span> <span class='ocrx_word' id='word_1_567' title='bbox 1941 2142 1957 2161; x_wconf 73' lang='lat' dir='ltr'>si</span> <span class='ocrx_word' id='word_1_568' title='bbox 1971 2142 2011 2160; x_wconf 78' lang='lat' dir='ltr'>sini</span> 
     </span>
     <span class='ocr_line' id='line_1_116' title="bbox 1828 2171 1936 2194; baseline 0 -3"><span class='ocrx_word' id='word_1_569' title='bbox 1828 2171 1936 2194; x_wconf 48' lang='lat' dir='ltr'>absentes</span> 
     </span>
    </p>
   </div>
  </div>
 </body>
</html>
