2281 3251
241 264 291 290 An.
309 263 337 290 C.
358 265 424 292 tutti

250 1086 341 1108 Effectus
353 1086 421 1114 pubssi-

237 1123 333 1139 (11101113.

268 1689 391 1712 Public-nlo.

488 255 559 290 628

441 321 614 357 indubitata
626 323 732 357 notitia
745 322 908 366 habeatur,
919 322 1089 370 nullusque
1099 335 1192 371 prae-

440 377 609 412 missorum
646 377 852 423 ignorantiam
883 377 963 413 iuste
986 377 1192 425 praetendere

440 432 547 476 possit,
565 444 620 467 nec
640 444 672 466 se
692 431 827 477 legitime
846 443 995 467 excusare
1010 432 1119 473 valeat,
1137 445 1192 468 vo-

440 486 544 521 lumus
571 494 600 521 et
627 485 829 521 decernimus
871 496 1052 534 praesentes
1087 488 1192 522 literas

439 550 570 579 nostras,
581 552 635 587 per
647 540 768 587 aliquos
782 539 895 575 Curiae
912 550 1034 576 nostrae
1048 553 1191 576 cursores

439 595 484 629 vel
509 595 644 630 notarios
666 594 823 642 publicos,
844 596 873 630 in
890 595 1014 631 basilica
1035 596 1191 644 Principis

438 649 701 696 Apostolorumet
721 649 851 685 ecclesia
870 650 1094 695 Lateranensi,
1115 651 1190 686 liora

437 702 626 748 divinorum,
639 703 778 751 publice,
794 704 852 739 alta
867 713 896 740 et
913 705 1101 752 intelligibili
1115 717 1190 741 voce

437 757 494 804 legi
518 766 548 793 et
573 758 740 805 publicari,
759 767 789 794 et
809 759 961 794 dictarum
985 760 1189 795 ecclesiarum

437 812 535 858 portis
551 813 615 847 sive
637 812 750 858 valvis,
764 825 799 848 ac
818 813 848 847 in
866 814 933 849 acie
947 814 1059 862 Campi
1078 813 1190 849 Florae

436 875 465 900 ei
478 866 690 903 Cancellariae
707 868 906 916 Apostolicae
921 869 1013 917 affigi,
1028 878 1058 904 et
1075 869 1189 905 ibidem

437 933 493 968 per
514 922 640 970 aliquod
665 923 816 971 temporis
837 924 970 972 spatium
995 925 1108 960 dimitti
1132 924 1191 959 de-

437 975 521 1011 bere.

484 1030 504 1078 ἓ
528 1033 583 1066 12.
612 1031 702 1075 Quae
728 1033 774 1068 sic
799 1033 975 1081 publicatae
1011 1043 1041 1070 et
1065 1034 1190 1079 affixae,

437 1091 510 1120 tunc
526 1098 542 1121 a
565 1086 615 1121 die
640 1086 862 1134 publicationis
886 1089 1064 1136 praedictae
1079 1089 1191 1124 iinme-

436 1137 517 1175 diate
540 1140 692 1188 ligent,et
708 1142 856 1178 effectum
876 1144 1059 1184 sortiantur,
1081 1151 1189 1183 ciem,

436 1204 517 1240 quos
534 1204 741 1238 concernunt,
754 1196 794 1232 ita
817 1205 947 1239 arctent,
968 1196 1099 1246 perinde
1115 1209 1150 1233 ac
1165 1198 1188 1233 si

436 1249 644 1295 personaliter
665 1250 784 1287 eisdem
815 1252 974 1288 intimatae
996 1260 1115 1288 essent.

483 1304 567 1339 Nulli
595 1317 669 1352 ergo
697 1305 865 1342 bominum
887 1314 941 1342 etc.

484 1356 518 1392 Si
546 1360 617 1407 quis
644 1368 747 1395 autem
771 1368 822 1395 etc.

484 1410 599 1448 Datum
622 1413 743 1449 Romae
763 1415 848 1463 apud
870 1413 1024 1450 Sanctum
1047 1415 1189 1456 Petrum,

434 1479 518 1502 anno
549 1467 776 1505 Incarnationis
810 1469 988 1505 dominicae
1022 1470 1190 1506 millesimo

434 1522 690 1570 quingentesimo
703 1524 953 1572 decimoquinto,
967 1535 1075 1561 octavo
1086 1526 1188 1563 kalen.

435 1578 525 1622 iunii,
543 1578 745 1626 pontificatus
768 1580 865 1615 nostri
890 1592 972 1615 anno
988 1581 1089 1616 tertio.

485 1633 578 1668 Anno
600 1646 616 1669 3
639 1634 800 1670 nativitate
822 1634 948 1669 Domini
973 1637 1079 1677 1545,
1104 1636 1190 1671 indi-

436 1687 541 1723 ctione
569 1689 658 1724 tertia
674 1717 683 1735 ,
718 1689 769 1725 die
793 1702 866 1725 vero
888 1693 934 1725 26
959 1691 1076 1726 mensis
1098 1692 1189 1733 maii,

435 1744 638 1789 pontificatus
667 1744 810 1780 sanctiss.
834 1745 864 1779 iii
893 1744 1020 1780 Christo
1043 1746 1138 1793 patris
1159 1754 1189 1782 et

435 1795 473 1832 D.
502 1796 540 1832 N.
568 1797 606 1833 D.
635 1797 766 1840 Leonis,
785 1798 891 1833 divina
912 1799 1106 1846 providentia
1128 1799 1189 1835 Pa-

437 1863 494 1899 pae
515 1851 555 1897 X,
571 1864 654 1888 anno
669 1865 720 1897 iii,
743 1853 962 1901 retroscriptae
985 1853 1093 1888 literae
1112 1866 1189 1902 apo-

435 1906 576 1949 stolicae,
593 1915 628 1942 ut
643 1907 680 1942 ad
698 1908 840 1942 omnium
858 1908 999 1943 notitiam
1020 1909 1115 1943 citius
1132 1908 1190 1944 de-

436 1961 573 2001 veniant,
593 1961 651 1996 alta
674 1969 703 1996 et
727 1961 914 2009 intelligibili
939 1974 1014 1997 voce
1037 1962 1076 1997 de
1093 1963 1189 1998 verbo

435 2014 472 2050 ad
490 2015 729 2052 verbumlectae
741 2016 869 2052 suerunt
884 2016 914 2052 in
931 2017 1027 2052 valvis
1042 2017 1189 2053 basilicae

437 2069 592 2118 Principis
601 2070 826 2119 Apostolorum
846 2083 881 2107 ac
897 2072 1049 2107 ecclesiae
1057 2071 1091 2108 S.
1104 2072 1191 2108 loan-

438 2124 485 2159 nis
511 2124 699 2162 Lateranen.
728 2126 802 2161 dnm
832 2126 948 2162 ibidem
977 2125 1082 2162 divina
1105 2127 1190 2163 cele-

436 2177 604 2215 brarentur
617 2188 648 2216 et
664 2180 832 2216 multitudo
847 2180 953 2229 populi
967 2180 1109 2224 adesset;
1132 2194 1190 2217 nec

438 2244 500 2268 non
517 2233 700 2269 earumdem
715 2234 919 2270 ecclesiarum
935 2243 965 2271 et
976 2235 1189 2272 Cancellariae

440 2287 642 2335 Apostolicae
652 2289 747 2325 valvis
763 2302 817 2325 seu
834 2290 944 2338 portis,
959 2302 994 2326 ac
1004 2291 1068 2326 acie
1077 2290 1189 2340 Campi

439 2340 550 2377 Florae
585 2343 693 2379 affixae
721 2353 751 2379 et
780 2345 971 2392 publicatae,
992 2357 1028 2380 ac
1050 2358 1190 2394 congruo

440 2398 592 2445 temporis
618 2400 720 2446 spatio
742 2400 890 2435 dimissae
917 2400 1046 2435 suerunt
1064 2413 1120 2448 per
1135 2414 1191 2436 nos

439 2450 616 2488 Hubertum
628 2453 731 2488 lacobi
747 2464 776 2489 et
788 2454 937 2490 loannem
953 2454 1082 2490 Valtrini
1100 2468 1191 2504 prae-

438 2505 490 2540 fati
511 2506 663 2543 Sanctiss.
686 2507 724 2542 D.
749 2508 785 2543 N.
811 2508 913 2556 Papae
935 2521 1090 2545 cursores.

489 2560 532 2596 lta
547 2571 602 2596 est.
617 2561 725 2597 Ioann.
739 2562 872 2598 Valtrini
887 2565 940 2611 qui
953 2576 1189 2612 supra‚curs0i·.

488 2614 532 2651 Ita
546 2625 603 2652 est.
615 2616 745 2652 Hubert.
763 2617 866 2652 iacobi
883 2619 935 2666 qui
949 2631 1055 2668 supra,
1070 2631 1189 2656 cursor.

485 2672 546 2705 Dat.
568 2674 616 2706 die
633 2674 672 2705 25
692 2675 759 2706 maii
780 2676 865 2714 1515,
884 2677 986 2717 pontis.
1006 2687 1082 2709 anno
1105 2686 1145 2708 111.

1018 269 1204 292 unianimi
1229 268 1390 291 Romam

1536 324 1608 359 Xiv
1632 328 1687 370 a).

1236 404 1466 439 Declaraiiones
1485 407 1689 450 quorumdam
1714 407 1878 441 dubiorum
1897 418 1985 452 super

1280 455 1384 500 prima
1403 462 1429 488 et
1450 456 1580 490 secunda
1606 457 1723 501 Regula
1762 468 1902 492 sororum
1934 469 1985 490 seu

1282 505 1465 538 monialium
1481 506 1516 539 S.
1529 506 1652 549 Clarae,
1670 514 1695 540 et
1725 508 1846 541 licentia
1869 507 1987 551 duplici

1282 555 1385 599 officio
1417 556 1588 589 celebrandi
1616 557 1693 601 festa
1727 557 1765 590 B.
1801 558 1926 601 Ayneti's
1959 564 1985 591 et

1287 604 1431 638 Uiideci'm
1460 605 1596 640 Millium
1626 606 1787 651 Virqi'num
1810 609 1864 650 (⁶21.

1505 684 1720 716 SUitiiAtiiUii

1232 751 1373 783 Moniales
1397 752 1511 793 aliquas
1536 753 1736 785 dubitationes
1754 753 1903 785 habebant
1920 764 1984 795 sup.

1272 796 1393 835 Regula,
1412 802 1439 828 et
1461 798 1704 839 supplicantpro
1721 799 1928 830 declaratione.
1948 817 1985 822 —

1273 842 1298 872 t.
1319 842 1414 873 Prima
1439 843 1583 874 dubitatio
1606 844 1682 874 circa
1710 844 1912 874 recitationem
1937 845 1984 875 di-

1272 887 1329 916 vini
1358 888 1456 923 offis-ih
1477 905 1516 910 —
1533 888 1560 918 ⁶2.
1584 888 1718 918 Secunda
1740 889 1881 919 dubitatio
1898 898 1987 929 super

1272 933 1458 968 necessitate,
1485 942 1560 973 quae
1579 939 1697 964 excuset
1727 943 1740 963 a
1770 933 1870 971 clior0;
1891 951 1930 956 —
1957 935 1984 965 3.

1271 975 1367 1006 Tertia
1392 977 1536 1008 dubitatio
1554 979 1631 1009 circa
1662 978 1871 1017 indulgentias.
1901 996 1940 1002 —
1958 980 1985 1010 4.

1272 1020 1323 1051 Hic
1348 1021 1479 1052 Pontifex
1501 1032 1550 1053 eas
1570 1023 1704 1063 explicat.
1724 1040 1762 1045 —
1779 1023 1806 1053 5.
1829 1022 1986 1062 Explicatio

1272 1067 1383 1106 primae
1411 1068 1615 1106 dubitationis;
1636 1087 1675 1091 —
1700 1069 1729 1098 (3.
1755 1068 1917 1108 Explicatio
1940 1079 1987 1099 se-

1272 1113 1385 1142 cundae
1404 1113 1607 1143 dubitationis.
1624 1131 1663 1136 —
1682 1115 1707 1144 Ἴ.
1727 1114 1855 1143 Licentia
1874 1113 1985 1153 duplici

1271 1157 1329 1186 ritu
1353 1158 1521 1188 celebrandi
1545 1158 1617 1189 festa
1641 1158 1670 1188 B.
1694 1158 1814 1196 Agnetis
1834 1162 1861 1188 et
1889 1158 1985 1188 unde-

1271 1202 1327 1232 cim
1349 1203 1474 1233 millium
1494 1204 1649 1242 virginum.
1668 1221 1706 1226 —
1722 1204 1748 1234 8.
1772 1202 1883 1233 Causae
1903 1213 1986 1243 prae-

1271 1246 1413 1276 dictarum
1443 1248 1684 1279 declarationum.
1713 1266 1751 1271 —
1779 1248 1807 1279 9.
1831 1247 1985 1288 Derogaito

1271 1292 1497 1323 contrariorum.

1230 1370 1280 1399 Leo
1303 1371 1371 1408 Papa
1391 1373 1423 1406 X,
1437 1373 1547 1403 dilectis
1562 1374 1590 1403 in
1609 1374 1717 1404 cbristo
1729 1374 1839 1404 filiabus
1852 1374 1986 1404 universis

1275 1421 1424 1451 abbatissis
1444 1425 1472 1452 et
1487 1424 1650 1452 monialibus
1663 1431 1693 1453 ac
1706 1425 1883 1454 conventibus
1894 1431 1987 1454 mona-

1275 1472 1428 1501 steriorum
1445 1480 1676 1510 quorumcumque
1698 1475 1825 1504 ordinum
1841 1475 1866 1503 S.
1881 1475 1986 1509 elai-ao,

1276 1522 1324 1550 suti
1342 1524 1478 1559 perpetua
1507 1524 1633 1553 clausura
1666 1531 1696 1554 ao
1713 1525 1845 1561 regimine
1864 1524 1986 1554 fratrum

1275 1570 1408 1600 Minoi-nm
1428 1573 1460 1601 de
1483 1573 1658 1602 observantia
1686 1573 1826 1602 attissimo
1851 1573 1986 1603 famulan-

1275 1620 1360 1655 tibus.
1380 1622 1499 1651 salutem
1518 1624 1548 1652 et
1567 1623 1746 1660 apostolicam
1761 1624 1985 1654 benedictionem.

1280 1693 1362 1728 Cum
1383 1694 1475 1739 (sicut
1499 1695 1588 1731 nobis
1604 1709 1705 1744 nuper
1716 1697 1831 1745 exponi
1854 1697 1984 1741 fecistis)

1232 1743 1261 1778 in
1289 1743 1413 1790 Regula
1440 1744 1473 1780 S.
1498 1745 1621 1791 Clarae,
1644 1747 1706 1782 sub
1733 1760 1793 1795 qua
1821 1756 1852 1782 et
1880 1747 1984 1782 suavis

1231 1793 1408 1839 Religionis
1430 1796 1504 1842 iugo
1526 1808 1561 1831 ac
1575 1809 1648 1831 cura
1663 1796 1790 1832 fratrum
1808 1797 1983 1842 Minorum,

1231 1843 1270 1878 (le
1309 1842 1518 1880 Observantia
1556 1855 1823 1894 nuncupatorum,
1858 1856 1981 1894 gratum

1231 1893 1368 1929 Domino
1391 1895 1521 1930 redditis
1544 1895 1728 1932 famulatum
1751 1905 1782 1933 et
1800 1897 1914 1932 divinis
1929 1896 1984 1932 be-

1231 1944 1394 1991 neplaciiis
1416 1946 1570 1991 insistitis,
1590 1947 1744 1981 nonnulla
1761 1948 1984 1982 contineantur

1231 2006 1311 2041 quae
1339 1995 1499 2030 mentibus
1522 1997 1631 2032 vestris
1659 1996 1755 2032 dubia
1782 1998 1984 2044 existunt,et

1231 2044 1442 2081 declaratione
1468 2047 1640 2093 apostolica
1670 2046 1813 2094 indigere
1840 2059 1983 2083 noscun-

1232 2103 1299 2135 tur;
1328 2095 1418 2131 nobis
1437 2104 1604 2144 propterea
1628 2097 1789 2132 humiliter
1810 2097 1983 2145 supplicari

1231 2143 1349 2179 fecistis
1371 2154 1414 2187 ut,
1442 2147 1525 2181 cirea
1552 2146 1734 2182 huiusmodi
1764 2146 1903 2194 Regulae
1924 2147 1984 2183 ob-

1231 2195 1437 2241 servantiam,
1472 2196 1540 2231 sine
1573 2197 1676 2244 aliqua
1707 2197 1912 2233 haesitatione
1948 2209 1985 2233 ac

1233 2252 1386 2280 mentium
1427 2254 1458 2281 et
1501 2257 1766 2282 conscientiarum
1807 2255 1983 2283 vestrarum

1233 2295 1470 2343 perturbatione
1494 2304 1524 2332 et
1547 2297 1709 2345 scrupulo,
1737 2297 1884 2333 insistere
1908 2309 1984 2344 pos-

1267 2367 1306 2402 (l)
1326 2368 1549 2396 Constitutioncm
1563 2368 1630 2396 hanc
1645 2368 1695 2396 sub
1716 2377 1789 2396 num.
1810 2377 1830 2395 x
1854 2368 1881 2396 iu
1906 2369 1983 2397 Rom.

1234 2416 1302 2443 Edit.
1321 2415 1401 2442 habes
1420 2415 1456 2450 (n.
1475 2415 1513 2450 τ).
1552 2414 1591 2451 (2)
1611 2415 1725 2442 Primam
1738 2414 1876 2450 Regulam,
1897 2415 1984 2442 tradi-

1233 2467 1285 2488 tam
1310 2469 1324 2488 a
1344 2461 1373 2487 B.
1393 2460 1547 2492 Francisco,
1563 2459 1733 2487 confirmavit
1753 2460 1922 2487 innocentius
1938 2460 1984 2492 IV,

1234 2507 1259 2532 in
1279 2506 1468 2534 constitutione
1493 2515 1537 2539 ix,
1559 2510 1630 2534 tomo
1649 2514 1693 2539 nt,
1715 2514 1773 2542 pag.
1801 2507 1861 2534 5¹9.
1889 2506 1921 2533 Et
1941 2514 1985 2534 se-

1234 2550 1347 2577 cundam
1373 2550 1511 2586 Regulam,
1529 2551 1570 2578 vel
1592 2551 1681 2586 potius
1711 2551 1822 2586 primam
1839 2550 1984 2585 mitigatam

1232 2594 1314 2621 edidit
1334 2595 1458 2622 Urbanus
1477 2595 1519 2628 lV,
1540 2599 1625 2623 const.
1644 2603 1710 2628 xxi,
1728 2595 1803 2627 ibid„
1824 2603 1883 2630 pag.
1911 2594 1963 2622 709
1976 2615 1982 2627 ,

1234 2638 1352 2674 aliasque
1368 2639 1560 2667 declarationes
1573 2639 1655 2668 edidit
1674 2640 1808 2675 Eugenius
1833 2639 1885 2672 lv,
1915 2647 1982 2668 con-

1232 2683 1286 2710 stit.
1304 2692 1416 2719 xxxvn,
1433 2693 1490 2721 pag.
1509 2686 1543 2714 90
1563 2685 1640 2713 buius
1661 2685 1733 2713 tomi.

2000 269 2049 298 Αιι.
2068 270 2097 298 C.
2115 271 2182 298 iistis

2017 1706 2120 1728 uoniam
2144 1706 2183 1728 nlt—

1999 1744 2050 1766 quas
2070 1738 2184 1760 dubtuito-

1999 1775 2038 1791 nes
2051 1769 2126 1791 habeb.
2137 1775 2183 1797 sup.

1998 1800 2084 1828 Regula,
2101 1804 2123 1822 οι
2136 1806 2184 1829 nup-

1999 1832 2077 1860 plicant
2093 1838 2130 1860 pro
2145 1832 2183 1853 do-

1998 1864 2122 1886 cluationa.
