2281 3251
247 262 297 289 An.
317 263 344 287 C.
362 264 369 287 l
379 262 427 287 '172

260 323 376 343 '’mmm“
392 327 429 343 ει·
446 324 509 351 tum
526 327 694 351 numerum
717 314 959 355 duodenarium,
975 326 1196 361 quarumcum-

246 356 334 374 r‘dmdi
355 357 365 374 Δ
391 362 430 376 nu—

246 392 273 405 m·
282 393 325 406 rum

250 1461 362 1481 Auditor„
381 1466 420 1480 nx-

235 1493 354 1512 nmini-ntur
381 1497 420 1512 co-

235 1529 277 1543 ram
305 1524 419 1543 rice-can-

235 1553 329 1574 cett-niu.

494 251 565 283 208
1014 260 1199 283 {irritantem

444 378 506 413 que
528 366 689 401 literarum
717 373 769 400 aut
793 364 1010 399 mandatorum
1039 364 1197 410 apostoli—

445 428 553 451 corum
591 415 696 462 vigore
726 414 880 450 hactenus
906 425 1130 448 concessorum
1167 423 1193 448 et

444 466 595 512 deinceps
642 463 746 499 forsan
790 462 1065 498 concedendorum
1082 490 1091 506 ,
1135 463 1195 497 sub

443 515 553 562 quavis
577 513 743 549 verborum
768 513 864 548 fornia
881 539 890 555 ,
917 512 1010 546 etiam
1045 523 1195 547 censuras

442 577 478 599 ac
504 564 581 599 alias
603 575 722 611 poenas
750 563 817 609 ipso
853 561 933 596 tacto
961 561 1193 607 irrogantium,

442 614 564 649 etiamsi
599 613 636 648 ad
671 611 797 647 illorum
834 610 1118 657 praesentationem
1154 611 1195 646 sit

443 674 637 709 processum,
659 674 695 697 ac
722 661 806 696 dicto
830 672 964 695 numero
987 659 1193 704 duodenario,

442 721 540 753 motu,
564 711 694 747 scientia
711 718 740 746 et
762 709 947 745 auctoritate
962 708 1122 744 similibus
1136 709 1193 744 de-

442 762 631 809 rogantium,
647 760 767 796 etiamsi
786 759 847 794 illis
865 759 904 794 de
922 758 1086 794 individuo
1103 771 1193 806 prae-

439 812 539 846 sentis
560 810 666 846 statuti
700 817 730 844 ct
757 808 970 844 ordinationis
994 817 1116 843 nostrae
1146 817 1194 844 tc—

440 873 514 896 nore
537 859 685 908 specialis
700 867 730 894 et
746 870 905 906 expressa,
929 870 990 892 non
1014 866 1118 892 autem
1138 870 1193 905 per

437 912 602 957 generales
635 908 792 944 clausulas
828 908 1015 954 derogatio,
1043 915 1128 942 motu
1164 918 1192 942 et

437 960 567 996 scientia
608 958 763 994 similibus
798 958 873 1002 liat,
915 969 994 1004 quas
1042 965 1072 991 et
1101 969 1191 1004 quae,

439 1017 561 1056 praeter
580 1017 611 1044 et
633 1016 740 1043 contra
764 1015 901 1042 mentem
926 1015 1064 1041 nostram
1087 1015 1117 1041 et
1138 1015 1191 1041 uti-

438 1059 554 1094 litatem
579 1057 737 1106 publicam
757 1064 787 1092 et
803 1056 1006 1103 litigantium,
1023 1056 1191 1103 praecipue

438 1120 626 1156 pauperum,
650 1106 827 1142 relevamen
850 1117 1015 1141 emanasse
1039 1106 1116 1139 etin
1135 1118 1191 1152 po-

435 1166 554 1193 sterum
577 1168 736 1195 emanare,
761 1164 868 1191 tenore
897 1154 1110 1202 praesentium
1135 1155 1188 1190 ‹le-

437 1207 602 1248 claranius‚
621 1206 774 1252 deinceps
795 1205 977 1240 admittatur
998 1203 1046 1239 vel
1069 1203 1190 1240 admitti

438 1256 546 1301 possit,
568 1268 626 1291 seu
649 1255 761 1291 debeat
788 1266 917 1302 quoquo
948 1252 1056 1294 modo,
1088 1253 1190 1289 donec

436 1305 603 1352 collegium
633 1304 735 1352 ipsum
760 1303 795 1338 ad
820 1303 1053 1339 duodenarium
1076 1315 1188 1339 nume-

437 1368 504 1389 rum
530 1355 696 1390 reductum
716 1353 767 1388 sit.

483 1405 504 1451 5
526 1408 559 1438 4.
583 1403 649 1439 Nec
671 1402 779 1447 ctiam,
807 1413 940 1437 numero
963 1400 1125 1449 praedicto
1140 1401 1189 1437 di-

435 1453 570 1494 minuto,
581 1452 715 1488 durante
728 1452 871 1487 absentia
886 1450 1073 1487 venerabilis
1085 1451 1189 1487 fratris

435 1503 532 1538 nostri
556 1501 718 1543 Roderici‚
741 1500 880 1548 episcopi
917 1500 1119 1542 Albanensis,
1152 1501 1186 1536 S.

433 1552 472 1588 R.
483 1552 520 1587 E.
530 1550 791 1595 vicecancellarii,
804 1550 841 1586 ad
851 1550 1075 1598 Hispaniarum
1091 1562 1187 1597 regna

433 1602 470 1637 de
493 1601 591 1637 latere
619 1601 722 1647 legati,
745 1611 849 1636 coram
872 1612 936 1647 quo
962 1609 992 1634 et
1024 1611 1081 1647 pro
1105 1607 1187 1635 tem-

433 1663 508 1698 pore
535 1651 689 1686 existente
723 1650 865 1685 eiusdem
902 1649 1067 1684 Ecclesiae
1103 1649 1187 1684 vice-

431 1700 617 1736 cancellario
641 1707 813 1740 tantum‚et
831 1711 892 1734 non
916 1699 1003 1743 alias,
1025 1697 1187 1735 auditores

431 1750 469 1786 ad
490 1751 592 1797 ipsum
613 1749 749 1785 officium
773 1749 812 1784 de
834 1758 939 1784 cetero
961 1748 1187 1793 admittendos⁷

431 1799 658 1836 examinandos
688 1798 763 1834 fore.
802 1797 1128 1846 praenominatosque
1158 1807 1186 1834 et

431 1849 509 1884 alios
546 1848 623 1884 infra
654 1847 849 1896 praedictum
883 1855 1034 1884 statutum
1072 1860 1187 1884 nume-

432 1912 500 1934 rum
528 1899 697 1934 existentes
731 1897 892 1933 auditores
919 1909 1084 1933 causarum
1113 1897 1186 1933 dicti

431 1948 540 1983 Palatii
581 1947 618 1982 ad
659 1947 879 1994 recipiendum
918 1946 965 1982 vel
998 1947 1185 1983 mittendum

432 1998 628 2045 quempiam,
652 1998 711 2033 nisi
736 2009 880 2038 numero,
905 2005 937 2030 nt
966 1997 1187 2043 praemittitur,

432 2047 570 2084 redacto.
593 2047 751 2082 diminuto
770 2055 799 2082 et
818 2047 963 2082 examine
987 2046 1079 2089 sacto,
1105 2047 1186 2082 iuxta

433 2114 565 2142 morem,
580 2102 609 2136 in
627 2101 802 2149 praesentia
817 2100 965 2147 praedicti
983 2100 1134 2136 Roderici
1155 2114 1187 2136 ac

433 2168 490 2203 pro
509 2164 651 2203 tempore
667 2155 830 2190 existentis
855 2153 1009 2202 praefatae
1028 2154 1188 2190 Ecclesiae

435 2209 691 2250 vicecancellarii,
716 2221 778 2243 non
808 2209 920 2249 teneri,
938 2219 995 2243 nec
1025 2217 1187 2256 propterea

433 2264 538 2311 aliqua
566 2263 777 2299 ecclesiastica
813 2275 944 2298 censura
980 2275 1036 2298 seu
1080 2264 1190 2310 poenis

433 2318 520 2358 aliis,
547 2331 625 2365 quas
659 2331 714 2365 pro
742 2317 867 2353 infectis
895 2316 1002 2352 haberi
1025 2317 1189 2361 volumus,

434 2372 544 2406 arctari
570 2384 661 2419 posse
688 2372 902 2407 decernimus.

485 2428 554 2470 55.
591 2426 722 2461 Nostrae
755 2435 859 2461 tamen
903 2425 1088 2460 intentionis
1127 2438 1189 2459 non

245 2490 318 2512 torum
332 2488 422 2508 officium
436 2480 552 2519 existit,
574 2480 677 2527 quoad
701 2480 862 2515 auditores
885 2479 965 2521 illos,
984 2491 1064 2527 quos
1088 2479 1189 2514 forsan

237 2526 278 2540 non
303 2522 362 2539 vacat
385 2523 396 2544 p

237 2552 399 2577 promotionem.
439 2547 494 2581 pro
525 2543 668 2581 tempore.
697 2534 872 2580 promoveri
908 2533 1086 2580 contigerit,
1109 2546 1191 2580 quo-

439 2589 543 2623 minus
571 2588 600 2622 in
629 2588 713 2623 dicto
736 2588 867 2634 collegio
890 2597 918 2622 et
936 2587 1092 2622 auditorio
1121 2599 1191 2634 per-

437 2651 581 2679 severent
596 2651 626 2679 et
650 2650 796 2679 maneant
819 2651 977 2691 tamquam
992 2642 1060 2678 loca
1078 2649 1192 2678 tenen-

1229 261 1389 283 ttOMASt‘M
2011 260 2062 287 An.
2079 260 2109 287 C.
2126 261 2192 287 1'172

1242 323 1313 360 tes,
1347 314 1463 361 aliquid
1492 314 1663 358 innovare,
1692 322 1814 362 praeter
1845 314 1874 349 id
1909 315 1994 362 quod

1240 364 1392 399 hactenus
1419 372 1580 409 receptum
1602 364 1708 399 existit
1737 372 1767 399 et
1794 363 1996 399 laudabiliter

1239 414 1452 449 observatum.
1480 413 1695 449 Decet-nentes
1711 413 1833 448 irritum
1854 421 1885 448 et
1903 414 1995 449 inane

1239 462 1389 511 quicquid
1417 476 1432 497 a
1464 475 1635 510 quoquam,
1657 464 1768 511 quavis
1795 463 1994 501 auctoritate.

1238 513 1374 547 scienter
1402 513 1448 546 vel
1481 513 1675 559 ignoranter,
1702 511 1868 559 contigerit
1897 520 1994 548 atten-

1238 570 1306 596 tari.

1287 610 1372 645 Nulli
1400 622 1476 656 ergo
1503 619 1556 644 etc.

1286 659 1402 695 Datum
1426 659 1546 695 Romae
1566 659 1648 707 apud
1671 659 1822 695 Sanctum
1851 659 1993 700 Petrum,

1237 721 1320 745 anno
1353 709 1582 744 lucarnatiouis
1616 708 1795 744 dominicae
1823 708 1993 744 millesimo

1237 758 1549 807 quadringentesimo
1574 758 1810 806 septuagesimo
1838 758 1992 798 secundo.

1237 809 1336 856 pridie
1354 808 1425 843 idus
1448 808 1532 850 maii,
1557 807 1759 856 pontificatus
1781 807 1878 843 nostri
1905 820 1992 844 anno

1238 870 1350 905 primo.

1288 920 1349 951 Dat.
1369 920 1416 951 die
1437 920 1471 951 14
1493 920 1562 950 maii
1584 919 1669 956 1472,
1687 919 1791 959 pontii.
1816 929 1893 951 anno
1915 929 1935 950 ι.

2253 1010 2259 1015 .
2248 975 2252 982 -
2242 464 2264 966 ,.-'12.-⁵.d.'-:³-·n-‚4-2.·neuud-=·.‘1aha-¹
2260 438 2265 443 .
2259 411 2265 422 ..
2251 395 2255 398 ·

1559 1077 1600 1112 lV
1615 1080 1671 1122 (1).
2247 1079 2257 1126 ξι

1235 1151 1349 1185 Contra
1376 1151 1571 1189 simoniacos,
1606 1151 1714 1184 dantes
1748 1151 1795 1184 vel
1816 1150 1988 1195 recipientes
2254 1177 2262 1209 Ι

1282 1211 1410 1233 munera
1434 1211 1493 1245 pro
1525 1200 1621 1234 sacris
1651 1200 1842 1244 conferendis
1869 1201 1914 1233 vet
1940 1212 1989 1233 su-

1282 1249 1443 1294 scipiendis
1481 1250 1665 1288 ordinibus,
1707 1249 1913 1294 ctiynitatibus
1944 1250 1990 1283 vel

1282 1300 1352 1332 altis
1374 1299 1579 1332 ecclesiasticis
1601 1299 1759 1344 beneficiis,
1782 1300 1989 1332 excommuni-

1281 1349 1409 1382 cationis
1431 1348 1570 1393 aliasque
1589 1359 1703 1394 poenas
1724 1348 1832 1382 statuit
1859 1350 1916 1391 (2).
2239 1363 2261 1390 -25

1500 1426 1715 1458 SUMMAtttUM

1235 1490 1257 1519 l.
1278 1489 1527 1520 Praedecessores
1544 1490 1702 1520 Pontifices
1719 1491 1900 1522 simoniacos
1917 1500 1987 1522 cen-

1271 1535 1349 1564 suris
1371 1535 1562 1565 damnarunt:
1582 1535 1740 1565 -Eorum
1755 1536 1984 1566 constitutiones
2240 1559 2260 1567 ⁷.

1271 1587 1361 1616 super
1383 1579 1437 1608 hoc
1463 1579 1618 1609 confirmat
1641 1579 1749 1610 Sixtus.
1772 1596 1811 1601 —
1832 1579 1859 1609 2.
1883 1578 1916 1609 Et
1938 1580 1983 1609 si·
2239 1574 2262 1602 '3

1271 1623 1422 1653 moniacos
1442 1624 1563 1655 nulliter
1582 1625 1724 1655 beneficia
1744 1624 1917 1662 obtinuisse,
1936 1634 1984 1654 eo-

1271 1677 1395 1707 rumque
1419 1668 1532 1699 sructus
1557 1669 1709 1709 percipere
1731 1679 1789 1699 non
1813 1678 1899 1709 posse
1928 1669 1982 1700 de-

1271 1713 1370 1743 clarat.
1388 1730 1427 1735 —
1449 1713 1475 1743 3.
1498 1712 1665 1743 Clausulae.

1293 1784 1389 1813 smus
1414 1785 1557 1821 episcopus
1587 1792 1684 1814 servus
1704 1792 1845 1815 servorum
1863 1785 1920 1818 Dei.

1365 1835 1398 1863 ad
1432 1836 1593 1871 poi-petuam
1613 1836 1654 1864 rei
1681 1836 1849 1865 memoriam.

1279 1904 1299 1949 g
1331 1907 1358 1937 l.
1388 1903 1602 1938 Perniciosam
1637 1912 1688 1938 aut
1717 1904 1821 1939 verius
1848 1904 1987 1940 detesta-
2004 1913 2187 1948 emesenam„
2248 1928 2257 1945 a.

1232 1948 1326 1988 bilem
1343 1953 1496 1988 simoniae
1519 1952 1633 1994 labem,
1655 1965 1765 2000 quam,
1788 1953 1883 1989 veluti
1901 1966 1988 1989 mor·
2002 1943 2188 1995 :i‘ss'ssssffcc'essss'ssss'fi
2244 1967 2258 1975 ⁸

1231 2003 1306 2037 bum
1336 2002 1520 2050 pestiferum
1542 2010 1573 2038 et
1593 2003 1684 2038 saluti
1708 2003 1906 2039 credentium
1931 2016 1989 2051 pe·
2004 2007 2139 2027 ¹¹³m¹¹“'·¹'·¹²
2252 2014 2254 2018 ’

1232 2053 1316 2087 nitus
1357 2052 1519 2087 inimicum
1535 2080 1544 2097 ,
1585 2052 1751 2100 utriusque
1791 2052 1986 2088 Testamenti

1233 2102 1344 2149 pagina
1373 2109 1403 2136 et
1440 2101 1514 2136 iuris
1538 2102 1702 2150 utriusque
1725 2103 1894 2138 auctoritas
1916 2102 1990 2150 plu-

1234 2151 1347 2185 rimum
1372 2151 1570 2186 detestantur
1597 2163 1631 2186 ac
1666 2152 1824 2199 puniunt,
1855 2161 1886 2187 et
1921 2152 1989 2187 eius

1234 2202 1492 2248 comparatione,
1521 2202 1604 2236 iuxta
1635 2201 1714 2236 beati
1742 2200 1887 2248 Gregorii
1914 2214 1990 2237 sen-

1235 2251 1373 2293 tentiam,
1399 2251 1493 2298 impia
1507 2251 1683 2286 Macedonii
1707 2251 1846 2287 haeresis
1873 2250 1989 2287 tolera-

1236 2300 1326 2334 bilior
1353 2309 1381 2335 et
1405 2301 1492 2347 quasi
1521 2309 1622 2336 cetera
1651 2301 1782 2336 crimina
1806 2313 1861 2348 pro
1889 2301 1988 2336 nihilo

1236 2358 1433 2396 reputantur,
1447 2350 1717 2397 quemadmodum
1727 2363 1770 2385 sa.
1783 2363 1842 2385 me.
1861 2350 1989 2397 praede-

1236 2412 1376 2434 cessores
1411 2400 1507 2434 nostri
1544 2399 1679 2435 Romani
1715 2399 1907 2440 Pontifices,
1934 2401 1986 2447 qui

1236 2449 1361 2483 suci-unt
1390 2461 1446 2496 pro
1481 2457 1646 2496 tempore,
1681 2457 1742 2484 tota
1779 2449 1895 2484 mentis
1920 2450 1986 2484 acie

1235 2499 1385 2545 omnique
1400 2498 1504 2534 studio
1517 2511 1553 2533 ac
1567 2498 1772 2534 solertissima
1796 2510 1870 2533 cura
1888 2507 1989 2534 extet·-

1236 2548 1367 2590 minare‚
1392 2548 1605 2595 horrendique
1621 2548 1714 2582 liuius
1729 2548 1856 2584 sceleris
1883 2556 1988 2596 patra-

1271 2615 1311 2650 (l)
1327 2615 1397 2642 ttaec
1413 2614 1482 2642 bulla
1506 2615 1614 2649 ponitur
1633 2614 1684 2641 sub
1698 2622 1772 2642 num.
1800 2622 1830 2641 ιιι
1856 2614 1882 2641 ιιι
1907 2613 1985 2642 Rom.

1237 2653 1304 2681 Edit.
1319 2654 1357 2689 (ι.
1372 2654 1421 2687 τ.).
1461 2654 1500 2690 (2)
1519 2654 1554 2681 Ex
1578 2654 1681 2690 Regest.
1700 2654 1725 2681 in
1743 2654 1850 2682 Archiv.
1865 2653 1950 2682 Vatic.
