2281 3251
200 259 249 286 An.
272 260 291 287 C
317 261 382 287 ¹1157

201 1711 348 1735 turtum-nine

195 1744 349 1763 comeduntur.

451 247 519 281 138

399 313 693 354 ruin,Tiburtiuam
721 313 877 348 civitatem
900 315 1074 361 ingressus,
1099 327 1155 362 per

397 376 516 399 annum
545 364 614 398 eius
633 375 703 398 ossa
724 363 752 397 in
777 376 835 398 suo
853 376 984 410 corpore
998 376 1152 399 concussa

396 421 484 457 sunt,
510 421 540 447 et
564 414 688 448 tandem
715 414 907 459 putrefactus
935 414 1101 448 emarcuit.

444 463 465 510 g
492 466 524 496 5.
553 462 652 508 lgitur
673 464 780 497 cuncti
804 462 980 510 pei-orbem
997 472 1150 498 terrarum

341 524 346 536 ¹
395 512 556 547 constituti
585 513 693 548 lideles
729 513 854 547 animos
877 521 906 546 et
939 525 1071 558 corpora
1095 525 1152 560 pro

396 563 466 597 lidei
503 561 694 596 christianae
726 562 904 596 munimine
928 574 1095 609 preparare
1122 571 1151 597 et

394 612 518 646 debitas
541 612 656 657 gratias
675 612 828 646 Saltatori
854 619 974 655 nostro,
988 624 1043 658 pro
1058 612 1151 647 tantis

395 661 559 696 beneficiis
581 661 671 695 abeo
684 662 852 708 susceptis,
867 661 1026 705 exolvere,
1045 661 1151 696 diem-

393 724 455 757 que
484 711 632 746 victoriae
668 722 684 744 e
721 713 810 745 coelo
839 710 930 746 nobis
957 723 1149 751 concessae,

392 761 477 794 diem
508 760 641 795 laetitiae
668 768 698 794 et
738 760 935 796 liberationis
957 773 972 795 a
997 760 1061 795 silio
1092 774 1149 796 su-

393 809 532 855 perbiae,
557 821 715 844 venenoso
734 820 895 857 serpente,
913 810 1018 845 Turco
1032 810 1149 845 foedis-

390 860 495 902 simo,
517 859 611 893 annis
637 859 770 905 siugulis
807 860 967 895 celebrare
1001 860 1148 895 studeant

391 909 451 952 pie,
468 908 651 943 solemniter
679 918 709 943 et
737 909 1146 956 devote-,quemadmodum

391 958 443 991 lilii
458 958 564 997 lsrael,
579 958 618 992 de
634 959 786 994 servitute
808 959 995 1008 AEgyptiaea
1011 959 1146 1001 liberati,

388 1008 618 1054 sempiternum
654 1008 738 1043 diem
769 1008 926 1044 celebrem
960 1009 1146 1050 recolentes,

387 1056 455 1092 Deo
483 1057 592 1092 laudes
619 1058 793 1093 reddebant
815 1067 846 1093 ct
867 1059 1146 1105 gratiarumdebi—

387 1114 434 1141 tas
456 1108 610 1149 actiones;
634 1109 674 1143 ita
697 1117 727 1143 et
755 1110 861 1143 cuncti
887 1108 996 1156 populi
1027 1109 1056 1143 iu
1088 1109 1146 1145 bac

387 1156 588 1192 solemnitate
607 1166 638 1192 et
653 1157 819 1193 festivitate
836 1160 1003 1206 praecipua
1026 1158 1145 1194 Trans-

387 1205 586 1252 figuratiouis
625 1206 753 1242 Domini
784 1209 880 1243 nostri
917 1208 987 1243 lesu
1024 1208 1142 1244 Christi

387 1255 563 1290 recolentes
586 1258 745 1305 mysteria,
774 1257 923 1292 miracula
947 1271 982 1293 ac
1001 1258 1078 1304 legis
1094 1271 1145 1293 na-

386 1313 473 1339 turae
496 1315 526 1339 et
549 1308 666 1351 gratiae
688 1308 848 1355 totiusque
875 1316 1002 1343 sanctae
1033 1317 1063 1342 et
1087 1309 1142 1343 in—

385 1354 531 1390 dividuae
557 1356 723 1391 Trinitatis
746 1357 938 1402 testimonia,
963 1359 1056 1392 etiam
1086 1371 1142 1405 pro

385 1404 488 1438 liabita
514 1405 655 1450 victoria,
679 1406 762 1441 bunc
796 1407 882 1441 diem
907 1408 1040 1441 laetitiae
1071 1420 1141 1454 pei·-

384 1455 488 1500 petuis
523 1455 683 1498 laudibus,
716 1456 881 1503 obsequiis
904 1462 947 1491 et‘
966 1458 1139 1503 gratiarum

382 1503 568 1543 actionibus,
589 1505 618 1539 in
631 1505 851 1540 confusionem
876 1505 1015 1541 bostium
1039 1515 1069 1541 et
1084 1520 1141 1554 po-

383 1553 446 1600 puli
469 1553 631 1589 christiani
647 1555 823 1597 victor-Lan»,
837 1556 985 1591 studeant
1000 1558 1138 1592 venerari

381 1614 417 1636 ac
445 1603 539 1638 etiam
568 1604 740 1640 celebrare.
1045 1632 1048 1636 ι

430 1652 450 1699 ᾗ
478 1655 511 1687 st.
547 1653 597 1694 Et,
626 1663 658 1688 ut
693 1655 915 1689 christifideles
950 1655 987 1690 ad
1011 1664 1138 1691 sanctae

383 1701 558 1738 l'estiiitatis
583 1705 817 1739 venerationem
840 1705 953 1740 devote
980 1714 1010 1740 et
1038 1705 1138 1740 affec-

382 1760 472 1786 tuose
504 1754 706 1796 conveniant,
734 1763 764 1789 et
791 1755 941 1802 quisque,
978 1768 1035 1802 pro
1062 1767 1138 1790 suae

382 1801 606 1838 imbecillitatis
631 1803 772 1845 modulo,
803 1804 905 1838 eidem
931 1803 1136 1852 Redemptori

381 1850 491 1886 laudes
513 1864 548 1887 ae
574 1866 630 1900 pro
651 1854 813 1901 susceptis
837 1854 999 1888 beneliciis
1021 1855 1137 1901 gratia-

381 1913 450 1934 rum
474 1901 597 1937 debitas
624 1904 766 1939 actiones
793 1904 926 1943 exolvat,
957 1912 1053 1951 utque
1070 1905 1136 1951 ipse

382 1962 473 1984 verus
512 1951 623 1987 Pastor
658 1962 752 2000 atque
788 1952 984 2000 Redemptor
1005 1966 1134 2000 gregem

379 2012 472 2034 snum
497 2009 637 2048 protegat
659 2011 753 2050 atque
775 2011 952 2045 conservet,
975 2016 1010 2038 ac
1049 2004 1135 2051 ipso-

378 2061 447 2083 rum
472 2059 593 2086 mentes
614 2052 652 2087 ad
677 2053 802 2087 totalem
830 2053 1029 2088 aemulorum
1059 2054 1132 2088 lidei

379 2103 633 2142 humiliationem
662 2115 692 2142 et
707 2107 931 2143 exterminium
952 2109 1133 2145 corroboret

377 2166 404 2190 et
426 2158 565 2205 inducat,
588 2161 628 2196 de
663 2162 891 2208 omnipotentis
914 2161 973 2196 Dei
1003 2163 1134 2198 miseri-

377 2212 483 2247 cordia
518 2223 548 2248 et
572 2215 734 2251 beatorum
758 2215 842 2250 Petri
865 2225 893 2250 et
928 2215 1016 2250 Pauli
1055 2229 1134 2264 apo-

377 2266 530 2303 stulorum
554 2269 821 2305 eiusauctoritate
845 2270 969 2311 conlisi,
984 2271 1133 2306 omnibus

378 2332 448 2354 vere
471 2324 707 2369 poenitentibus
729 2335 760 2360 et
783 2324 949 2365 confessis,
969 2325 1036 2372 qni,
1061 2325 1132 2372 vigi-

377 2375 436 2409 liae
462 2385 492 2411 et
523 2378 699 2414 festivitatis
719 2379 900 2415 huiusmodi
926 2380 1052 2427 vesperi
1070 2392 1133 2415 ma-

376 2430 564 2479 tutinalique
599 2442 630 2468 et
658 2435 772 2469 missae
799 2434 912 2469 officiis
940 2434 969 2468 iu
987 2433 1131 2479 ecclesia,

377 2485 406 2518 iu
429 2498 491 2532 qua
516 2487 695 2522 institutum
720 2488 889 2523 novissime
911 2484 1050 2523 officium
1075 2500 1128 2523 ce-

376 2539 558 2586 lebrabitur,
581 2542 793 2587 inter-suerint,
822 2555 878 2590 pro
905 2542 1048 2589 qualibet
1071 2541 1132 2576 lio-

377 2607 480 2629 rarum
496 2605 525 2630 et
540 2596 647 2640 missa,
662 2605 803 2637 centnm
825 2597 880 2644 qui
902 2609 974 2632 vero
995 2597 1130 2644 primae,

981 259 1081 283 attia
1088 260 1168 284 th'M
1198 259 1359 283 ROMANR'M

1198 315 1277 349 liciis
1303 315 1450 354 aderunt,
1478 314 1612 360 siugulis
1640 313 1787 348 horarum
1823 325 1953 348 earum-

1196 364 1280 404 dem,
1300 364 1515 411 ,quadraginta
1559 363 1628 398 dies
1661 362 1700 397 de
1732 362 1886 398 iniunctis
1906 363 1953 398 cis

1196 414 1399 459 poenitentiis
1427 413 1613 448 relaxamus.
1642 411 1705 454 Qui
1733 425 1817 453 vero,
1852 412 1952 448 devo-

1196 463 1288 497 tionis
1310 475 1416 504 causa,
1431 462 1612 497 huiusmodi
1638 461 1815 503 festivitatis
1827 470 1952 497 octavas

1194 512 1343 546 duxerint
1369 512 1588 551 celebrandas,
1611 521 1641 547 ct
1663 511 1801 546 maxime
1830 511 1860 546 in
1896 524 1951 546 ec·

1194 561 1300 596 clesiis
1321 561 1382 596 sub
1411 562 1511 609 ipsius
1543 561 1717 597 Salvatoris
1751 561 1952 596 invocatione

1194 609 1344 651 fundatis,
1368 619 1399 646 et
1426 611 1479 658 qui
1503 610 1590 646 boris
1621 610 1785 646 canonicis
1811 622 1847 645 ac
1871 611 1952 645 mis-

1193 660 1236 694 sis
1257 669 1439 695 octavarum
1455 660 1638 695 buiusmodi
1655 659 1868 701 interfuerint,
1883 660 1952 696 illas

1193 710 1323 745 omnino
1348 709 1561 756 indulgentias
1583 718 1838 757 consequantur,
1872 722 1951 757 quas

1193 759 1223 793 in
1239 768 1347 795 octava
1370 759 1439 795 sesti
1459 759 1670 795 Sacratissimi
1687 760 1839 806 Corporis
1854 759 1950 794 Chri-

1191 809 1229 843 sti
1252 810 1338 844 boris
1361 808 1545 845 huiusmodi
1571 808 1839 844 interessentibus
1858 822 1950 856 prac-

1191 858 1376 895 decessores
1406 859 1502 895 nostri
1549 859 1596 906 pia
1621 858 1789 906 largitione
1816 870 1950 894 conces-

1190 918 1310 943 Sel'lllll.

1238 958 1259 1005 S
1283 960 1316 993 5.
1342 959 1415 1000 Quo
1438 959 1522 993 circa
1547 957 1780 993 venerabilibus
1796 957 1948 994 fratribus
1975 965 2059 1001 mene
2095 973 2150 1003 {¹⁵²⁰-

1961 998 2051 1018 stotieae
2069 999 2148 1026 ubique

1961 1029 2102 1056 publii-antur.

1191 1008 1306 1043 nostris
1321 1009 1490 1053 universis,
1507 1007 1707 1055 patriarchis,
1728 1007 1947 1055 archiepisco·

1190 1058 1250 1104 pis,
1273 1058 1433 1105 episcopis
1455 1071 1492 1093 ac
1515 1057 1640 1092 dilectis
1664 1057 1737 1092 filiis
1761 1058 1882 1100 electis,
1910 1070 1947 1094 ac

1189 1107 1445 1154 patriarchalium
1466 1107 1781 1155 metropolitanarum
1793 1115 1824 1141 et
1836 1108 1946 1143 callie-

1187 1157 1321 1192 dralium
1365 1157 1578 1193 Ecclesiaruin
1620 1157 1765 1204 capitulis
1814 1156 1945 1193 ubilibet

1187 1206 1380 1251 constitutis,
1408 1207 1437 1241 iu
1453 1207 1567 1241 virtute
1595 1214 1721 1241 sanctae
1747 1206 1945 1243 obedientiae

1186 1257 1265 1291 etad
1281 1264 1482 1291 aeternornm
1498 1257 1710 1304 praemiorum
1721 1265 1943 1303 augmentum,

1185 1306 1298 1341 barum
1340 1307 1422 1341 serie
1458 1306 1654 1352 iniungimus
1687 1314 1717 1340 et
1753 1306 1943 1342 mandamus

1184 1364 1342 1404 quatenus
1365 1364 1548 1402 praesentes
1572 1357 1678 1391 literas
1701 1363 1823 1390 nostras
1849 1356 1943 1391 cleris

1183 1414 1213 1440 et
1243 1406 1368 1453 populis
1389 1406 1455 1441 suis
1479 1406 1664 1441 auctoritate
1693 1414 1796 1440 nostra
1823 1405 1942 1440 solem-

1184 1456 1265 1490 niter
1294 1455 1506 1503 publicantes,
1532 1455 1777 1490 sacratissimum
1805 1455 1942 1491 Transli-

1182 1506 1355 1551 gurationis
1384 1505 1568 1540 huiusmodi
1596 1505 1722 1545 l'estum,
1749 1504 1835 1552 quod
1877 1506 1941 1540 vul-

1182 1556 1296 1601 gariter
1323 1555 1495 1590 Salvatoris
1534 1555 1661 1599 dicitur,
1695 1553 1755 1589 sub
1787 1554 1940 1590 solemnis

1182 1605 1321 1652 duplicis
1343 1604 1560 1652 officio,qnod
1592 1617 1652 1638 una
1690 1616 1763 1638 cum
1789 1616 1939 1650 praesen-

1182 1654 1265 1689 tibus
1288 1654 1497 1698 destinamus,
1521 1666 1604 1688 anno
1615 1654 1770 1701 quolibet,
1795 1662 1827 1688 ut
1847 1667 1938 1701 prae-

1181 1704 1289 1743 fertur,
1317 1704 1477 1739 celebrent
1507 1713 1537 1738 et
1561 1703 1674 1738 saciant
1697 1704 1790 1738 etiam
1813 1703 1852 1739 ab
1879 1717 1936 1740 eo-

1182 1767 1249 1788 rum
1265 1754 1402 1789 subditis
1417 1753 1586 1793 celebrari,
1615 1754 1718 1801 ipsum
1742 1752 1935 1789 Salvatorem

1181 1812 1324 1838 nostrum
1354 1805 1427 1839 totis
1449 1803 1554 1838 cordis
1581 1802 1747 1838 affectibus
1775 1802 1937 1838 humiliter

1179 1853 1396 1901 deprecantes,
1421 1862 1453 1887 ut
1475 1853 1564 1888 solita
1587 1853 1753 1888 clementia
1773 1852 1936 1888 Ecclesiae

1178 1915 1254 1938 suae
1279 1903 1498 1949 universisque
1527 1903 1675 1938 fidelibus
1701 1901 1870 1937 antedictis
1882 1915 1935 1937 as-

1178 1953 1287 1988 sistere
1309 1962 1337 1987 et
1367 1952 1510 1987 auxiliari
1547 1952 1706 1999 dignetur,
1741 1965 1789 1997 ae,
1812 1951 1934 1988 sublata

1179 2002 1317 2037 bostium
1342 2002 1521 2043 formidine,
1545 2002 1643 2044 illam,
1677 2014 1771 2049 quam
1796 2002 1935 2037 mundus

1177 2052 1252 2087 dare
1277 2065 1338 2086 nou
1364 2061 1478 2099 potest,
1499 2064 1608 2099 pacem
1632 2064 1669 2087 ae
1683 2060 1825 2099 tempora
1842 2051 1934 2087 nobis

1178 2101 1345 2149 tranquilla
1366 2102 1530 2145 concedat,
1545 2110 1577 2136 ut
1591 2115 1652 2137 una
1667 2114 1739 2138 cum
1759 2103 1933 2137 commisso

1177 2151 1267 2186 nobis
1290 2164 1386 2198 grege
1409 2152 1574 2198 pervenire
1596 2152 1633 2187 ad
1649 2152 1839 2199 sempiterna
1859 2164 1932 2199 gau-

1176 2201 1226 2235 dia
1250 2213 1438 2236 mereamur.
1467 2204 1584 2236 Amen.

1224 2251 1244 2297 ἓ
1271 2254 1303 2285 6.
1327 2251 1412 2285 Nulli
1436 2264 1513 2298 ergo
1535 2252 1666 2286 omnino
1690 2251 1854 2285 bominum
1891 2251 1930 2285 li-

1174 2311 1239 2335 ceat
1271 2300 1352 2335 lianc
1375 2302 1521 2349 paginam
1556 2309 1681 2336 nostrae
1709 2301 1929 2343 institutionis,

1176 2350 1376 2385 relaxationis
1398 2359 1428 2385 et
1451 2351 1588 2386 mandati
1617 2351 1802 2397 infringere,
1821 2358 1876 2385 etc.

1225 2401 1338 2435 Datum
1361 2400 1480 2436 Romae
1501 2401 1584 2448 apud
1607 2400 1759 2436 Sanctum
1787 2401 1930 2444 Petrum,

1173 2463 1256 2486 anno
1292 2450 1522 2485 lucarnationis
1550 2450 1727 2485 dominicae
1759 2450 1930 2485 millesimo

1173 2500 1487 2547 quadringentesimo
1501 2500 1766 2547 quinquagesimo
1780 2500 1930 2547 septimo,

1173 2559 1282 2585 octavo
1311 2551 1381 2585 idus
1420 2550 1560 2596 augusti,
1589 2549 1792 2597 pontificatus
1827 2549 1926 2584 nostri

1172 2612 1256 2635 anno
1280 2612 1331 2635 111.

376 2651 494 2694 tertiae,
518 2660 635 2694 sextae,
663 2663 764 2686 nonae
805 2660 833 2686 et
862 2650 1058 2698 completorii
1076 2643 1154 2697 (is-l
1193 2658 1252 2689 ltat.
1273 2658 1319 2688 die
1342 2659 1360 2687 t}
1383 2657 1499 2696 augusti
1524 2657 1609 2694 1457,
1633 2657 1735 2697 pontis.
1755 2666 1832 2687 anno
1855 2665 1897 2687 ttt.

1971 258 2022 286 An.
2039 258 2068 286 C.
2085 256 2153 286 ΙὴὸἹ

1959 2259 2045 2281 Sanctio
2055 2265 2135 2287 poena-
