<?xml version="1.0" encoding="UTF-8"?>
<!DOCTYPE html PUBLIC "-//W3C//DTD XHTML 1.0 Transitional//EN"
    "http://www.w3.org/TR/xhtml1/DTD/xhtml1-transitional.dtd">
<html xmlns="http://www.w3.org/1999/xhtml" xml:lang="en" lang="en">
 <head>
  <title>
</title>
<meta http-equiv="Content-Type" content="text/html;charset=utf-8" />
  <meta name='ocr-system' content='tesseract 3.04.00' />
  <meta name='ocr-capabilities' content='ocr_page ocr_carea ocr_par ocr_line ocrx_word'/>
</head>
<body>
  <div class='ocr_page' id='page_1' title='image "./bullarumdiplomat05cath_0631.png"; bbox 0 0 2281 3251; ppageno 0'>
   <div class='ocr_carea' id='block_1_1' title="bbox 0 0 9 700">
    <p class='ocr_par' dir='ltr' id='par_1_1' title="bbox 0 0 9 700">
     <span class='ocr_line' id='line_1_1' title="bbox 0 0 9 700; baseline 0 0"><span class='ocrx_word' id='word_1_1' title='bbox 0 0 9 700; x_wconf 95' lang='lat' dir='ltr'> </span> 
     </span>
    </p>
   </div>
   <div class='ocr_carea' id='block_1_2' title="bbox 91 268 270 296">
    <p class='ocr_par' dir='ltr' id='par_1_2' title="bbox 91 268 270 296">
     <span class='ocr_line' id='line_1_2' title="bbox 91 268 270 296; baseline -0.011 0"><span class='ocrx_word' id='word_1_2' title='bbox 91 269 140 296; x_wconf 76' lang='lat' dir='ltr'>An.</span> <span class='ocrx_word' id='word_1_3' title='bbox 158 268 186 294; x_wconf 91' lang='lat' dir='ltr'>C.</span> <span class='ocrx_word' id='word_1_4' title='bbox 204 268 270 295; x_wconf 64' lang='lat' dir='ltr'>lssllt</span> 
     </span>
    </p>
   </div>
   <div class='ocr_carea' id='block_1_3' title="bbox 93 375 276 550">
    <p class='ocr_par' dir='ltr' id='par_1_3' title="bbox 93 375 276 550">
     <span class='ocr_line' id='line_1_3' title="bbox 106 375 273 396; baseline -0.018 0"><span class='ocrx_word' id='word_1_5' title='bbox 106 375 183 396; x_wconf 74' lang='lat' dir='ltr'>Contra</span> <span class='ocrx_word' id='word_1_6' title='bbox 198 375 273 394; x_wconf 75' lang='lat' dir='ltr'>viulan-</span> 
     </span>
     <span class='ocr_line' id='line_1_4' title="bbox 93 406 276 427; baseline -0.011 0"><span class='ocrx_word' id='word_1_7' title='bbox 93 409 125 427; x_wconf 73' lang='lat' dir='ltr'>teu</span> <span class='ocrx_word' id='word_1_8' title='bbox 136 406 226 426; x_wconf 77' lang='lat' dir='ltr'>libert-it.</span> <span class='ocrx_word' id='word_1_9' title='bbox 239 411 276 426; x_wconf 81' lang='lat' dir='ltr'>ec-</span> 
     </span>
     <span class='ocr_line' id='line_1_5' title="bbox 94 437 274 457; baseline -0.006 0"><span class='ocrx_word' id='word_1_10' title='bbox 94 438 232 457; x_wconf 68' lang='lat' dir='ltr'>elesiasticam</span> <span class='ocrx_word' id='word_1_11' title='bbox 246 437 274 456; x_wconf 84' lang='lat' dir='ltr'>in·</span> 
     </span>
     <span class='ocr_line' id='line_1_6' title="bbox 95 469 275 488; baseline -0.006 0"><span class='ocrx_word' id='word_1_12' title='bbox 95 471 157 488; x_wconf 71' lang='lat' dir='ltr'>nunt</span> <span class='ocrx_word' id='word_1_13' title='bbox 172 469 275 487; x_wconf 73' lang='lat' dir='ltr'>constitu-</span> 
     </span>
     <span class='ocr_line' id='line_1_7' title="bbox 95 497 276 518; baseline 0 0"><span class='ocrx_word' id='word_1_14' title='bbox 95 499 164 518; x_wconf 75' lang='lat' dir='ltr'>tiones</span> <span class='ocrx_word' id='word_1_15' title='bbox 175 497 212 518; x_wconf 78' lang='lat' dir='ltr'>att.</span> <span class='ocrx_word' id='word_1_16' title='bbox 224 497 276 518; x_wconf 81' lang='lat' dir='ltr'>Pon—</span> 
     </span>
     <span class='ocr_line' id='line_1_8' title="bbox 95 531 178 550; baseline -0.012 0"><span class='ocrx_word' id='word_1_17' title='bbox 95 531 178 550; x_wconf 76' lang='lat' dir='ltr'>uticum.</span> 
     </span>
    </p>
   </div>
   <div class='ocr_carea' id='block_1_4' title="bbox 115 2385 294 2468">
    <p class='ocr_par' dir='ltr' id='par_1_4' title="bbox 115 2385 294 2468">
     <span class='ocr_line' id='line_1_9' title="bbox 127 2385 293 2409; baseline -0.006 -1"><span class='ocrx_word' id='word_1_18' title='bbox 127 2385 250 2409; x_wconf 73' lang='lat' dir='ltr'>ttetorniauo</span> <span class='ocrx_word' id='word_1_19' title='bbox 268 2386 293 2407; x_wconf 75' lang='lat' dir='ltr'>tle</span> 
     </span>
     <span class='ocr_line' id='line_1_10' title="bbox 115 2415 294 2438; baseline 0.011 -3"><span class='ocrx_word' id='word_1_20' title='bbox 115 2415 213 2437; x_wconf 69' lang='lat' dir='ltr'>inuleti&#39;eiss</span> <span class='ocrx_word' id='word_1_21' title='bbox 225 2420 246 2438; x_wconf 80' lang='lat' dir='ltr'>et</span> <span class='ocrx_word' id='word_1_22' title='bbox 260 2417 294 2437; x_wconf 90' lang='lat' dir='ltr'>in-</span> 
     </span>
     <span class='ocr_line' id='line_1_11' title="bbox 115 2448 262 2468; baseline 0.007 -1"><span class='ocrx_word' id='word_1_23' title='bbox 115 2448 262 2468; x_wconf 68' lang='lat' dir='ltr'>cantatoribus.</span> 
     </span>
    </p>
   </div>
   <div class='ocr_carea' id='block_1_5' title="bbox 964 255 1140 278">
    <p class='ocr_par' dir='ltr' id='par_1_5' title="bbox 964 255 1140 278">
     <span class='ocr_line' id='line_1_12' title="bbox 964 255 1140 278; baseline -0.006 0"><span class='ocrx_word' id='word_1_24' title='bbox 964 256 1024 278; x_wconf 84' lang='lat' dir='ltr'>LEO</span> <span class='ocrx_word' id='word_1_25' title='bbox 1047 255 1068 277; x_wconf 72' lang='lat' dir='ltr'>X</span> <span class='ocrx_word' id='word_1_26' title='bbox 1091 255 1140 277; x_wconf 69' lang='grc' dir='ltr'><strong>ΡΙ).</strong></span> 
     </span>
    </p>
   </div>
   <div class='ocr_carea' id='block_1_6' title="bbox 1704 240 1774 271">
    <p class='ocr_par' dir='ltr' id='par_1_6' title="bbox 1704 240 1774 271">
     <span class='ocr_line' id='line_1_13' title="bbox 1704 240 1774 271; baseline 0.029 -2"><span class='ocrx_word' id='word_1_27' title='bbox 1704 240 1774 271; x_wconf 79' lang='grc'>615</span> 
     </span>
    </p>
   </div>
   <div class='ocr_carea' id='block_1_7' title="bbox 337 303 1827 362">
    <p class='ocr_par' dir='ltr' id='par_1_7' title="bbox 337 303 1827 362">
     <span class='ocr_line' id='line_1_14' title="bbox 337 303 1827 362; baseline -0.01 -10"><span class='ocrx_word' id='word_1_28' title='bbox 337 322 352 362; x_wconf 63' lang='lat'><strong>5</strong></span> <span class='ocrx_word' id='word_1_29' title='bbox 374 319 430 352; x_wconf 83' lang='lat'>40.</span> <span class='ocrx_word' id='word_1_30' title='bbox 446 316 569 351; x_wconf 88' lang='lat' dir='ltr'>Etcum</span> <span class='ocrx_word' id='word_1_31' title='bbox 592 326 608 348; x_wconf 87' lang='lat' dir='ltr'>a</span> <span class='ocrx_word' id='word_1_32' title='bbox 632 314 711 358; x_wconf 87' lang='lat' dir='ltr'>iure,</span> <span class='ocrx_word' id='word_1_33' title='bbox 735 320 795 347; x_wconf 90' lang='lat' dir='ltr'>tam</span> <span class='ocrx_word' id='word_1_34' title='bbox 820 312 924 346; x_wconf 89' lang='lat' dir='ltr'>divino</span> <span class='ocrx_word' id='word_1_35' title='bbox 939 324 1033 358; x_wconf 90' lang='lat' dir='ltr'>quam</span> <span class='ocrx_word' id='word_1_36' title='bbox 1077 310 1202 345; x_wconf 76' lang='lat' dir='ltr'>iufamia</span> <span class='ocrx_word' id='word_1_37' title='bbox 1226 316 1389 349; x_wconf 72' lang='lat' dir='ltr'>notentur,</span> <span class='ocrx_word' id='word_1_38' title='bbox 1412 306 1436 342; x_wconf 92' lang='lat' dir='ltr'>si</span> <span class='ocrx_word' id='word_1_39' title='bbox 1463 318 1533 341; x_wconf 87' lang='lat' dir='ltr'>vero</span> <span class='ocrx_word' id='word_1_40' title='bbox 1557 317 1618 339; x_wconf 91' lang='lat' dir='ltr'>non</span> <span class='ocrx_word' id='word_1_41' title='bbox 1638 303 1827 344; x_wconf 72' lang='lat' dir='ltr'>destiterint,</span> 
     </span>
    </p>
   </div>
   <div class='ocr_carea' id='block_1_8' title="bbox 289 361 1058 2644">
    <p class='ocr_par' dir='ltr' id='par_1_8' title="bbox 289 361 1055 2320">
     <span class='ocr_line' id='line_1_15' title="bbox 289 361 1035 411; baseline -0.011 -8"><span class='ocrx_word' id='word_1_42' title='bbox 289 368 439 407; x_wconf 81' lang='lat' dir='ltr'>humano,</span> <span class='ocrx_word' id='word_1_43' title='bbox 455 364 541 400; x_wconf 88' lang='lat' dir='ltr'>laicis</span> <span class='ocrx_word' id='word_1_44' title='bbox 565 371 700 411; x_wconf 89' lang='lat' dir='ltr'>potestas</span> <span class='ocrx_word' id='word_1_45' title='bbox 728 362 810 397; x_wconf 89' lang='lat' dir='ltr'>nulla</span> <span class='ocrx_word' id='word_1_46' title='bbox 835 362 863 396; x_wconf 89' lang='lat' dir='ltr'>iu</span> <span class='ocrx_word' id='word_1_47' title='bbox 887 361 1035 396; x_wconf 86' lang='lat' dir='ltr'>ecclesia-</span> 
     </span>
     <span class='ocr_line' id='line_1_16' title="bbox 290 412 1034 463; baseline -0.012 -10"><span class='ocrx_word' id='word_1_48' title='bbox 290 418 383 453; x_wconf 88' lang='lat' dir='ltr'>sticas</span> <span class='ocrx_word' id='word_1_49' title='bbox 398 426 546 463; x_wconf 86' lang='lat' dir='ltr'>personas</span> <span class='ocrx_word' id='word_1_50' title='bbox 555 413 698 449; x_wconf 89' lang='lat' dir='ltr'>attributa</span> <span class='ocrx_word' id='word_1_51' title='bbox 712 412 761 453; x_wconf 85' lang='lat' dir='ltr'>sit,</span> <span class='ocrx_word' id='word_1_52' title='bbox 775 412 961 446; x_wconf 78' lang='lat' dir='ltr'>innovamus</span> <span class='ocrx_word' id='word_1_53' title='bbox 975 424 1034 445; x_wconf 32' lang='lat' dir='ltr'>oin*</span> 
     </span>
     <span class='ocr_line' id='line_1_17' title="bbox 291 461 1035 512; baseline -0.009 -10"><span class='ocrx_word' id='word_1_54' title='bbox 291 479 345 502; x_wconf 87' lang='lat' dir='ltr'>nes</span> <span class='ocrx_word' id='word_1_55' title='bbox 360 474 388 501; x_wconf 91' lang='lat' dir='ltr'>et</span> <span class='ocrx_word' id='word_1_56' title='bbox 402 464 542 512; x_wconf 85' lang='lat' dir='ltr'>singulas</span> <span class='ocrx_word' id='word_1_57' title='bbox 564 463 805 498; x_wconf 73' lang='lat' dir='ltr'>constitutiones</span> <span class='ocrx_word' id='word_1_58' title='bbox 823 461 873 496; x_wconf 85' lang='lat' dir='ltr'>fel.</span> <span class='ocrx_word' id='word_1_59' title='bbox 897 473 958 495; x_wconf 89' lang='lat' dir='ltr'>rec.</span> <span class='ocrx_word' id='word_1_60' title='bbox 974 461 1035 495; x_wconf 90' lang='lat' dir='ltr'>Bo-</span> 
     </span>
     <span class='ocr_line' id='line_1_18' title="bbox 291 510 1038 562; baseline -0.009 -11"><span class='ocrx_word' id='word_1_61' title='bbox 291 515 392 551; x_wconf 83' lang='lat' dir='ltr'>nisacii</span> <span class='ocrx_word' id='word_1_62' title='bbox 421 515 523 562; x_wconf 84' lang='lat' dir='ltr'>Papae</span> <span class='ocrx_word' id='word_1_63' title='bbox 550 512 640 558; x_wconf 88' lang='lat' dir='ltr'>Vlll,</span> <span class='ocrx_word' id='word_1_64' title='bbox 666 513 757 547; x_wconf 86' lang='lat' dir='ltr'>etiam</span> <span class='ocrx_word' id='word_1_65' title='bbox 788 510 1038 559; x_wconf 76' lang='lat' dir='ltr'>praedecessoris</span> 
     </span>
     <span class='ocr_line' id='line_1_19' title="bbox 292 559 1038 612; baseline -0.009 -11"><span class='ocrx_word' id='word_1_66' title='bbox 292 565 400 610; x_wconf 79' lang='lat' dir='ltr'>nostri,</span> <span class='ocrx_word' id='word_1_67' title='bbox 419 576 499 612; x_wconf 89' lang='lat' dir='ltr'>quae</span> <span class='ocrx_word' id='word_1_68' title='bbox 519 563 626 610; x_wconf 78' lang='lat' dir='ltr'>incipit</span> <span class='ocrx_word' id='word_1_69' title='bbox 648 563 769 607; x_wconf 77' lang='lat' dir='ltr'>Felicis,</span> <span class='ocrx_word' id='word_1_70' title='bbox 785 560 997 596; x_wconf 85' lang='lat' dir='ltr'>etClemeutis</span> <span class='ocrx_word' id='word_1_71' title='bbox 1012 559 1038 594; x_wconf 85' lang='lat' dir='ltr'>V</span> 
     </span>
     <span class='ocr_line' id='line_1_20' title="bbox 291 614 1039 662; baseline -0.009 -11"><span class='ocrx_word' id='word_1_72' title='bbox 291 628 371 662; x_wconf 85' lang='lat' dir='ltr'>quae</span> <span class='ocrx_word' id='word_1_73' title='bbox 387 614 498 660; x_wconf 84' lang='lat' dir='ltr'>incipit</span> <span class='ocrx_word' id='word_1_74' title='bbox 513 614 624 658; x_wconf 80' lang='lat' dir='ltr'>Siquis</span> <span class='ocrx_word' id='word_1_75' title='bbox 637 614 789 652; x_wconf 77' lang='lat' dir='ltr'>suadente,</span> <span class='ocrx_word' id='word_1_76' title='bbox 804 623 927 646; x_wconf 93' lang='lat' dir='ltr'>necnon</span> <span class='ocrx_word' id='word_1_77' title='bbox 944 622 1039 658; x_wconf 89' lang='lat' dir='ltr'>quas-</span> 
     </span>
     <span class='ocr_line' id='line_1_21' title="bbox 291 660 1040 712; baseline -0.009 -12"><span class='ocrx_word' id='word_1_78' title='bbox 291 677 428 712; x_wconf 81' lang='lat' dir='ltr'>cumque</span> <span class='ocrx_word' id='word_1_79' title='bbox 438 663 514 699; x_wconf 86' lang='lat' dir='ltr'>alias</span> <span class='ocrx_word' id='word_1_80' title='bbox 529 662 715 710; x_wconf 88' lang='lat' dir='ltr'>apostolicas</span> <span class='ocrx_word' id='word_1_81' title='bbox 725 662 902 696; x_wconf 82' lang='lat' dir='ltr'>sanctiones</span> <span class='ocrx_word' id='word_1_82' title='bbox 918 660 947 694; x_wconf 94' lang='lat' dir='ltr'>in</span> <span class='ocrx_word' id='word_1_83' title='bbox 963 660 1040 694; x_wconf 80' lang='lat' dir='ltr'>favo·</span> 
     </span>
     <span class='ocr_line' id='line_1_22' title="bbox 293 709 1041 750; baseline -0.009 0"><span class='ocrx_word' id='word_1_84' title='bbox 293 727 357 750; x_wconf 86' lang='lat' dir='ltr'>rem</span> <span class='ocrx_word' id='word_1_85' title='bbox 382 713 531 749; x_wconf 77' lang='lat' dir='ltr'>libertatis</span> <span class='ocrx_word' id='word_1_86' title='bbox 552 712 780 748; x_wconf 87' lang='lat' dir='ltr'>ecclesiastieae</span> <span class='ocrx_word' id='word_1_87' title='bbox 802 719 832 746; x_wconf 90' lang='lat' dir='ltr'>et</span> <span class='ocrx_word' id='word_1_88' title='bbox 854 718 959 745; x_wconf 89' lang='lat' dir='ltr'>contra</span> <span class='ocrx_word' id='word_1_89' title='bbox 975 709 1041 744; x_wconf 86' lang='lat' dir='ltr'>cius</span> 
     </span>
     <span class='ocr_line' id='line_1_23' title="bbox 292 759 1042 811; baseline -0.009 -12"><span class='ocrx_word' id='word_1_90' title='bbox 292 764 457 800; x_wconf 81' lang='lat' dir='ltr'>violatores</span> <span class='ocrx_word' id='word_1_91' title='bbox 478 761 716 811; x_wconf 84' lang='lat' dir='ltr'>quomodolibet</span> <span class='ocrx_word' id='word_1_92' title='bbox 737 761 846 802; x_wconf 80' lang='lat' dir='ltr'>editas3</span> <span class='ocrx_word' id='word_1_93' title='bbox 873 768 903 794; x_wconf 87' lang='lat' dir='ltr'>et</span> <span class='ocrx_word' id='word_1_94' title='bbox 932 759 1042 806; x_wconf 84' lang='lat' dir='ltr'>poenis</span> 
     </span>
     <span class='ocr_line' id='line_1_24' title="bbox 293 809 1041 859; baseline -0.011 -10"><span class='ocrx_word' id='word_1_95' title='bbox 293 815 386 849; x_wconf 88' lang='lat' dir='ltr'>etiam</span> <span class='ocrx_word' id='word_1_96' title='bbox 409 821 516 848; x_wconf 86' lang='lat' dir='ltr'>contra</span> <span class='ocrx_word' id='word_1_97' title='bbox 542 812 609 847; x_wconf 89' lang='lat' dir='ltr'>talia</span> <span class='ocrx_word' id='word_1_98' title='bbox 639 818 887 859; x_wconf 77' lang='lat' dir='ltr'>praesumentes,</span> <span class='ocrx_word' id='word_1_99' title='bbox 915 809 943 842; x_wconf 92' lang='lat' dir='ltr'>iu</span> <span class='ocrx_word' id='word_1_100' title='bbox 961 809 1041 843; x_wconf 89' lang='lat' dir='ltr'>bulla</span> 
     </span>
     <span class='ocr_line' id='line_1_25' title="bbox 294 858 1042 911; baseline -0.008 -14"><span class='ocrx_word' id='word_1_101' title='bbox 294 877 373 911; x_wconf 90' lang='lat' dir='ltr'>quae</span> <span class='ocrx_word' id='word_1_102' title='bbox 395 863 508 910; x_wconf 82' lang='lat' dir='ltr'>legitur</span> <span class='ocrx_word' id='word_1_103' title='bbox 530 862 559 897; x_wconf 92' lang='lat' dir='ltr'>in</span> <span class='ocrx_word' id='word_1_104' title='bbox 587 862 692 896; x_wconf 90' lang='lat' dir='ltr'>Coena</span> <span class='ocrx_word' id='word_1_105' title='bbox 725 860 851 894; x_wconf 84' lang='lat' dir='ltr'>Domini</span> <span class='ocrx_word' id='word_1_106' title='bbox 872 858 1042 901; x_wconf 86' lang='lat' dir='ltr'>contentis,</span> 
     </span>
     <span class='ocr_line' id='line_1_26' title="bbox 295 907 1043 958; baseline -0.011 -9"><span class='ocrx_word' id='word_1_107' title='bbox 295 915 323 948; x_wconf 94' lang='lat' dir='ltr'>in</span> <span class='ocrx_word' id='word_1_108' title='bbox 341 926 399 949; x_wconf 87' lang='lat' dir='ltr'>suo</span> <span class='ocrx_word' id='word_1_109' title='bbox 422 912 534 948; x_wconf 86' lang='lat' dir='ltr'>robore</span> <span class='ocrx_word' id='word_1_110' title='bbox 554 910 780 958; x_wconf 82' lang='lat' dir='ltr'>permansuris.</span> <span class='ocrx_word' id='word_1_111' title='bbox 795 909 834 944; x_wconf 88' lang='lat' dir='ltr'>Et</span> <span class='ocrx_word' id='word_1_112' title='bbox 849 921 919 944; x_wconf 89' lang='lat' dir='ltr'>cum</span> <span class='ocrx_word' id='word_1_113' title='bbox 937 909 965 941; x_wconf 93' lang='lat' dir='ltr'>in</span> <span class='ocrx_word' id='word_1_114' title='bbox 982 907 1043 942; x_wconf 91' lang='lat' dir='ltr'>La-</span> 
     </span>
     <span class='ocr_line' id='line_1_27' title="bbox 295 957 1044 1010; baseline -0.012 -11"><span class='ocrx_word' id='word_1_115' title='bbox 295 962 452 999; x_wconf 86' lang='lat' dir='ltr'>terancnsi</span> <span class='ocrx_word' id='word_1_116' title='bbox 475 962 589 1010; x_wconf 88' lang='lat' dir='ltr'>pariter</span> <span class='ocrx_word' id='word_1_117' title='bbox 610 973 646 996; x_wconf 91' lang='lat' dir='ltr'>ac</span> <span class='ocrx_word' id='word_1_118' title='bbox 668 959 811 996; x_wconf 91' lang='lat' dir='ltr'>conciliis</span> <span class='ocrx_word' id='word_1_119' title='bbox 833 957 1044 1005; x_wconf 77' lang='lat' dir='ltr'>generalibus,</span> 
     </span>
     <span class='ocr_line' id='line_1_28' title="bbox 295 1007 1043 1057; baseline -0.013 -8"><span class='ocrx_word' id='word_1_120' title='bbox 295 1013 354 1049; x_wconf 84' lang='lat' dir='ltr'>sub</span> <span class='ocrx_word' id='word_1_121' title='bbox 370 1010 702 1048; x_wconf 84' lang='lat' dir='ltr'>excommunicationis</span> <span class='ocrx_word' id='word_1_122' title='bbox 727 1021 837 1057; x_wconf 87' lang='lat' dir='ltr'>poena,</span> <span class='ocrx_word' id='word_1_123' title='bbox 853 1007 1043 1055; x_wconf 84' lang='lat' dir='ltr'>prohibitum</span> 
     </span>
     <span class='ocr_line' id='line_1_29' title="bbox 297 1056 1045 1108; baseline -0.013 -9"><span class='ocrx_word' id='word_1_124' title='bbox 297 1063 388 1098; x_wconf 82' lang='lat' dir='ltr'>fuerit</span> <span class='ocrx_word' id='word_1_125' title='bbox 413 1074 452 1097; x_wconf 90' lang='lat' dir='ltr'>ne</span> <span class='ocrx_word' id='word_1_126' title='bbox 474 1074 575 1108; x_wconf 82' lang='lat' dir='ltr'>reges,</span> <span class='ocrx_word' id='word_1_127' title='bbox 597 1060 764 1107; x_wconf 79' lang='lat' dir='ltr'>principes,</span> <span class='ocrx_word' id='word_1_128' title='bbox 779 1058 887 1102; x_wconf 91' lang='lat' dir='ltr'>duces,</span> <span class='ocrx_word' id='word_1_129' title='bbox 903 1056 1045 1099; x_wconf 84' lang='lat' dir='ltr'>comites,</span> 
     </span>
     <span class='ocr_line' id='line_1_30' title="bbox 299 1106 1046 1158; baseline -0.013 -10"><span class='ocrx_word' id='word_1_130' title='bbox 299 1115 443 1157; x_wconf 87' lang='lat' dir='ltr'>barones,</span> <span class='ocrx_word' id='word_1_131' title='bbox 459 1110 655 1158; x_wconf 85' lang='lat' dir='ltr'>respublicae</span> <span class='ocrx_word' id='word_1_132' title='bbox 669 1108 761 1144; x_wconf 88' lang='lat' dir='ltr'>etalii</span> <span class='ocrx_word' id='word_1_133' title='bbox 779 1114 957 1155; x_wconf 87' lang='lat' dir='ltr'>potentatus</span> <span class='ocrx_word' id='word_1_134' title='bbox 973 1106 1046 1152; x_wconf 92' lang='lat' dir='ltr'>qui-</span> 
     </span>
     <span class='ocr_line' id='line_1_31' title="bbox 298 1155 1046 1210; baseline -0.013 -12"><span class='ocrx_word' id='word_1_135' title='bbox 298 1174 445 1210; x_wconf 82' lang='lat' dir='ltr'>cumque,</span> <span class='ocrx_word' id='word_1_136' title='bbox 469 1161 586 1208; x_wconf 84' lang='lat' dir='ltr'>regnis,</span> <span class='ocrx_word' id='word_1_137' title='bbox 610 1158 791 1207; x_wconf 84' lang='lat' dir='ltr'>provinciis,</span> <span class='ocrx_word' id='word_1_138' title='bbox 813 1155 990 1192; x_wconf 89' lang='lat' dir='ltr'>civitatibus</span> <span class='ocrx_word' id='word_1_139' title='bbox 1011 1167 1046 1189; x_wconf 92' lang='lat' dir='ltr'>ac</span> 
     </span>
     <span class='ocr_line' id='line_1_32' title="bbox 299 1203 1047 1260; baseline -0.012 -13"><span class='ocrx_word' id='word_1_140' title='bbox 299 1212 388 1247; x_wconf 87' lang='lat' dir='ltr'>terris</span> <span class='ocrx_word' id='word_1_141' title='bbox 398 1203 1047 1260; x_wconf 66' lang='lat' dir='ltr'>quoquomodopraesidem,collectas,de-</span> 
     </span>
     <span class='ocr_line' id='line_1_33' title="bbox 298 1255 1046 1297; baseline -0.011 0"><span class='ocrx_word' id='word_1_142' title='bbox 298 1263 394 1297; x_wconf 87' lang='lat' dir='ltr'>cimas</span> <span class='ocrx_word' id='word_1_143' title='bbox 429 1269 458 1295; x_wconf 88' lang='lat' dir='ltr'>et</span> <span class='ocrx_word' id='word_1_144' title='bbox 484 1260 542 1294; x_wconf 89' lang='lat' dir='ltr'>alia</span> <span class='ocrx_word' id='word_1_145' title='bbox 569 1256 750 1293; x_wconf 86' lang='lat' dir='ltr'>huiusmodi</span> <span class='ocrx_word' id='word_1_146' title='bbox 779 1267 872 1290; x_wconf 89' lang='lat' dir='ltr'>onera</span> <span class='ocrx_word' id='word_1_147' title='bbox 907 1255 1046 1297; x_wconf 79' lang='lat' dir='ltr'>clericis,</span> 
     </span>
     <span class='ocr_line' id='line_1_34' title="bbox 299 1304 1047 1358; baseline -0.012 -12"><span class='ocrx_word' id='word_1_148' title='bbox 299 1310 442 1358; x_wconf 86' lang='lat' dir='ltr'>praelatis</span> <span class='ocrx_word' id='word_1_149' title='bbox 475 1317 506 1344; x_wconf 89' lang='lat' dir='ltr'>et</span> <span class='ocrx_word' id='word_1_150' title='bbox 532 1308 601 1343; x_wconf 91' lang='lat' dir='ltr'>aliis</span> <span class='ocrx_word' id='word_1_151' title='bbox 628 1306 882 1354; x_wconf 89' lang='lat' dir='ltr'>quibuscumque</span> <span class='ocrx_word' id='word_1_152' title='bbox 905 1304 1047 1351; x_wconf 85' lang='lat' dir='ltr'>personis</span> 
     </span>
     <span class='ocr_line' id='line_1_35' title="bbox 298 1355 1048 1405; baseline -0.011 -10"><span class='ocrx_word' id='word_1_153' title='bbox 298 1358 519 1395; x_wconf 89' lang='lat' dir='ltr'>ecclesiasticis</span> <span class='ocrx_word' id='word_1_154' title='bbox 542 1358 704 1405; x_wconf 80' lang='lat' dir='ltr'>imponant</span> <span class='ocrx_word' id='word_1_155' title='bbox 741 1355 947 1402; x_wconf 71' lang='lat' dir='ltr'>exiguntque,</span> <span class='ocrx_word' id='word_1_156' title='bbox 971 1366 1048 1388; x_wconf 85' lang='lat' dir='ltr'>neve</span> 
     </span>
     <span class='ocr_line' id='line_1_36' title="bbox 298 1403 1049 1456; baseline -0.009 -12"><span class='ocrx_word' id='word_1_157' title='bbox 298 1417 436 1456; x_wconf 88' lang='lat' dir='ltr'>asponte</span> <span class='ocrx_word' id='word_1_158' title='bbox 452 1408 545 1444; x_wconf 87' lang='lat' dir='ltr'>etiam</span> <span class='ocrx_word' id='word_1_159' title='bbox 559 1406 704 1442; x_wconf 90' lang='lat' dir='ltr'>dantibus</span> <span class='ocrx_word' id='word_1_160' title='bbox 725 1414 754 1440; x_wconf 89' lang='lat' dir='ltr'>et</span> <span class='ocrx_word' id='word_1_161' title='bbox 777 1403 1049 1440; x_wconf 85' lang='lat' dir='ltr'>consentientibus</span> 
     </span>
     <span class='ocr_line' id='line_1_37' title="bbox 298 1453 1049 1505; baseline -0.011 -11"><span class='ocrx_word' id='word_1_162' title='bbox 298 1460 390 1494; x_wconf 86' lang='lat' dir='ltr'>etiam</span> <span class='ocrx_word' id='word_1_163' title='bbox 416 1457 578 1505; x_wconf 88' lang='lat' dir='ltr'>recipiant;</span> <span class='ocrx_word' id='word_1_164' title='bbox 593 1465 685 1504; x_wconf 88' lang='lat' dir='ltr'>atque</span> <span class='ocrx_word' id='word_1_165' title='bbox 701 1456 731 1490; x_wconf 93' lang='lat' dir='ltr'>in</span> <span class='ocrx_word' id='word_1_166' title='bbox 756 1454 936 1502; x_wconf 80' lang='lat' dir='ltr'>praemissis</span> <span class='ocrx_word' id='word_1_167' title='bbox 958 1453 1049 1487; x_wconf 86' lang='lat' dir='ltr'>auxi-</span> 
     </span>
     <span class='ocr_line' id='line_1_38' title="bbox 299 1503 1049 1552; baseline -0.009 -9"><span class='ocrx_word' id='word_1_168' title='bbox 299 1508 374 1543; x_wconf 91' lang='lat' dir='ltr'>lium</span> <span class='ocrx_word' id='word_1_169' title='bbox 390 1536 398 1550; x_wconf 90' lang='lat'>,</span> <span class='ocrx_word' id='word_1_170' title='bbox 414 1508 550 1543; x_wconf 82' lang='lat' dir='ltr'>favorem</span> <span class='ocrx_word' id='word_1_171' title='bbox 573 1505 780 1542; x_wconf 75' lang='lat' dir='ltr'>consiliumve</span> <span class='ocrx_word' id='word_1_172' title='bbox 805 1504 904 1552; x_wconf 87' lang='lat' dir='ltr'>palam</span> <span class='ocrx_word' id='word_1_173' title='bbox 927 1503 972 1537; x_wconf 87' lang='lat' dir='ltr'>vel</span> <span class='ocrx_word' id='word_1_174' title='bbox 995 1515 1049 1537; x_wconf 88' lang='lat' dir='ltr'>oe-</span> 
     </span>
     <span class='ocr_line' id='line_1_39' title="bbox 299 1552 1050 1605; baseline -0.007 -12"><span class='ocrx_word' id='word_1_175' title='bbox 299 1558 382 1593; x_wconf 88' lang='lat' dir='ltr'>culte</span> <span class='ocrx_word' id='word_1_176' title='bbox 410 1565 603 1605; x_wconf 86' lang='lat' dir='ltr'>praestantes</span> <span class='ocrx_word' id='word_1_177' title='bbox 649 1556 678 1590; x_wconf 93' lang='lat' dir='ltr'>in</span> <span class='ocrx_word' id='word_1_178' title='bbox 715 1552 1050 1590; x_wconf 82' lang='lat' dir='ltr'>excommunicationis</span> 
     </span>
     <span class='ocr_line' id='line_1_40' title="bbox 300 1602 1049 1654; baseline -0.011 -11"><span class='ocrx_word' id='word_1_179' title='bbox 300 1608 378 1643; x_wconf 88' lang='lat' dir='ltr'>latae</span> <span class='ocrx_word' id='word_1_180' title='bbox 399 1608 571 1642; x_wconf 82' lang='lat' dir='ltr'>sententiae</span> <span class='ocrx_word' id='word_1_181' title='bbox 588 1617 719 1654; x_wconf 86' lang='lat' dir='ltr'>poenam</span> <span class='ocrx_word' id='word_1_182' title='bbox 748 1617 784 1639; x_wconf 90' lang='lat' dir='ltr'>eo</span> <span class='ocrx_word' id='word_1_183' title='bbox 809 1603 876 1651; x_wconf 87' lang='lat' dir='ltr'>ipso</span> <span class='ocrx_word' id='word_1_184' title='bbox 898 1602 1049 1642; x_wconf 86' lang='lat' dir='ltr'>incidant;</span> 
     </span>
     <span class='ocr_line' id='line_1_41' title="bbox 300 1653 1051 1705; baseline -0.008 -13"><span class='ocrx_word' id='word_1_185' title='bbox 300 1666 329 1692; x_wconf 92' lang='lat' dir='ltr'>et</span> <span class='ocrx_word' id='word_1_186' title='bbox 357 1658 441 1705; x_wconf 84' lang='lat' dir='ltr'>ipsae</span> <span class='ocrx_word' id='word_1_187' title='bbox 469 1668 597 1704; x_wconf 84' lang='lat' dir='ltr'>quoque</span> <span class='ocrx_word' id='word_1_188' title='bbox 624 1653 820 1702; x_wconf 87' lang='lat' dir='ltr'>respublicae</span> <span class='ocrx_word' id='word_1_189' title='bbox 847 1665 882 1688; x_wconf 90' lang='lat' dir='ltr'>ac</span> <span class='ocrx_word' id='word_1_190' title='bbox 906 1665 1051 1687; x_wconf 90' lang='lat' dir='ltr'>commu-</span> 
     </span>
     <span class='ocr_line' id='line_1_42' title="bbox 300 1703 1051 1750; baseline -0.008 -8"><span class='ocrx_word' id='word_1_191' title='bbox 300 1708 412 1742; x_wconf 86' lang='lat' dir='ltr'>nitates</span> <span class='ocrx_word' id='word_1_192' title='bbox 432 1717 462 1742; x_wconf 90' lang='lat' dir='ltr'>et</span> <span class='ocrx_word' id='word_1_193' title='bbox 483 1705 711 1745; x_wconf 79' lang='lat' dir='ltr'>universitates,</span> <span class='ocrx_word' id='word_1_194' title='bbox 735 1704 815 1738; x_wconf 90' lang='lat' dir='ltr'>circa</span> <span class='ocrx_word' id='word_1_195' title='bbox 844 1703 903 1737; x_wconf 90' lang='lat' dir='ltr'>boc</span> <span class='ocrx_word' id='word_1_196' title='bbox 917 1714 1051 1750; x_wconf 82' lang='lat' dir='ltr'>quomo-</span> 
     </span>
     <span class='ocr_line' id='line_1_43' title="bbox 300 1752 1051 1803; baseline -0.008 -11"><span class='ocrx_word' id='word_1_197' title='bbox 300 1756 418 1792; x_wconf 91' lang='lat' dir='ltr'>dolibet</span> <span class='ocrx_word' id='word_1_198' title='bbox 444 1756 675 1803; x_wconf 88' lang='lat' dir='ltr'>delinquentes,</span> <span class='ocrx_word' id='word_1_199' title='bbox 697 1753 909 1789; x_wconf 84' lang='lat' dir='ltr'>ecclesiastico</span> <span class='ocrx_word' id='word_1_200' title='bbox 925 1765 961 1787; x_wconf 90' lang='lat' dir='ltr'>eo</span> <span class='ocrx_word' id='word_1_201' title='bbox 985 1752 1051 1799; x_wconf 91' lang='lat' dir='ltr'>ipso</span> 
     </span>
     <span class='ocr_line' id='line_1_44' title="bbox 301 1803 1052 1851; baseline -0.008 -10"><span class='ocrx_word' id='word_1_202' title='bbox 301 1806 509 1842; x_wconf 87' lang='lat' dir='ltr'>subiiciantur</span> <span class='ocrx_word' id='word_1_203' title='bbox 524 1805 703 1845; x_wconf 69' lang='lat' dir='ltr'>interdicto3</span> <span class='ocrx_word' id='word_1_204' title='bbox 717 1803 842 1851; x_wconf 87' lang='lat' dir='ltr'>praelati</span> <span class='ocrx_word' id='word_1_205' title='bbox 860 1803 951 1837; x_wconf 86' lang='lat' dir='ltr'>etiam</span> <span class='ocrx_word' id='word_1_206' title='bbox 969 1814 1052 1850; x_wconf 86' lang='lat' dir='ltr'>prae-</span> 
     </span>
     <span class='ocr_line' id='line_1_45' title="bbox 303 1853 1053 1903; baseline -0.009 -11"><span class='ocrx_word' id='word_1_207' title='bbox 303 1857 418 1897; x_wconf 83' lang='lat' dir='ltr'>missis,</span> <span class='ocrx_word' id='word_1_208' title='bbox 438 1856 557 1903; x_wconf 86' lang='lat' dir='ltr'>absque</span> <span class='ocrx_word' id='word_1_209' title='bbox 578 1855 669 1889; x_wconf 82' lang='lat' dir='ltr'>Rom.</span> <span class='ocrx_word' id='word_1_210' title='bbox 686 1854 778 1888; x_wconf 89' lang='lat' dir='ltr'>Pont.</span> <span class='ocrx_word' id='word_1_211' title='bbox 791 1864 938 1900; x_wconf 80' lang='lat' dir='ltr'>expressa</span> <span class='ocrx_word' id='word_1_212' title='bbox 955 1853 1053 1887; x_wconf 91' lang='lat' dir='ltr'>licen-</span> 
     </span>
     <span class='ocr_line' id='line_1_46' title="bbox 304 1901 1053 1947; baseline -0.008 -6"><span class='ocrx_word' id='word_1_213' title='bbox 304 1907 355 1947; x_wconf 87' lang='lat' dir='ltr'>tia,</span> <span class='ocrx_word' id='word_1_214' title='bbox 372 1907 451 1941; x_wconf 90' lang='lat' dir='ltr'>ultro</span> <span class='ocrx_word' id='word_1_215' title='bbox 466 1905 661 1941; x_wconf 88' lang='lat' dir='ltr'>consentien.</span> <span class='ocrx_word' id='word_1_216' title='bbox 677 1901 1013 1938; x_wconf 82' lang='lat' dir='ltr'>excommunicationis</span> <span class='ocrx_word' id='word_1_217' title='bbox 1024 1909 1053 1936; x_wconf 93' lang='lat' dir='ltr'>et</span> 
     </span>
     <span class='ocr_line' id='line_1_47' title="bbox 304 1952 1054 2003; baseline -0.008 -13"><span class='ocrx_word' id='word_1_218' title='bbox 304 1955 512 2003; x_wconf 86' lang='lat' dir='ltr'>depositionis</span> <span class='ocrx_word' id='word_1_219' title='bbox 531 1967 662 2002; x_wconf 89' lang='lat' dir='ltr'>poenam</span> <span class='ocrx_word' id='word_1_220' title='bbox 688 1954 756 2000; x_wconf 81' lang='lat' dir='ltr'>ipso</span> <span class='ocrx_word' id='word_1_221' title='bbox 780 1952 862 1986; x_wconf 84' lang='lat' dir='ltr'>sacto</span> <span class='ocrx_word' id='word_1_222' title='bbox 883 1952 1054 1996; x_wconf 85' lang='lat' dir='ltr'>incurrant,</span> 
     </span>
     <span class='ocr_line' id='line_1_48' title="bbox 304 2001 1053 2040; baseline -0.008 0"><span class='ocrx_word' id='word_1_223' title='bbox 304 2006 472 2040; x_wconf 88' lang='lat' dir='ltr'>statuimus</span> <span class='ocrx_word' id='word_1_224' title='bbox 500 2013 530 2040; x_wconf 86' lang='lat' dir='ltr'>et</span> <span class='ocrx_word' id='word_1_225' title='bbox 557 2005 740 2039; x_wconf 87' lang='lat' dir='ltr'>ordinamus</span> <span class='ocrx_word' id='word_1_226' title='bbox 763 2010 792 2036; x_wconf 89' lang='lat' dir='ltr'>ut</span> <span class='ocrx_word' id='word_1_227' title='bbox 811 2002 848 2036; x_wconf 91' lang='lat' dir='ltr'>de</span> <span class='ocrx_word' id='word_1_228' title='bbox 860 2009 963 2036; x_wconf 86' lang='lat' dir='ltr'>cetero</span> <span class='ocrx_word' id='word_1_229' title='bbox 984 2001 1053 2036; x_wconf 87' lang='lat' dir='ltr'>talia</span> 
     </span>
     <span class='ocr_line' id='line_1_49' title="bbox 305 2051 1055 2103; baseline -0.009 -12"><span class='ocrx_word' id='word_1_230' title='bbox 305 2063 556 2103; x_wconf 77' lang='lat' dir='ltr'>praesumentes,</span> <span class='ocrx_word' id='word_1_231' title='bbox 569 2054 660 2088; x_wconf 84' lang='lat' dir='ltr'>etiam</span> <span class='ocrx_word' id='word_1_232' title='bbox 673 2053 710 2097; x_wconf 91' lang='lat' dir='ltr'>si,</span> <span class='ocrx_word' id='word_1_233' title='bbox 727 2060 759 2087; x_wconf 92' lang='lat' dir='ltr'>ut</span> <span class='ocrx_word' id='word_1_234' title='bbox 775 2051 960 2099; x_wconf 85' lang='lat' dir='ltr'>praefertur,</span> <span class='ocrx_word' id='word_1_235' title='bbox 977 2063 1055 2098; x_wconf 86' lang='lat' dir='ltr'>qua-</span> 
     </span>
     <span class='ocr_line' id='line_1_50' title="bbox 306 2106 1055 2153; baseline -0.007 -8"><span class='ocrx_word' id='word_1_236' title='bbox 306 2109 411 2145; x_wconf 87' lang='lat' dir='ltr'>lificati</span> <span class='ocrx_word' id='word_1_237' title='bbox 439 2110 577 2148; x_wconf 88' lang='lat' dir='ltr'>suerint,</span> <span class='ocrx_word' id='word_1_238' title='bbox 599 2108 679 2142; x_wconf 89' lang='lat' dir='ltr'>ultra</span> <span class='ocrx_word' id='word_1_239' title='bbox 707 2106 900 2153; x_wconf 83' lang='lat' dir='ltr'>supradictas</span> <span class='ocrx_word' id='word_1_240' title='bbox 929 2118 1055 2152; x_wconf 87' lang='lat' dir='ltr'>poenas,</span> 
     </span>
     <span class='ocr_line' id='line_1_51' title="bbox 306 2160 1054 2212; baseline -0.007 -13"><span class='ocrx_word' id='word_1_241' title='bbox 306 2176 384 2212; x_wconf 86' lang='lat' dir='ltr'>quas</span> <span class='ocrx_word' id='word_1_242' title='bbox 405 2162 638 2199; x_wconf 77' lang='lat' dir='ltr'>contravenieu.</span> <span class='ocrx_word' id='word_1_243' title='bbox 667 2173 703 2196; x_wconf 88' lang='lat' dir='ltr'>eo</span> <span class='ocrx_word' id='word_1_244' title='bbox 728 2162 796 2208; x_wconf 88' lang='lat' dir='ltr'>ipso</span> <span class='ocrx_word' id='word_1_245' title='bbox 820 2160 979 2195; x_wconf 85' lang='lat' dir='ltr'>incurrere</span> <span class='ocrx_word' id='word_1_246' title='bbox 1003 2173 1054 2195; x_wconf 86' lang='lat' dir='ltr'>vo-</span> 
     </span>
     <span class='ocr_line' id='line_1_52' title="bbox 307 2215 1055 2263; baseline -0.008 -8"><span class='ocrx_word' id='word_1_247' title='bbox 307 2218 413 2254; x_wconf 92' lang='lat' dir='ltr'>lumus</span> <span class='ocrx_word' id='word_1_248' title='bbox 425 2227 455 2254; x_wconf 82' lang='lat' dir='ltr'>et</span> <span class='ocrx_word' id='word_1_249' title='bbox 472 2219 671 2257; x_wconf 86' lang='lat' dir='ltr'>innovamus,</span> <span class='ocrx_word' id='word_1_250' title='bbox 689 2215 773 2263; x_wconf 91' lang='lat' dir='ltr'>quod</span> <span class='ocrx_word' id='word_1_251' title='bbox 789 2215 825 2250; x_wconf 89' lang='lat' dir='ltr'>ad</span> <span class='ocrx_word' id='word_1_252' title='bbox 842 2227 954 2249; x_wconf 88' lang='lat' dir='ltr'>omnes</span> <span class='ocrx_word' id='word_1_253' title='bbox 968 2224 1055 2250; x_wconf 80' lang='lat' dir='ltr'>actus</span> 
     </span>
     <span class='ocr_line' id='line_1_53' title="bbox 307 2269 1055 2320; baseline -0.004 -12"><span class='ocrx_word' id='word_1_254' title='bbox 307 2273 435 2320; x_wconf 84' lang='lat' dir='ltr'>legitim.</span> <span class='ocrx_word' id='word_1_255' title='bbox 455 2273 607 2308; x_wconf 86' lang='lat' dir='ltr'>inhabiles</span> <span class='ocrx_word' id='word_1_256' title='bbox 620 2280 649 2306; x_wconf 90' lang='lat' dir='ltr'>et</span> <span class='ocrx_word' id='word_1_257' title='bbox 665 2269 857 2305; x_wconf 87' lang='lat' dir='ltr'>intestabiles</span> <span class='ocrx_word' id='word_1_258' title='bbox 873 2269 1055 2305; x_wconf 84' lang='lat' dir='ltr'>habeantur.</span> 
     </span>
    </p>

    <p class='ocr_par' dir='ltr' id='par_1_9' title="bbox 308 2324 1058 2644">
     <span class='ocr_line' id='line_1_54' title="bbox 356 2324 1057 2375; baseline -0.006 -12"><span class='ocrx_word' id='word_1_259' title='bbox 356 2328 376 2375; x_wconf 71' lang='lat' dir='ltr'>S</span> <span class='ocrx_word' id='word_1_260' title='bbox 403 2332 460 2363; x_wconf 83' lang='lat'>41.</span> <span class='ocrx_word' id='word_1_261' title='bbox 483 2327 522 2362; x_wconf 87' lang='lat' dir='ltr'>Et</span> <span class='ocrx_word' id='word_1_262' title='bbox 548 2340 619 2362; x_wconf 87' lang='lat' dir='ltr'>cum</span> <span class='ocrx_word' id='word_1_263' title='bbox 642 2324 816 2361; x_wconf 86' lang='lat' dir='ltr'>secundum</span> <span class='ocrx_word' id='word_1_264' title='bbox 845 2324 930 2370; x_wconf 85' lang='lat' dir='ltr'>leges</span> <span class='ocrx_word' id='word_1_265' title='bbox 953 2324 1057 2359; x_wconf 87' lang='lat' dir='ltr'>civiles</span> 
     </span>
     <span class='ocr_line' id='line_1_55' title="bbox 308 2378 1056 2424; baseline -0.007 -6"><span class='ocrx_word' id='word_1_266' title='bbox 308 2390 338 2418; x_wconf 87' lang='lat' dir='ltr'>et</span> <span class='ocrx_word' id='word_1_267' title='bbox 359 2394 520 2418; x_wconf 87' lang='lat' dir='ltr'>sacrorum</span> <span class='ocrx_word' id='word_1_268' title='bbox 536 2393 692 2417; x_wconf 89' lang='lat' dir='ltr'>canonum</span> <span class='ocrx_word' id='word_1_269' title='bbox 716 2391 877 2419; x_wconf 72' lang='lat' dir='ltr'>censuras,</span> <span class='ocrx_word' id='word_1_270' title='bbox 900 2378 1056 2424; x_wconf 80' lang='lat' dir='ltr'>sortilegia</span> 
     </span>
     <span class='ocr_line' id='line_1_56' title="bbox 310 2432 1058 2484; baseline -0.009 -12"><span class='ocrx_word' id='word_1_271' title='bbox 310 2449 364 2484; x_wconf 85' lang='lat' dir='ltr'>per</span> <span class='ocrx_word' id='word_1_272' title='bbox 389 2436 616 2472; x_wconf 82' lang='lat' dir='ltr'>invocationem</span> <span class='ocrx_word' id='word_1_273' title='bbox 640 2435 848 2476; x_wconf 79' lang='lat' dir='ltr'>daemonum,</span> <span class='ocrx_word' id='word_1_274' title='bbox 872 2432 1058 2466; x_wconf 86' lang='lat' dir='ltr'>incantatio-</span> 
     </span>
     <span class='ocr_line' id='line_1_57' title="bbox 310 2488 1058 2536; baseline -0.009 -10"><span class='ocrx_word' id='word_1_275' title='bbox 310 2504 365 2526; x_wconf 87' lang='lat' dir='ltr'>nes</span> <span class='ocrx_word' id='word_1_276' title='bbox 388 2503 424 2526; x_wconf 83' lang='lat' dir='ltr'>ac</span> <span class='ocrx_word' id='word_1_277' title='bbox 439 2490 646 2525; x_wconf 85' lang='lat' dir='ltr'>divinationes</span> <span class='ocrx_word' id='word_1_278' title='bbox 669 2488 975 2536; x_wconf 87' lang='lat' dir='ltr'>superstitionesque</span> <span class='ocrx_word' id='word_1_279' title='bbox 992 2498 1058 2533; x_wconf 91' lang='lat' dir='ltr'>pro-</span> 
     </span>
     <span class='ocr_line' id='line_1_58' title="bbox 311 2541 1056 2586; baseline -0.007 -8"><span class='ocrx_word' id='word_1_280' title='bbox 311 2544 426 2580; x_wconf 88' lang='lat' dir='ltr'>hibitae</span> <span class='ocrx_word' id='word_1_281' title='bbox 441 2545 521 2584; x_wconf 88' lang='lat' dir='ltr'>sint,</span> <span class='ocrx_word' id='word_1_282' title='bbox 544 2544 723 2586; x_wconf 87' lang='lat' dir='ltr'>statuimus,</span> <span class='ocrx_word' id='word_1_283' title='bbox 742 2541 944 2577; x_wconf 84' lang='lat' dir='ltr'>decernimus</span> <span class='ocrx_word' id='word_1_284' title='bbox 961 2547 990 2573; x_wconf 85' lang='lat' dir='ltr'>et</span> <span class='ocrx_word' id='word_1_285' title='bbox 1005 2552 1056 2574; x_wconf 91' lang='lat' dir='ltr'>or-</span> 
     </span>
     <span class='ocr_line' id='line_1_59' title="bbox 312 2593 1058 2644; baseline -0.008 -11"><span class='ocrx_word' id='word_1_286' title='bbox 312 2598 456 2633; x_wconf 89' lang='lat' dir='ltr'>dinamus</span> <span class='ocrx_word' id='word_1_287' title='bbox 478 2608 511 2633; x_wconf 91' lang='lat' dir='ltr'>ut</span> <span class='ocrx_word' id='word_1_288' title='bbox 530 2598 647 2641; x_wconf 86' lang='lat' dir='ltr'>clerici,</span> <span class='ocrx_word' id='word_1_289' title='bbox 668 2597 719 2644; x_wconf 92' lang='lat' dir='ltr'>qui</span> <span class='ocrx_word' id='word_1_290' title='bbox 751 2597 779 2629; x_wconf 87' lang='lat' dir='ltr'>iu</span> <span class='ocrx_word' id='word_1_291' title='bbox 799 2593 978 2642; x_wconf 80' lang='lat' dir='ltr'>praemissis</span> <span class='ocrx_word' id='word_1_292' title='bbox 991 2593 1058 2627; x_wconf 91' lang='lat' dir='ltr'>cul-</span> 
     </span>
    </p>
   </div>
   <div class='ocr_carea' id='block_1_9' title="bbox 315 2649 1057 2700">
    <p class='ocr_par' dir='ltr' id='par_1_10' title="bbox 315 2649 1057 2700">
     <span class='ocr_line' id='line_1_60' title="bbox 315 2649 1057 2700; baseline -0.005 -14"><span class='ocrx_word' id='word_1_293' title='bbox 315 2653 432 2700; x_wconf 86' lang='lat' dir='ltr'>pabiles</span> <span class='ocrx_word' id='word_1_294' title='bbox 448 2654 561 2688; x_wconf 84' lang='lat' dir='ltr'>inventi</span> <span class='ocrx_word' id='word_1_295' title='bbox 579 2652 704 2690; x_wconf 83' lang='lat' dir='ltr'>fuerint,</span> <span class='ocrx_word' id='word_1_296' title='bbox 718 2650 844 2685; x_wconf 90' lang='lat' dir='ltr'>arbitrio</span> <span class='ocrx_word' id='word_1_297' title='bbox 860 2649 1057 2696; x_wconf 82' lang='lat' dir='ltr'>superiorum</span> 
     </span>
    </p>
   </div>
   <div class='ocr_carea' id='block_1_10' title="bbox 1077 353 1848 2682">
    <p class='ocr_par' dir='ltr' id='par_1_11' title="bbox 1077 353 1833 693">
     <span class='ocr_line' id='line_1_61' title="bbox 1077 353 1829 407; baseline -0.011 -13"><span class='ocrx_word' id='word_1_298' title='bbox 1077 360 1286 407; x_wconf 82' lang='lat' dir='ltr'>deponantur,</span> <span class='ocrx_word' id='word_1_299' title='bbox 1299 365 1391 404; x_wconf 85' lang='lat' dir='ltr'>atquc</span> <span class='ocrx_word' id='word_1_300' title='bbox 1406 357 1435 390; x_wconf 92' lang='lat' dir='ltr'>iu</span> <span class='ocrx_word' id='word_1_301' title='bbox 1453 354 1677 390; x_wconf 86' lang='lat' dir='ltr'>monasterium</span> <span class='ocrx_word' id='word_1_302' title='bbox 1693 353 1728 387; x_wconf 89' lang='lat' dir='ltr'>ad</span> <span class='ocrx_word' id='word_1_303' title='bbox 1749 361 1829 388; x_wconf 89' lang='lat' dir='ltr'>tcm—</span> 
     </span>
     <span class='ocr_line' id='line_1_62' title="bbox 1079 402 1830 457; baseline -0.009 -13"><span class='ocrx_word' id='word_1_304' title='bbox 1079 423 1136 457; x_wconf 90' lang='lat' dir='ltr'>pus</span> <span class='ocrx_word' id='word_1_305' title='bbox 1159 409 1286 444; x_wconf 89' lang='lat' dir='ltr'>arbitrio</span> <span class='ocrx_word' id='word_1_306' title='bbox 1309 406 1482 453; x_wconf 73' lang='lat' dir='ltr'>superioris</span> <span class='ocrx_word' id='word_1_307' title='bbox 1507 402 1756 452; x_wconf 71' lang='lat' dir='ltr'>prat-finiendum</span> <span class='ocrx_word' id='word_1_308' title='bbox 1773 402 1830 437; x_wconf 86' lang='lat' dir='ltr'>de-</span> 
     </span>
     <span class='ocr_line' id='line_1_63' title="bbox 1080 452 1830 502; baseline -0.012 -8"><span class='ocrx_word' id='word_1_309' title='bbox 1080 458 1262 499; x_wconf 74' lang='lat' dir='ltr'>trudantur,</span> <span class='ocrx_word' id='word_1_310' title='bbox 1286 456 1507 502; x_wconf 75' lang='lat' dir='ltr'>beneficiisque</span> <span class='ocrx_word' id='word_1_311' title='bbox 1535 463 1565 489; x_wconf 89' lang='lat' dir='ltr'>et</span> <span class='ocrx_word' id='word_1_312' title='bbox 1587 453 1699 489; x_wconf 74' lang='lat' dir='ltr'>officiis</span> <span class='ocrx_word' id='word_1_313' title='bbox 1721 452 1830 487; x_wconf 86' lang='lat' dir='ltr'>eccle—</span> 
     </span>
     <span class='ocr_line' id='line_1_64' title="bbox 1080 503 1829 555; baseline -0.011 -12"><span class='ocrx_word' id='word_1_314' title='bbox 1080 509 1212 544; x_wconf 88' lang='lat' dir='ltr'>siasticis</span> <span class='ocrx_word' id='word_1_315' title='bbox 1242 507 1414 555; x_wconf 84' lang='lat' dir='ltr'>priventur.</span> <span class='ocrx_word' id='word_1_316' title='bbox 1443 505 1527 539; x_wconf 85' lang='lat' dir='ltr'>Laici</span> <span class='ocrx_word' id='word_1_317' title='bbox 1564 515 1635 537; x_wconf 78' lang='lat' dir='ltr'>vcro</span> <span class='ocrx_word' id='word_1_318' title='bbox 1666 503 1829 548; x_wconf 88' lang='lat' dir='ltr'>utriusque</span> 
     </span>
     <span class='ocr_line' id='line_1_65' title="bbox 1081 551 1831 599; baseline -0.011 -6"><span class='ocrx_word' id='word_1_319' title='bbox 1081 570 1173 593; x_wconf 87' lang='lat' dir='ltr'>sexus</span> <span class='ocrx_word' id='word_1_320' title='bbox 1208 554 1545 592; x_wconf 77' lang='lat' dir='ltr'>excommunicationis</span> <span class='ocrx_word' id='word_1_321' title='bbox 1568 561 1597 588; x_wconf 88' lang='lat' dir='ltr'>et</span> <span class='ocrx_word' id='word_1_322' title='bbox 1623 553 1692 587; x_wconf 86' lang='lat' dir='ltr'>aliis</span> <span class='ocrx_word' id='word_1_323' title='bbox 1721 551 1831 599; x_wconf 85' lang='lat' dir='ltr'>poenis</span> 
     </span>
     <span class='ocr_line' id='line_1_66' title="bbox 1082 601 1833 652; baseline -0.012 -9"><span class='ocrx_word' id='word_1_324' title='bbox 1082 608 1175 652; x_wconf 88' lang='lat' dir='ltr'>iuris,</span> <span class='ocrx_word' id='word_1_325' title='bbox 1199 616 1257 642; x_wconf 90' lang='lat' dir='ltr'>tam</span> <span class='ocrx_word' id='word_1_326' title='bbox 1289 605 1387 641; x_wconf 84' lang='lat' dir='ltr'>civilis</span> <span class='ocrx_word' id='word_1_327' title='bbox 1410 616 1502 652; x_wconf 89' lang='lat' dir='ltr'>quam</span> <span class='ocrx_word' id='word_1_328' title='bbox 1530 602 1690 646; x_wconf 89' lang='lat' dir='ltr'>canonici,</span> <span class='ocrx_word' id='word_1_329' title='bbox 1718 601 1833 636; x_wconf 87' lang='lat' dir='ltr'>subia-</span> 
     </span>
     <span class='ocr_line' id='line_1_67' title="bbox 1083 666 1184 693; baseline -0.03 0"><span class='ocrx_word' id='word_1_330' title='bbox 1083 666 1184 693; x_wconf 82' lang='lat' dir='ltr'>ceant.</span> 
     </span>
    </p>

    <p class='ocr_par' dir='ltr' id='par_1_12' title="bbox 1084 701 1841 1447">
     <span class='ocr_line' id='line_1_68' title="bbox 1131 701 1832 750; baseline -0.011 -9"><span class='ocrx_word' id='word_1_331' title='bbox 1131 711 1146 750; x_wconf 66' lang='grc' dir='ltr'>,ξ</span> <span class='ocrx_word' id='word_1_332' title='bbox 1173 708 1230 740; x_wconf 70' lang='lat'>42.</span> <span class='ocrx_word' id='word_1_333' title='bbox 1256 705 1295 740; x_wconf 79' lang='lat' dir='ltr'>Ei</span> <span class='ocrx_word' id='word_1_334' title='bbox 1320 713 1352 739; x_wconf 91' lang='lat' dir='ltr'>ut</span> <span class='ocrx_word' id='word_1_335' title='bbox 1373 715 1485 739; x_wconf 87' lang='lat' dir='ltr'>omues</span> <span class='ocrx_word' id='word_1_336' title='bbox 1513 702 1575 737; x_wconf 81' lang='lat' dir='ltr'>sicii</span> <span class='ocrx_word' id='word_1_337' title='bbox 1606 701 1769 737; x_wconf 85' lang='lat' dir='ltr'>christiani</span> <span class='ocrx_word' id='word_1_338' title='bbox 1797 712 1832 734; x_wconf 90' lang='lat' dir='ltr'>ac</span> 
     </span>
     <span class='ocr_line' id='line_1_69' title="bbox 1084 752 1829 798; baseline -0.011 -7"><span class='ocrx_word' id='word_1_339' title='bbox 1084 756 1122 791; x_wconf 89' lang='lat' dir='ltr'>de</span> <span class='ocrx_word' id='word_1_340' title='bbox 1146 756 1206 790; x_wconf 85' lang='lat' dir='ltr'>lide</span> <span class='ocrx_word' id='word_1_341' title='bbox 1228 755 1308 790; x_wconf 87' lang='lat' dir='ltr'>male</span> <span class='ocrx_word' id='word_1_342' title='bbox 1330 754 1513 796; x_wconf 87' lang='lat' dir='ltr'>sentientes,</span> <span class='ocrx_word' id='word_1_343' title='bbox 1529 752 1760 798; x_wconf 88' lang='lat' dir='ltr'>cuiuscumque</span> <span class='ocrx_word' id='word_1_344' title='bbox 1776 761 1829 796; x_wconf 85' lang='lat' dir='ltr'>ge-</span> 
     </span>
     <span class='ocr_line' id='line_1_70' title="bbox 1085 800 1834 841; baseline -0.009 -1"><span class='ocrx_word' id='word_1_345' title='bbox 1085 806 1168 841; x_wconf 87' lang='lat' dir='ltr'>neris</span> <span class='ocrx_word' id='word_1_346' title='bbox 1190 814 1242 840; x_wconf 84' lang='lat' dir='ltr'>aut</span> <span class='ocrx_word' id='word_1_347' title='bbox 1265 804 1400 839; x_wconf 88' lang='lat' dir='ltr'>nationis</span> <span class='ocrx_word' id='word_1_348' title='bbox 1423 802 1549 841; x_wconf 87' lang='lat' dir='ltr'>fuerint,</span> <span class='ocrx_word' id='word_1_349' title='bbox 1574 813 1695 836; x_wconf 87' lang='lat' dir='ltr'>necnon</span> <span class='ocrx_word' id='word_1_350' title='bbox 1723 800 1834 834; x_wconf 85' lang='lat' dir='ltr'>liaerc-</span> 
     </span>
     <span class='ocr_line' id='line_1_71' title="bbox 1087 849 1833 901; baseline -0.009 -12"><span class='ocrx_word' id='word_1_351' title='bbox 1087 856 1137 890; x_wconf 90' lang='lat' dir='ltr'>tici</span> <span class='ocrx_word' id='word_1_352' title='bbox 1172 867 1225 889; x_wconf 88' lang='lat' dir='ltr'>scu</span> <span class='ocrx_word' id='word_1_353' title='bbox 1258 854 1359 901; x_wconf 88' lang='lat' dir='ltr'>aliqua</span> <span class='ocrx_word' id='word_1_354' title='bbox 1388 852 1526 887; x_wconf 79' lang='lat' dir='ltr'>haeresis</span> <span class='ocrx_word' id='word_1_355' title='bbox 1552 851 1619 886; x_wconf 82' lang='lat' dir='ltr'>labe</span> <span class='ocrx_word' id='word_1_356' title='bbox 1650 849 1758 898; x_wconf 90' lang='lat' dir='ltr'>polluti</span> <span class='ocrx_word' id='word_1_357' title='bbox 1788 849 1833 882; x_wconf 89' lang='lat' dir='ltr'>vel</span> 
     </span>
     <span class='ocr_line' id='line_1_72' title="bbox 1087 898 1834 947; baseline -0.009 -8"><span class='ocrx_word' id='word_1_358' title='bbox 1087 905 1287 947; x_wconf 82' lang='lat' dir='ltr'>iudaizantes,</span> <span class='ocrx_word' id='word_1_359' title='bbox 1312 916 1326 937; x_wconf 89' lang='lat' dir='ltr'>a</span> <span class='ocrx_word' id='word_1_360' title='bbox 1349 901 1600 937; x_wconf 80' lang='lat' dir='ltr'>christifidelium</span> <span class='ocrx_word' id='word_1_361' title='bbox 1629 906 1718 935; x_wconf 88' lang='lat' dir='ltr'>coetu</span> <span class='ocrx_word' id='word_1_362' title='bbox 1744 898 1834 946; x_wconf 90' lang='lat' dir='ltr'>peni-</span> 
     </span>
     <span class='ocr_line' id='line_1_73' title="bbox 1087 949 1833 998; baseline -0.008 -9"><span class='ocrx_word' id='word_1_363' title='bbox 1087 963 1134 989; x_wconf 89' lang='lat' dir='ltr'>tus</span> <span class='ocrx_word' id='word_1_364' title='bbox 1162 954 1382 993; x_wconf 77' lang='lat' dir='ltr'>eliminentur,</span> <span class='ocrx_word' id='word_1_365' title='bbox 1406 959 1435 986; x_wconf 91' lang='lat' dir='ltr'>et</span> <span class='ocrx_word' id='word_1_366' title='bbox 1457 963 1472 985; x_wconf 88' lang='lat' dir='ltr'>a</span> <span class='ocrx_word' id='word_1_367' title='bbox 1505 962 1706 998; x_wconf 88' lang='lat' dir='ltr'>quocumque</span> <span class='ocrx_word' id='word_1_368' title='bbox 1742 949 1833 991; x_wconf 90' lang='lat' dir='ltr'>loco,</span> 
     </span>
     <span class='ocr_line' id='line_1_74' title="bbox 1087 998 1836 1051; baseline -0.009 -12"><span class='ocrx_word' id='word_1_369' title='bbox 1087 1013 1116 1039; x_wconf 89' lang='lat' dir='ltr'>ct</span> <span class='ocrx_word' id='word_1_370' title='bbox 1144 1003 1325 1051; x_wconf 80' lang='lat' dir='ltr'>praesertim</span> <span class='ocrx_word' id='word_1_371' title='bbox 1354 1014 1369 1036; x_wconf 86' lang='lat' dir='ltr'>a</span> <span class='ocrx_word' id='word_1_372' title='bbox 1395 1001 1535 1036; x_wconf 82' lang='lat' dir='ltr'>Romana</span> <span class='ocrx_word' id='word_1_373' title='bbox 1555 1000 1650 1035; x_wconf 90' lang='lat' dir='ltr'>Curia</span> <span class='ocrx_word' id='word_1_374' title='bbox 1675 998 1836 1044; x_wconf 84' lang='lat' dir='ltr'>expellan-</span> 
     </span>
     <span class='ocr_line' id='line_1_75' title="bbox 1088 1049 1837 1096; baseline -0.012 -7"><span class='ocrx_word' id='word_1_375' title='bbox 1088 1063 1136 1089; x_wconf 90' lang='lat' dir='ltr'>tur</span> <span class='ocrx_word' id='word_1_376' title='bbox 1158 1066 1193 1088; x_wconf 89' lang='lat' dir='ltr'>ac</span> <span class='ocrx_word' id='word_1_377' title='bbox 1216 1052 1320 1087; x_wconf 90' lang='lat' dir='ltr'>debita</span> <span class='ocrx_word' id='word_1_378' title='bbox 1350 1049 1622 1086; x_wconf 85' lang='lat' dir='ltr'>animadversione</span> <span class='ocrx_word' id='word_1_379' title='bbox 1645 1049 1837 1096; x_wconf 88' lang='lat' dir='ltr'>puniantur,</span> 
     </span>
     <span class='ocr_line' id='line_1_76' title="bbox 1087 1097 1838 1145; baseline -0.009 -8"><span class='ocrx_word' id='word_1_380' title='bbox 1087 1103 1254 1138; x_wconf 86' lang='lat' dir='ltr'>statuimus</span> <span class='ocrx_word' id='word_1_381' title='bbox 1283 1109 1444 1136; x_wconf 87' lang='lat' dir='ltr'>utcontra</span> <span class='ocrx_word' id='word_1_382' title='bbox 1474 1112 1529 1134; x_wconf 85' lang='lat' dir='ltr'>eos</span> <span class='ocrx_word' id='word_1_383' title='bbox 1557 1098 1696 1145; x_wconf 82' lang='lat' dir='ltr'>diligenti</span> <span class='ocrx_word' id='word_1_384' title='bbox 1727 1097 1838 1144; x_wconf 90' lang='lat' dir='ltr'>iuqui-</span> 
     </span>
     <span class='ocr_line' id='line_1_77' title="bbox 1088 1147 1838 1199; baseline -0.008 -12"><span class='ocrx_word' id='word_1_385' title='bbox 1088 1154 1201 1187; x_wconf 87' lang='lat' dir='ltr'>sitione</span> <span class='ocrx_word' id='word_1_386' title='bbox 1226 1151 1355 1199; x_wconf 82' lang='lat' dir='ltr'>ubique,</span> <span class='ocrx_word' id='word_1_387' title='bbox 1377 1159 1405 1184; x_wconf 87' lang='lat' dir='ltr'>et</span> <span class='ocrx_word' id='word_1_388' title='bbox 1431 1150 1459 1183; x_wconf 92' lang='lat' dir='ltr'>in</span> <span class='ocrx_word' id='word_1_389' title='bbox 1478 1149 1558 1183; x_wconf 88' lang='lat' dir='ltr'>dicta</span> <span class='ocrx_word' id='word_1_390' title='bbox 1573 1148 1668 1183; x_wconf 90' lang='lat' dir='ltr'>Curia</span> <span class='ocrx_word' id='word_1_391' title='bbox 1693 1147 1838 1184; x_wconf 80' lang='lat' dir='ltr'>maxime,</span> 
     </span>
     <span class='ocr_line' id='line_1_78' title="bbox 1090 1196 1837 1250; baseline -0.008 -14"><span class='ocrx_word' id='word_1_392' title='bbox 1090 1201 1278 1250; x_wconf 89' lang='lat' dir='ltr'>procedatur</span> <span class='ocrx_word' id='word_1_393' title='bbox 1305 1213 1359 1248; x_wconf 87' lang='lat' dir='ltr'>per</span> <span class='ocrx_word' id='word_1_394' title='bbox 1381 1199 1501 1234; x_wconf 71' lang='lat' dir='ltr'>iudices</span> <span class='ocrx_word' id='word_1_395' title='bbox 1517 1210 1572 1246; x_wconf 84' lang='lat' dir='ltr'>per</span> <span class='ocrx_word' id='word_1_396' title='bbox 1594 1210 1652 1232; x_wconf 89' lang='lat' dir='ltr'>nos</span> <span class='ocrx_word' id='word_1_397' title='bbox 1679 1196 1837 1244; x_wconf 86' lang='lat' dir='ltr'>deputan-</span> 
     </span>
     <span class='ocr_line' id='line_1_79' title="bbox 1089 1247 1841 1297; baseline -0.008 -11"><span class='ocrx_word' id='word_1_398' title='bbox 1089 1253 1158 1297; x_wconf 92' lang='lat' dir='ltr'>dos,</span> <span class='ocrx_word' id='word_1_399' title='bbox 1172 1251 1284 1286; x_wconf 83' lang='lat' dir='ltr'>eteius</span> <span class='ocrx_word' id='word_1_400' title='bbox 1306 1249 1448 1285; x_wconf 90' lang='lat' dir='ltr'>criminis</span> <span class='ocrx_word' id='word_1_401' title='bbox 1471 1260 1540 1283; x_wconf 89' lang='lat' dir='ltr'>reos</span> <span class='ocrx_word' id='word_1_402' title='bbox 1562 1256 1591 1282; x_wconf 89' lang='lat' dir='ltr'>et</span> <span class='ocrx_word' id='word_1_403' title='bbox 1609 1247 1746 1294; x_wconf 81' lang='lat' dir='ltr'>legitime</span> <span class='ocrx_word' id='word_1_404' title='bbox 1763 1258 1841 1281; x_wconf 93' lang='lat' dir='ltr'>con-</span> 
     </span>
     <span class='ocr_line' id='line_1_80' title="bbox 1091 1297 1840 1347; baseline -0.007 -11"><span class='ocrx_word' id='word_1_405' title='bbox 1091 1303 1200 1346; x_wconf 78' lang='lat' dir='ltr'>victos,</span> <span class='ocrx_word' id='word_1_406' title='bbox 1212 1300 1327 1335; x_wconf 89' lang='lat' dir='ltr'>debitis</span> <span class='ocrx_word' id='word_1_407' title='bbox 1343 1299 1454 1347; x_wconf 86' lang='lat' dir='ltr'>poenis</span> <span class='ocrx_word' id='word_1_408' title='bbox 1470 1297 1586 1346; x_wconf 73' lang='lat' dir='ltr'>puniri,</span> <span class='ocrx_word' id='word_1_409' title='bbox 1606 1297 1744 1344; x_wconf 88' lang='lat' dir='ltr'>relapsos</span> <span class='ocrx_word' id='word_1_410' title='bbox 1757 1308 1840 1340; x_wconf 85' lang='lat' dir='ltr'>vero,</span> 
     </span>
     <span class='ocr_line' id='line_1_81' title="bbox 1090 1346 1840 1399; baseline -0.008 -13"><span class='ocrx_word' id='word_1_411' title='bbox 1090 1352 1207 1399; x_wconf 88' lang='lat' dir='ltr'>absque</span> <span class='ocrx_word' id='word_1_412' title='bbox 1241 1350 1304 1385; x_wconf 92' lang='lat' dir='ltr'>ulla</span> <span class='ocrx_word' id='word_1_413' title='bbox 1329 1362 1384 1396; x_wconf 85' lang='lat' dir='ltr'>spe</span> <span class='ocrx_word' id='word_1_414' title='bbox 1415 1349 1522 1383; x_wconf 88' lang='lat' dir='ltr'>veniae</span> <span class='ocrx_word' id='word_1_415' title='bbox 1548 1354 1601 1382; x_wconf 84' lang='lat' dir='ltr'>aut</span> <span class='ocrx_word' id='word_1_416' title='bbox 1631 1346 1840 1387; x_wconf 88' lang='lat' dir='ltr'>remissionis,</span> 
     </span>
     <span class='ocr_line' id='line_1_82' title="bbox 1090 1397 1626 1447; baseline -0.009 -11"><span class='ocrx_word' id='word_1_417' title='bbox 1090 1401 1204 1436; x_wconf 87' lang='lat' dir='ltr'>debitis</span> <span class='ocrx_word' id='word_1_418' title='bbox 1225 1400 1333 1447; x_wconf 89' lang='lat' dir='ltr'>poenis</span> <span class='ocrx_word' id='word_1_419' title='bbox 1365 1399 1444 1434; x_wconf 81' lang='lat' dir='ltr'>affici</span> <span class='ocrx_word' id='word_1_420' title='bbox 1471 1397 1626 1433; x_wconf 89' lang='lat' dir='ltr'>volumus.</span> 
     </span>
    </p>

    <p class='ocr_par' dir='ltr' id='par_1_13' title="bbox 1092 1445 1843 1894">
     <span class='ocr_line' id='line_1_83' title="bbox 1141 1445 1840 1498; baseline -0.01 -12"><span class='ocrx_word' id='word_1_421' title='bbox 1141 1451 1160 1498; x_wconf 64' lang='lat' dir='ltr'>S</span> <span class='ocrx_word' id='word_1_422' title='bbox 1183 1453 1240 1485; x_wconf 72' lang='lat'>45.</span> <span class='ocrx_word' id='word_1_423' title='bbox 1262 1450 1301 1484; x_wconf 89' lang='lat' dir='ltr'>Et</span> <span class='ocrx_word' id='word_1_424' title='bbox 1331 1461 1400 1484; x_wconf 90' lang='lat' dir='ltr'>cum</span> <span class='ocrx_word' id='word_1_425' title='bbox 1425 1448 1668 1484; x_wconf 85' lang='lat' dir='ltr'>constitutiones</span> <span class='ocrx_word' id='word_1_426' title='bbox 1697 1453 1726 1481; x_wconf 87' lang='lat' dir='ltr'>et</span> <span class='ocrx_word' id='word_1_427' title='bbox 1754 1445 1840 1480; x_wconf 92' lang='lat' dir='ltr'>ordi-</span> 
     </span>
     <span class='ocr_line' id='line_1_84' title="bbox 1093 1498 1841 1543; baseline -0.009 -7"><span class='ocrx_word' id='word_1_428' title='bbox 1093 1503 1234 1536; x_wconf 88' lang='lat' dir='ltr'>nationes</span> <span class='ocrx_word' id='word_1_429' title='bbox 1259 1507 1382 1534; x_wconf 88' lang='lat' dir='ltr'>nostrae</span> <span class='ocrx_word' id='word_1_430' title='bbox 1405 1498 1557 1541; x_wconf 62' lang='lat' dir='ltr'>liuiusnr,</span> <span class='ocrx_word' id='word_1_431' title='bbox 1574 1509 1651 1543; x_wconf 87' lang='lat' dir='ltr'>quas</span> <span class='ocrx_word' id='word_1_432' title='bbox 1678 1508 1733 1543; x_wconf 91' lang='lat' dir='ltr'>pro</span> <span class='ocrx_word' id='word_1_433' title='bbox 1759 1507 1841 1530; x_wconf 91' lang='lat' dir='ltr'>nunc</span> 
     </span>
     <span class='ocr_line' id='line_1_85' title="bbox 1092 1545 1840 1590; baseline -0.008 -5"><span class='ocrx_word' id='word_1_434' title='bbox 1092 1552 1285 1589; x_wconf 74' lang='lat' dir='ltr'>ordinamuS,</span> <span class='ocrx_word' id='word_1_435' title='bbox 1308 1549 1414 1590; x_wconf 85' lang='lat' dir='ltr'>vitam,</span> <span class='ocrx_word' id='word_1_436' title='bbox 1437 1560 1540 1582; x_wconf 87' lang='lat' dir='ltr'>mores</span> <span class='ocrx_word' id='word_1_437' title='bbox 1573 1545 1840 1581; x_wconf 86' lang='lat' dir='ltr'>ecclesiasticam-</span> 
     </span>
     <span class='ocr_line' id='line_1_86' title="bbox 1093 1594 1842 1649; baseline -0.009 -14"><span class='ocrx_word' id='word_1_438' title='bbox 1093 1614 1152 1649; x_wconf 89' lang='lat' dir='ltr'>que</span> <span class='ocrx_word' id='word_1_439' title='bbox 1181 1599 1380 1647; x_wconf 79' lang='lat' dir='ltr'>disciplinam</span> <span class='ocrx_word' id='word_1_440' title='bbox 1405 1605 1608 1641; x_wconf 76' lang='lat' dir='ltr'>concernunt,</span> <span class='ocrx_word' id='word_1_441' title='bbox 1632 1604 1691 1630; x_wconf 89' lang='lat' dir='ltr'>tam</span> <span class='ocrx_word' id='word_1_442' title='bbox 1721 1594 1842 1629; x_wconf 85' lang='lat' dir='ltr'>officia-</span> 
     </span>
     <span class='ocr_line' id='line_1_87' title="bbox 1094 1644 1841 1697; baseline -0.011 -11"><span class='ocrx_word' id='word_1_443' title='bbox 1094 1652 1138 1686; x_wconf 86' lang='lat' dir='ltr'>les</span> <span class='ocrx_word' id='word_1_444' title='bbox 1160 1659 1285 1685; x_wconf 87' lang='lat' dir='ltr'>nostros</span> <span class='ocrx_word' id='word_1_445' title='bbox 1312 1661 1405 1697; x_wconf 89' lang='lat' dir='ltr'>quam</span> <span class='ocrx_word' id='word_1_446' title='bbox 1434 1648 1511 1682; x_wconf 87' lang='lat' dir='ltr'>alios</span> <span class='ocrx_word' id='word_1_447' title='bbox 1527 1675 1535 1688; x_wconf 84' lang='lat'>,</span> <span class='ocrx_word' id='word_1_448' title='bbox 1559 1654 1618 1680; x_wconf 87' lang='lat' dir='ltr'>tam</span> <span class='ocrx_word' id='word_1_449' title='bbox 1647 1646 1676 1679; x_wconf 92' lang='lat' dir='ltr'>in</span> <span class='ocrx_word' id='word_1_450' title='bbox 1700 1644 1841 1680; x_wconf 85' lang='lat' dir='ltr'>Romana</span> 
     </span>
     <span class='ocr_line' id='line_1_88' title="bbox 1094 1696 1842 1747; baseline -0.009 -12"><span class='ocrx_word' id='word_1_451' title='bbox 1094 1701 1189 1736; x_wconf 87' lang='lat' dir='ltr'>Curia</span> <span class='ocrx_word' id='word_1_452' title='bbox 1211 1712 1305 1747; x_wconf 88' lang='lat' dir='ltr'>quam</span> <span class='ocrx_word' id='word_1_453' title='bbox 1334 1706 1418 1734; x_wconf 86' lang='lat' dir='ltr'>extra</span> <span class='ocrx_word' id='word_1_454' title='bbox 1443 1697 1558 1744; x_wconf 88' lang='lat' dir='ltr'>ubique</span> <span class='ocrx_word' id='word_1_455' title='bbox 1585 1696 1724 1731; x_wconf 87' lang='lat' dir='ltr'>locorum</span> <span class='ocrx_word' id='word_1_456' title='bbox 1754 1707 1842 1730; x_wconf 91' lang='lat' dir='ltr'>com-</span> 
     </span>
     <span class='ocr_line' id='line_1_89' title="bbox 1096 1744 1842 1791; baseline -0.011 -6"><span class='ocrx_word' id='word_1_457' title='bbox 1096 1759 1269 1790; x_wconf 78' lang='lat' dir='ltr'>moranteS,</span> <span class='ocrx_word' id='word_1_458' title='bbox 1304 1748 1416 1783; x_wconf 87' lang='lat' dir='ltr'>imitari</span> <span class='ocrx_word' id='word_1_459' title='bbox 1445 1746 1607 1786; x_wconf 88' lang='lat' dir='ltr'>convenit,</span> <span class='ocrx_word' id='word_1_460' title='bbox 1642 1745 1701 1779; x_wconf 89' lang='lat' dir='ltr'>illis</span> <span class='ocrx_word' id='word_1_461' title='bbox 1733 1744 1842 1791; x_wconf 83' lang='lat' dir='ltr'>ligari,</span> 
     </span>
     <span class='ocr_line' id='line_1_90' title="bbox 1095 1794 1843 1848; baseline -0.008 -13"><span class='ocrx_word' id='word_1_462' title='bbox 1095 1812 1211 1848; x_wconf 87' lang='lat' dir='ltr'>eosque</span> <span class='ocrx_word' id='word_1_463' title='bbox 1234 1799 1271 1834; x_wconf 90' lang='lat' dir='ltr'>ad</span> <span class='ocrx_word' id='word_1_464' title='bbox 1295 1811 1401 1834; x_wconf 89' lang='lat' dir='ltr'>earum</span> <span class='ocrx_word' id='word_1_465' title='bbox 1426 1796 1676 1832; x_wconf 85' lang='lat' dir='ltr'>observationem</span> <span class='ocrx_word' id='word_1_466' title='bbox 1706 1794 1843 1829; x_wconf 88' lang='lat' dir='ltr'>inviola-</span> 
     </span>
     <span class='ocr_line' id='line_1_91' title="bbox 1096 1844 1842 1894; baseline -0.011 -9"><span class='ocrx_word' id='word_1_467' title='bbox 1096 1851 1199 1885; x_wconf 82' lang='lat' dir='ltr'>biliter</span> <span class='ocrx_word' id='word_1_468' title='bbox 1222 1849 1319 1884; x_wconf 85' lang='lat' dir='ltr'>teneri</span> <span class='ocrx_word' id='word_1_469' title='bbox 1347 1847 1492 1883; x_wconf 91' lang='lat' dir='ltr'>volumus</span> <span class='ocrx_word' id='word_1_470' title='bbox 1514 1854 1608 1894; x_wconf 85' lang='lat' dir='ltr'>atque</span> <span class='ocrx_word' id='word_1_471' title='bbox 1630 1844 1842 1880; x_wconf 85' lang='lat' dir='ltr'>decernimus.</span> 
     </span>
    </p>

    <p class='ocr_par' dir='ltr' id='par_1_14' title="bbox 1096 1893 1848 2682">
     <span class='ocr_line' id='line_1_92' title="bbox 1143 1893 1844 1947; baseline -0.01 -13"><span class='ocrx_word' id='word_1_472' title='bbox 1143 1900 1163 1947; x_wconf 61' lang='lat' dir='ltr'>g</span> <span class='ocrx_word' id='word_1_473' title='bbox 1185 1902 1242 1933; x_wconf 68' lang='lat'>44.</span> <span class='ocrx_word' id='word_1_474' title='bbox 1265 1898 1304 1933; x_wconf 89' lang='lat' dir='ltr'>Et</span> <span class='ocrx_word' id='word_1_475' title='bbox 1332 1910 1370 1932; x_wconf 88' lang='lat' dir='ltr'>ne</span> <span class='ocrx_word' id='word_1_476' title='bbox 1393 1897 1635 1932; x_wconf 89' lang='lat' dir='ltr'>constitutiones</span> <span class='ocrx_word' id='word_1_477' title='bbox 1664 1895 1748 1942; x_wconf 89' lang='lat' dir='ltr'>ipsae</span> <span class='ocrx_word' id='word_1_478' title='bbox 1775 1893 1844 1928; x_wconf 91' lang='lat' dir='ltr'>aliis</span> 
     </span>
     <span class='ocr_line' id='line_1_93' title="bbox 1096 1944 1845 1995; baseline -0.011 -10"><span class='ocrx_word' id='word_1_479' title='bbox 1096 1949 1238 1984; x_wconf 87' lang='lat' dir='ltr'>censuris</span> <span class='ocrx_word' id='word_1_480' title='bbox 1260 1961 1295 1983; x_wconf 89' lang='lat' dir='ltr'>ac</span> <span class='ocrx_word' id='word_1_481' title='bbox 1311 1948 1418 1995; x_wconf 87' lang='lat' dir='ltr'>poenis</span> <span class='ocrx_word' id='word_1_482' title='bbox 1433 1947 1461 1981; x_wconf 92' lang='lat' dir='ltr'>in</span> <span class='ocrx_word' id='word_1_483' title='bbox 1477 1944 1771 1981; x_wconf 88' lang='lat' dir='ltr'>contrafacientibus</span> <span class='ocrx_word' id='word_1_484' title='bbox 1791 1955 1845 1990; x_wconf 88' lang='lat' dir='ltr'>per</span> 
     </span>
     <span class='ocr_line' id='line_1_94' title="bbox 1097 1993 1845 2046; baseline -0.008 -13"><span class='ocrx_word' id='word_1_485' title='bbox 1097 2000 1220 2046; x_wconf 86' lang='lat' dir='ltr'>antiqua</span> <span class='ocrx_word' id='word_1_486' title='bbox 1249 1998 1314 2033; x_wconf 88' lang='lat' dir='ltr'>iura</span> <span class='ocrx_word' id='word_1_487' title='bbox 1349 2005 1378 2032; x_wconf 85' lang='lat' dir='ltr'>et</span> <span class='ocrx_word' id='word_1_488' title='bbox 1411 1996 1568 2031; x_wconf 86' lang='lat' dir='ltr'>constitut.</span> <span class='ocrx_word' id='word_1_489' title='bbox 1599 1993 1754 2042; x_wconf 86' lang='lat' dir='ltr'>impositis</span> <span class='ocrx_word' id='word_1_490' title='bbox 1788 1993 1845 2027; x_wconf 90' lang='lat' dir='ltr'>de-</span> 
     </span>
     <span class='ocr_line' id='line_1_95' title="bbox 1098 2043 1845 2095; baseline -0.011 -11"><span class='ocrx_word' id='word_1_491' title='bbox 1098 2061 1206 2095; x_wconf 81' lang='lat' dir='ltr'>rogare</span> <span class='ocrx_word' id='word_1_492' title='bbox 1234 2048 1262 2082; x_wconf 93' lang='lat' dir='ltr'>in</span> <span class='ocrx_word' id='word_1_493' title='bbox 1286 2048 1391 2095; x_wconf 85' lang='lat' dir='ltr'>aliquo</span> <span class='ocrx_word' id='word_1_494' title='bbox 1413 2046 1589 2089; x_wconf 86' lang='lat' dir='ltr'>videantur,</span> <span class='ocrx_word' id='word_1_495' title='bbox 1612 2057 1682 2079; x_wconf 88' lang='lat' dir='ltr'>cum</span> <span class='ocrx_word' id='word_1_496' title='bbox 1710 2043 1747 2078; x_wconf 88' lang='lat' dir='ltr'>ad</span> <span class='ocrx_word' id='word_1_497' title='bbox 1771 2054 1845 2089; x_wconf 83' lang='lat' dir='ltr'>aug-</span> 
     </span>
     <span class='ocr_line' id='line_1_96' title="bbox 1099 2092 1845 2143; baseline -0.009 -10"><span class='ocrx_word' id='word_1_498' title='bbox 1099 2107 1239 2134; x_wconf 85' lang='lat' dir='ltr'>mentum</span> <span class='ocrx_word' id='word_1_499' title='bbox 1261 2097 1362 2131; x_wconf 82' lang='lat' dir='ltr'>editae</span> <span class='ocrx_word' id='word_1_500' title='bbox 1386 2105 1478 2143; x_wconf 87' lang='lat' dir='ltr'>atque</span> <span class='ocrx_word' id='word_1_501' title='bbox 1505 2095 1696 2140; x_wconf 80' lang='lat' dir='ltr'>excogitatae</span> <span class='ocrx_word' id='word_1_502' title='bbox 1718 2092 1845 2136; x_wconf 82' lang='lat' dir='ltr'>suerint,</span> 
     </span>
     <span class='ocr_line' id='line_1_97' title="bbox 1098 2143 1845 2193; baseline -0.009 -11"><span class='ocrx_word' id='word_1_503' title='bbox 1098 2149 1189 2183; x_wconf 85' lang='lat' dir='ltr'>etiam</span> <span class='ocrx_word' id='word_1_504' title='bbox 1225 2147 1421 2182; x_wconf 82' lang='lat' dir='ltr'>declaramus</span> <span class='ocrx_word' id='word_1_505' title='bbox 1449 2158 1503 2193; x_wconf 86' lang='lat' dir='ltr'>per</span> <span class='ocrx_word' id='word_1_506' title='bbox 1525 2156 1633 2179; x_wconf 86' lang='lat' dir='ltr'>earum</span> <span class='ocrx_word' id='word_1_507' title='bbox 1657 2143 1845 2189; x_wconf 89' lang='lat' dir='ltr'>dispositio-</span> 
     </span>
     <span class='ocr_line' id='line_1_98' title="bbox 1099 2193 1847 2242; baseline -0.011 -9"><span class='ocrx_word' id='word_1_508' title='bbox 1099 2211 1154 2233; x_wconf 88' lang='lat' dir='ltr'>nes</span> <span class='ocrx_word' id='word_1_509' title='bbox 1181 2197 1424 2242; x_wconf 86' lang='lat' dir='ltr'>ordinationesq.</span> <span class='ocrx_word' id='word_1_510' title='bbox 1442 2194 1518 2229; x_wconf 85' lang='lat' dir='ltr'>niliil</span> <span class='ocrx_word' id='word_1_511' title='bbox 1536 2206 1662 2241; x_wconf 85' lang='lat' dir='ltr'>prorsus</span> <span class='ocrx_word' id='word_1_512' title='bbox 1682 2193 1740 2227; x_wconf 95' lang='lat' dir='ltr'>iuri</span> <span class='ocrx_word' id='word_1_513' title='bbox 1756 2204 1847 2226; x_wconf 92' lang='lat' dir='ltr'>com-</span> 
     </span>
     <span class='ocr_line' id='line_1_99' title="bbox 1100 2243 1845 2282; baseline -0.008 0"><span class='ocrx_word' id='word_1_514' title='bbox 1100 2248 1185 2282; x_wconf 90' lang='lat' dir='ltr'>muni</span> <span class='ocrx_word' id='word_1_515' title='bbox 1223 2247 1269 2281; x_wconf 84' lang='lat' dir='ltr'>vel</span> <span class='ocrx_word' id='word_1_516' title='bbox 1303 2247 1435 2281; x_wconf 87' lang='lat' dir='ltr'>decretis</span> <span class='ocrx_word' id='word_1_517' title='bbox 1463 2244 1595 2278; x_wconf 89' lang='lat' dir='ltr'>aliorum</span> <span class='ocrx_word' id='word_1_518' title='bbox 1631 2243 1845 2277; x_wconf 80' lang='lat' dir='ltr'>Romanorum</span> 
     </span>
     <span class='ocr_line' id='line_1_100' title="bbox 1101 2291 1847 2340; baseline -0.009 -8"><span class='ocrx_word' id='word_1_519' title='bbox 1101 2297 1242 2333; x_wconf 74' lang='lat' dir='ltr'>l&#39;ontilic.</span> <span class='ocrx_word' id='word_1_520' title='bbox 1267 2298 1421 2330; x_wconf 90' lang='lat' dir='ltr'>ullatenus</span> <span class='ocrx_word' id='word_1_521' title='bbox 1445 2295 1630 2340; x_wconf 82' lang='lat' dir='ltr'>derogatum</span> <span class='ocrx_word' id='word_1_522' title='bbox 1652 2304 1731 2327; x_wconf 82' lang='lat' dir='ltr'>esse.</span> <span class='ocrx_word' id='word_1_523' title='bbox 1749 2291 1847 2333; x_wconf 89' lang='lat' dir='ltr'>Quin-</span> 
     </span>
     <span class='ocr_line' id='line_1_101' title="bbox 1100 2345 1845 2393; baseline -0.011 -11"><span class='ocrx_word' id='word_1_524' title='bbox 1100 2349 1208 2392; x_wconf 89' lang='lat' dir='ltr'>immo,</span> <span class='ocrx_word' id='word_1_525' title='bbox 1236 2347 1259 2381; x_wconf 92' lang='lat' dir='ltr'>si</span> <span class='ocrx_word' id='word_1_526' title='bbox 1283 2358 1343 2393; x_wconf 86' lang='lat' dir='ltr'>qua</span> <span class='ocrx_word' id='word_1_527' title='bbox 1373 2346 1401 2379; x_wconf 88' lang='lat' dir='ltr'>in</span> <span class='ocrx_word' id='word_1_528' title='bbox 1429 2345 1492 2387; x_wconf 88' lang='lat' dir='ltr'>eis,</span> <span class='ocrx_word' id='word_1_529' title='bbox 1520 2351 1647 2390; x_wconf 85' lang='lat' dir='ltr'>propter</span> <span class='ocrx_word' id='word_1_530' title='bbox 1670 2353 1845 2389; x_wconf 88' lang='lat' dir='ltr'>perversam</span> 
     </span>
     <span class='ocr_line' id='line_1_102' title="bbox 1101 2393 1848 2444; baseline -0.009 -12"><span class='ocrx_word' id='word_1_531' title='bbox 1101 2407 1276 2444; x_wconf 88' lang='lat' dir='ltr'>temporum</span> <span class='ocrx_word' id='word_1_532' title='bbox 1299 2403 1351 2430; x_wconf 87' lang='lat' dir='ltr'>aut</span> <span class='ocrx_word' id='word_1_533' title='bbox 1366 2395 1506 2429; x_wconf 88' lang='lat' dir='ltr'>locorum</span> <span class='ocrx_word' id='word_1_534' title='bbox 1529 2393 1575 2428; x_wconf 87' lang='lat' dir='ltr'>vel</span> <span class='ocrx_word' id='word_1_535' title='bbox 1595 2393 1758 2427; x_wconf 86' lang='lat' dir='ltr'>bominum</span> <span class='ocrx_word' id='word_1_536' title='bbox 1775 2403 1848 2426; x_wconf 91' lang='lat' dir='ltr'>cor-</span> 
     </span>
     <span class='ocr_line' id='line_1_103' title="bbox 1102 2444 1847 2494; baseline -0.011 -12"><span class='ocrx_word' id='word_1_537' title='bbox 1102 2447 1254 2494; x_wconf 87' lang='lat' dir='ltr'>ruptelam</span> <span class='ocrx_word' id='word_1_538' title='bbox 1284 2446 1328 2480; x_wconf 84' lang='lat' dir='ltr'>vel</span> <span class='ocrx_word' id='word_1_539' title='bbox 1361 2444 1493 2478; x_wconf 85' lang='lat' dir='ltr'>abusum</span> <span class='ocrx_word' id='word_1_540' title='bbox 1533 2452 1585 2477; x_wconf 88' lang='lat' dir='ltr'>aut</span> <span class='ocrx_word' id='word_1_541' title='bbox 1613 2453 1847 2489; x_wconf 87' lang='lat' dir='ltr'>quamcumque</span> 
     </span>
     <span class='ocr_line' id='line_1_104' title="bbox 1100 2491 1845 2540; baseline -0.012 -8"><span class='ocrx_word' id='word_1_542' title='bbox 1100 2497 1190 2532; x_wconf 83' lang='lat' dir='ltr'>aliam</span> <span class='ocrx_word' id='word_1_543' title='bbox 1205 2508 1330 2531; x_wconf 87' lang='lat' dir='ltr'>causam</span> <span class='ocrx_word' id='word_1_544' title='bbox 1347 2494 1474 2528; x_wconf 87' lang='lat' dir='ltr'>minime</span> <span class='ocrx_word' id='word_1_545' title='bbox 1487 2493 1692 2540; x_wconf 84' lang='lat' dir='ltr'>probandam,</span> <span class='ocrx_word' id='word_1_546' title='bbox 1710 2491 1845 2536; x_wconf 85' lang='lat' dir='ltr'>vigorem</span> 
     </span>
     <span class='ocr_line' id='line_1_105' title="bbox 1100 2552 1846 2587; baseline -0.013 -5"><span class='ocrx_word' id='word_1_547' title='bbox 1100 2560 1192 2582; x_wconf 88' lang='lat' dir='ltr'>suum</span> <span class='ocrx_word' id='word_1_548' title='bbox 1218 2552 1394 2587; x_wconf 82' lang='lat' dir='ltr'>amiserint,</span> <span class='ocrx_word' id='word_1_549' title='bbox 1422 2555 1456 2578; x_wconf 88' lang='lat' dir='ltr'>ea</span> <span class='ocrx_word' id='word_1_550' title='bbox 1479 2555 1516 2578; x_wconf 82' lang='lat' dir='ltr'>ex</span> <span class='ocrx_word' id='word_1_551' title='bbox 1541 2554 1624 2577; x_wconf 87' lang='lat' dir='ltr'>nunc</span> <span class='ocrx_word' id='word_1_552' title='bbox 1648 2552 1846 2581; x_wconf 76' lang='lat' dir='ltr'>innovamus,</span> 
     </span>
     <span class='ocr_line' id='line_1_106' title="bbox 1101 2589 1847 2632; baseline -0.012 -1"><span class='ocrx_word' id='word_1_553' title='bbox 1101 2597 1325 2632; x_wconf 83' lang='lat' dir='ltr'>confirmamus</span> <span class='ocrx_word' id='word_1_554' title='bbox 1341 2602 1368 2629; x_wconf 89' lang='lat' dir='ltr'>et</span> <span class='ocrx_word' id='word_1_555' title='bbox 1386 2591 1554 2628; x_wconf 76' lang='lat' dir='ltr'>inviolabil.</span> <span class='ocrx_word' id='word_1_556' title='bbox 1584 2589 1739 2626; x_wconf 64' lang='lat' dir='ltr'>observari</span> <span class='ocrx_word' id='word_1_557' title='bbox 1759 2602 1847 2623; x_wconf 84' lang='lat' dir='ltr'>man-</span> 
     </span>
     <span class='ocr_line' id='line_1_107' title="bbox 1101 2647 1222 2682; baseline -0.025 0"><span class='ocrx_word' id='word_1_558' title='bbox 1101 2647 1222 2682; x_wconf 60' lang='lat' dir='ltr'>damus</span> 
     </span>
    </p>
   </div>
   <div class='ocr_carea' id='block_1_11' title="bbox 1844 248 2025 275">
    <p class='ocr_par' dir='ltr' id='par_1_15' title="bbox 1844 248 2025 275">
     <span class='ocr_line' id='line_1_108' title="bbox 1844 248 2025 275; baseline -0.006 0"><span class='ocrx_word' id='word_1_559' title='bbox 1844 250 1891 275; x_wconf 74' lang='lat' dir='ltr'>An.</span> <span class='ocrx_word' id='word_1_560' title='bbox 1910 249 1937 273; x_wconf 77' lang='grc' dir='ltr'>(ἶ.</span> <span class='ocrx_word' id='word_1_561' title='bbox 1961 248 2025 274; x_wconf 67' lang='lat' dir='ltr'>tatu</span> 
     </span>
    </p>
   </div>
   <div class='ocr_carea' id='block_1_12' title="bbox 1848 711 2036 826">
    <p class='ocr_par' dir='ltr' id='par_1_16' title="bbox 1848 711 2036 826">
     <span class='ocr_line' id='line_1_109' title="bbox 1863 711 2031 732; baseline -0.018 0"><span class='ocrx_word' id='word_1_562' title='bbox 1863 711 1989 732; x_wconf 64' lang='lat' dir='ltr'>Remmiam.»</span> <span class='ocrx_word' id='word_1_563' title='bbox 2007 711 2031 729; x_wconf 72' lang='lat' dir='ltr'>ile</span> 
     </span>
     <span class='ocr_line' id='line_1_110' title="bbox 1849 743 2033 767; baseline -0.022 -3"><span class='ocrx_word' id='word_1_564' title='bbox 1849 743 1962 763; x_wconf 65' lang='lat' dir='ltr'>hamenvi-</span> <span class='ocrx_word' id='word_1_565' title='bbox 1984 748 2016 767; x_wconf 63' lang='grc' dir='ltr'>μω</span> <span class='ocrx_word' id='word_1_566' title='bbox 2028 752 2033 754; x_wconf 97' lang='grc'>-</span> 
     </span>
     <span class='ocr_line' id='line_1_111' title="bbox 1848 774 2036 801; baseline -0.016 -7"><span class='ocrx_word' id='word_1_567' title='bbox 1848 774 1955 801; x_wconf 46' lang='lat' dir='ltr'>quiremus</span> <span class='ocrx_word' id='word_1_568' title='bbox 1969 776 1988 792; x_wconf 71' lang='lat' dir='ltr'>et</span> <span class='ocrx_word' id='word_1_569' title='bbox 1998 778 2036 799; x_wconf 76' lang='lat' dir='ltr'>pu-</span> 
     </span>
     <span class='ocr_line' id='line_1_112' title="bbox 1848 805 1938 826; baseline -0.033 0"><span class='ocrx_word' id='word_1_570' title='bbox 1848 805 1938 826; x_wconf 69' lang='lat' dir='ltr'>utendis.</span> 
     </span>
    </p>
   </div>
   <div class='ocr_carea' id='block_1_13' title="bbox 1856 1458 2039 1550">
    <p class='ocr_par' dir='ltr' id='par_1_17' title="bbox 1856 1458 2039 1550">
     <span class='ocr_line' id='line_1_113' title="bbox 1865 1458 2039 1479; baseline -0.006 0"><span class='ocrx_word' id='word_1_571' title='bbox 1865 1459 1920 1479; x_wconf 80' lang='lat' dir='ltr'>llaec</span> <span class='ocrx_word' id='word_1_572' title='bbox 1933 1458 1987 1479; x_wconf 71' lang='lat' dir='ltr'>bulla</span> <span class='ocrx_word' id='word_1_573' title='bbox 1996 1466 2039 1478; x_wconf 71' lang='lat' dir='ltr'>nm-</span> 
     </span>
     <span class='ocr_line' id='line_1_114' title="bbox 1856 1491 2039 1518; baseline 0 -7"><span class='ocrx_word' id='word_1_574' title='bbox 1856 1497 1894 1511; x_wconf 82' lang='lat' dir='ltr'>nes</span> <span class='ocrx_word' id='word_1_575' title='bbox 1918 1495 1937 1512; x_wconf 79' lang='lat' dir='ltr'>et</span> <span class='ocrx_word' id='word_1_576' title='bbox 1964 1491 2039 1518; x_wconf 69' lang='lat' dir='ltr'>ubipie</span> 
     </span>
     <span class='ocr_line' id='line_1_115' title="bbox 1856 1525 1913 1550; baseline 0 -6"><span class='ocrx_word' id='word_1_577' title='bbox 1856 1525 1913 1550; x_wconf 74' lang='lat' dir='ltr'>ligat,</span> 
     </span>
    </p>
   </div>
   <div class='ocr_carea' id='block_1_14' title="bbox 1859 1904 2043 2021">
    <p class='ocr_par' dir='ltr' id='par_1_18' title="bbox 1859 1904 2043 2021">
     <span class='ocr_line' id='line_1_116' title="bbox 1872 1904 2042 1930; baseline -0.012 -6"><span class='ocrx_word' id='word_1_578' title='bbox 1872 1904 1965 1930; x_wconf 57' lang='lat' dir='ltr'>Attis—que</span> <span class='ocrx_word' id='word_1_579' title='bbox 1989 1908 2042 1923; x_wconf 77' lang='lat' dir='ltr'>con-</span> 
     </span>
     <span class='ocr_line' id='line_1_117' title="bbox 1859 1936 2043 1961; baseline -0.011 -6"><span class='ocrx_word' id='word_1_580' title='bbox 1859 1936 1975 1959; x_wconf 66' lang='lat' dir='ltr'>sutanum,</span> <span class='ocrx_word' id='word_1_581' title='bbox 1993 1939 2043 1961; x_wconf 88' lang='lat' dir='ltr'>quo·</span> 
     </span>
     <span class='ocr_line' id='line_1_118' title="bbox 1859 1967 2041 1992; baseline -0.011 -6"><span class='ocrx_word' id='word_1_582' title='bbox 1859 1967 1883 1986; x_wconf 79' lang='lat' dir='ltr'>sd</span> <span class='ocrx_word' id='word_1_583' title='bbox 1900 1971 1986 1992; x_wconf 74' lang='lat' dir='ltr'>poenas,</span> <span class='ocrx_word' id='word_1_584' title='bbox 1999 1969 2041 1985; x_wconf 79' lang='lat' dir='ltr'>non</span> 
     </span>
     <span class='ocr_line' id='line_1_119' title="bbox 1860 1996 1958 2021; baseline -0.01 -5"><span class='ocrx_word' id='word_1_585' title='bbox 1860 1996 1958 2021; x_wconf 70' lang='lat' dir='ltr'>detrahit3</span> 
     </span>
    </p>
   </div>
  </div>
 </body>
</html>
