2281 3251
895 309 995 332 mnssx
1018 307 1172 332 isumus
1683 295 1751 327 807

268 362 465 400 Inhaerendo
487 361 637 408 vestigiis,
663 364 743 398 690.

269 419 302 454 In
326 415 517 461 minoribus,
542 418 623 450 175.

267 475 300 509 In
329 484 496 520 supremae
522 471 683 518 dignitatis
710 473 898 519 apostolicae
936 486 1013 520 spc-

317 527 398 571 cula,
424 529 478 561 18.

268 583 299 616 In
327 592 493 628 supremae
526 580 687 627 dignitatis
709 580 849 628 specula,
877 581 1014 629 disposi-

315 636 400 671 tione
418 647 568 681 superna,
593 637 671 669 195.

266 690 298 724 In
322 701 490 737 supremae
517 688 677 735 dignitatis
704 689 830 735 specula
847 717 855 733 a
892 691 1013 725 meritis

315 744 385 778 licet
407 742 683 783 insufficientibus,
707 745 788 776 472.

266 799 299 833 In
327 810 478 845 supremo
494 797 693 845 Apostolicae
709 797 801 832 Sedis
818 797 907 833 solio.
930 801 1009 833 714.

267 852 479 887 Intelleximus
506 850 603 898 quod,
635 853 714 884 715.

266 905 481 941 intelleximus
504 905 670 952 quosdam.
701 906 780 939 710.

265 960 348 995 Inter
373 960 430 995 alia
458 959 625 994 laudabilia
653 967 684 993 et
711 959 898 1004 necessaria,
929 962 1011 996 684.

265 1014 349 1049 Inter
374 1021 496 1049 caetera
522 1013 644 1048 divinae
675 1012 827 1047 Maiestati
868 1013 1012 1061 benepla-

312 1067 382 1108 cita,
406 1069 488 1101 561.

263 1122 346 1157 Inter
360 1130 500 1156 caeteros
524 1122 553 1155 in
578 1122 721 1156 militanti
746 1123 904 1162 Ecclesia,
929 1124 1010 1157 516.

263 1177 347 1212 Inter
373 1183 476 1210 cetera
499 1175 665 1220 desideria,
689 1179 747 1211 92.

263 1231 348 1266 Inter
373 1238 474 1265 cetera
496 1230 599 1276 gravia
624 1230 779 1277 pulsantia
810 1238 930 1277 pectus,
952 1232 1008 1264 52.

263 1286 347 1320 Inter
368 1292 471 1319 cetera
487 1292 593 1319 nostro
608 1284 754 1331 regimini
772 1284 901 1324 credita,
930 1287 1010 1318 764.

262 1340 347 1375 Inter
369 1351 461 1374 curas
489 1338 682 1385 multiplices
703 1350 797 1386 quae,
821 1340 902 1373 655.

262 1393 347 1429 Inter
372 1404 464 1428 curas
490 1391 684 1439 multiplices
706 1392 834 1440 quibus⁷
856 1396 912 1426 81.

263 1447 348 1483 Inter
370 1445 602 1487 desiderabilia,
627 1449 708 1481 545.

263 1501 348 1536 Inter
374 1500 496 1535 divinae
523 1500 738 1548 dispositionis
766 1514 889 1546 arcana,
931 1501 1009 1535 155.

264 1556 349 1591 Inter
374 1554 549 1595 felicitates,
572 1557 653 1590 155.

262 1609 346 1644 Inter
367 1620 489 1656 graves,
509 1609 592 1644 625.

262 1663 347 1698 Inter
367 1662 559 1709 multiplices
581 1675 683 1709 curas,
708 1666 789 1699 560.

261 1717 347 1754 Inter
366 1717 558 1765 multiplices
574 1727 698 1754 nostrae
713 1717 936 1754 sollicitudinis
957 1730 1010 1752 cu-

311 1784 372 1815 ras,
390 1774 473 1807 622.

260 1826 345 1862 Inter
366 1826 596 1869 solicitudineS‚
621 1828 703 1862 625.

262 1880 306 1916 Ite
328 1889 358 1917 et
385 1893 440 1917 vos
466 1881 496 1916 in
520 1881 643 1917 vineam
667 1893 780 1920 meam,
805 1882 884 1914 692.

623 2011 650 2045 L

260 2138 447 2178 Laetentur,
470 2139 526 2171 40.

260 2192 349 2228 Licet
370 2192 457 2237 alias,
485 2197 653 2239 postquam
681 2199 902 2231 statueramus,
928 2195 1007 2227 711.

259 2246 351 2282 Licet
377 2258 424 2287 ea,
446 2257 528 2293 quae
550 2245 589 2280 de
615 2252 721 2280 nostro
745 2245 902 2285 mandato,
925 2248 1007 2281 264.

259 2301 346 2337 Licet
373 2313 421 2345 ea,
443 2312 523 2349 quae
546 2299 706 2343 laudabili,
730 2302 811 2334 541.

260 2355 348 2391 Licet
369 2355 573 2390 ecclesiarum
595 2355 750 2398 omnium,
775 2356 855 2389 182.

259 2411 359 2451 Licet,
378 2422 416 2445 ex
431 2410 536 2445 debito
552 2410 715 2444 ministerii
733 2409 908 2457 pastoralis,
925 2411 1005 2445 169.

259 2465 349 2501 Licet
370 2465 470 2499 felicis
494 2465 732 2503 recordationis,
761 2465 842 2499 698.

260 2519 349 2555 Licet
371 2518 524 2563 militans,
548 2521 604 2553 88.

260 2574 349 2610 Licet
370 2585 425 2620 per
451 2573 538 2614 alias,
559 2574 639 2607 769.

261 2628 349 2664 Licet
372 2627 535 2664 Romanus
558 2627 714 2667 Pontifex,
737 2630 794 2662 42.

261 2682 376 2732 Liquet
403 2682 568 2726 omnibus,
589 2684 671 2718 482.

1415 360 1444 394 Μ

1057 460 1185 505 Magnas
1207 459 1426 504 omnipotenti,
1450 460 1505 493 31.

1057 509 1227 551 Morantur,
1251 510 1332 542 60⁶2.

1057 559 1188 597 Meritis,
1218 560 1298 592 552.

1057 608 1201 642 Militanti
1230 606 1389 641 Ecclesiae
1413 634 1482 641 ......
1518 605 1775 640 monasteriorum
1791 633 1799 648 ,

1105 657 1312 704 aliorumque,
1335 658 1391 690 27.

1055 707 1198 741 'Militanti
1215 706 1373 741 Ecclesiae
1384 733 1442 739 .....
1460 705 1719 739 monasteriorum
1737 717 1801 739 om-

1105 757 1204 796 nium,
1229 757 1310 789 411.

1056 805 1218 839 Militantis
1245 805 1403 839 Ecclesiae
1432 804 1587 850 regimini.
1616 805 1698 838 1156.

1056 854 1284 889 Misericordias
1308 854 1434 889 Domini
1459 854 1488 887 in
1511 862 1686 897 aeternum,
1716 855 1797 887 101.

1054 903 1285 938 Misericordias
1308 903 1445 946 Domini,
1468 915 1544 950 quas
1569 904 1598 937 in
1617 903 1696 941 dies,
1719 906 1793 937 159.

1054 954 1184 989 Munera
1206 966 1369 988 excaecare
1396 953 1514 996 oculos,
1545 955 1623 986 184.

1415 1050 1442 1085 N

1053 1149 1121 1184 Non
1145 1150 1250 1194 debet,
1275 1152 1355 1184 550.

1054 1199 1123 1234 Non
1146 1199 1307 1241 mediocri,
1332 1202 1388 1233 34.

1053 1247 1162 1295 Nuper
1178 1249 1206 1282 in
1222 1260 1310 1283 sacro
1330 1248 1533 1283 Lateranensi
1556 1248 1699 1287 concilio,
1715 1248 1796 1281 689.

1414 1345 1442 1380 Ο

1054 1444 1156 1480 Officii
1181 1445 1276 1479 nostri
1307 1444 1456 1485 debitum,
1486 1447 1566 1478 546.

1053 1494 1151 1538 Olim,
1176 1496 1255 1528 105.

1053 1543 1173 1578 Omnes
1199 1543 1326 1590 quidem
1349 1543 1581 1583 christifideles.
1606 1546 1686 1578 757.

1053 1592 1184 1628 Ordinis
1207 1593 1262 1637 tui⁷
1290 1594 1348 1628 90.

1415 1690 1440 1724 Ρ

1053 1787 1207 1823 pacificus
1228 1798 1258 1822 et
1280 1796 1425 1822 aeternus
1449 1800 1515 1832 rex,
1543 1789 1624 1823 691.

1054 1838 1164 1872 Pastor
1190 1845 1345 1880 aeternus,
1374 1839 1454 1872 659.

1052 1887 1220 1922 Pastoralis
1242 1886 1334 1921 officii
1358 1886 1497 1921 debitum
1523 1886 1630 1927 nobis,
1667 1889 1746 1922 750.

1053 1936 1220 1972 Pastoralis
1241 1936 1333 1971 officii
1353 1936 1506 1980 debitum,
1528 1948 1609 1983 quo,
1635 1938 1714 1970 755.

1053 1986 1221 2021 Pastoralis
1247 1985 1338 2020 officii
1362 1985 1466 2020 divina
1489 1985 1695 2033 providentia,
1713 1987 1795 2021 571.

1053 2036 1190 2071 Pastoris
1211 2036 1339 2076 aeterni,
1366 2036 1433 2083 qui,
1456 2043 1489 2069 ut
1512 2035 1697 2076 humanum,
1713 2037 1794 2069 757.

1051 2085 1267 2132 Percepimus,
1289 2086 1371 2119 420.

1051 2140 1278 2183 perniciosam,
1297 2140 1380 2172 208.

1051 2193 1198 2228 Pervenit
1219 2192 1257 2227 ad
1283 2204 1385 2237 aures,
1411 2194 1490 2227 100.

1052 2248 1124 2283 Piae
1152 2248 1230 2282 vitae
1252 2246 1366 2287 studio,
1391 2248 1471 2281 566.

1052 2302 1212 2337 Plantatus
1235 2302 1265 2335 in
1293 2312 1379 2347 agro,
1403 2304 1482 2335 572.

1052 2356 1224 2399 Praeclara,
1252 2357 1334 2390 209.

1050 2410 1213 2445 primitiva
1241 2410 1291 2444 illa
1314 2409 1467 2449 Ecclesia,
1490 2411 1571 2443 664.

1050 2466 1111 2500 Pro
1133 2465 1294 2500 excellenti
1320 2464 1553 2511 praeeminentia
1579 2491 1635 2499 .....
1658 2463 1792 2498 Romani

1098 2518 1271 2562 Pontificis,
1299 2520 1379 2553 509.

1050 2574 1112 2608 Pro
1139 2572 1302 2608 excellenti
1331 2572 1561 2619 praeeminentia
1579 2599 1634 2608 .....
1648 2572 1792 2608 Romano

1098 2626 1260 2670 pontifice,
1284 2629 1364 2661 166.

1049 2681 1208 2723 Provenit,
1237 2682 1292 2715 50.
