2281 3251
216 240 264 267 Au.
283 241 312 268 C.
334 241 398 267 ¹507

238 650 348 669 Decretum

220 686 282 702 [itau—

218 1643 299 1663 ‘wlrtae
320 1643 403 1663 *liutit-

236 2123 304 2150 Papno
317 2123 377 2143 suh*-
383 2129 405 2143 rr-

236 2234 376 2254 cardinalium
653 2250 658 2255 ,
705 2249 708 2251 .

333 2271 400 2285 ...η
425 2262 513 2297 prop.
538 2250 722 2297 subscripsi.

466 229 536 262 464

415 294 515 330 officia
540 306 595 342 per
610 294 709 330 solam
727 294 992 340 supplicationem
1022 293 1170 340 desuper,

416 356 473 393 per
495 356 552 379 uos
579 353 609 379 et
631 355 830 378 successores
859 343 1046 391 praedictos
1068 354 1105 377 ac
1131 342 1170 376 de

418 402 524 429 nostro
540 402 570 428 et
588 405 809 428 successorum
831 392 1061 440 praedictorum
1080 404 1170 426 man-

416 444 488 479 ‹lato
503 444 669 490 signatam
684 442 803 489 absque
823 442 953 477 aliarum
974 441 1171 488 apostolica-

418 506 485 528 rum
505 493 643 539 desuper
655 491 870 538 expeditione,
888 492 914 526 si
938 491 1006 526 illas
1021 490 1171 538 expedire

419 543 593 585 noluerint,
620 541 836 576 admittantur.

466 597 481 635 3·
506 596 561 626 17.
582 591 796 626 Decerueutes
815 602 850 625 ex
868 598 955 635 tunc,
973 597 1034 624 tam
1054 589 1173 624 conses-

372 640 570 686 H-sioualia,
598 652 692 687 quam
721 652 832 675 omues
859 648 1038 675 contractus
1064 648 1094 675 et
1124 639 1174 674 iu-

417 700 592 726 strumenta
612 690 807 731 huiusmodi,
823 702 904 737 quae
927 702 1024 736 super
1037 688 1173 737 quibus-

418 752 555 788 cumque
578 740 713 786 negotiis
735 749 765 774 et
790 739 896 780 rebus,
921 751 976 786 per
1002 751 1174 786 quascum-

416 803 479 838 que
507 802 669 834 personas,
697 790 929 836 cuiuscumque
952 788 1114 835 diguitatis
1145 796 1174 823 et

418 839 610 875 conditionis
632 839 760 884 suerint,
783 839 874 874 aliter
895 851 1002 886 quam,
1026 847 1059 873 ut
1083 850 1175 886 prae-

418 891 533 931 fertur,
549 898 615 924 aeta
630 897 755 936 gestave
769 888 905 933 suerint,
921 889 1039 923 nullius
1054 888 1175 923 roboris

418 939 465 975 rel
485 941 637 974 momenti
661 939 806 977 existere,
821 938 1004 985 nullamque
1021 938 1067 973 eis
1080 937 1173 972 sidem

417 989 574 1029 adhiberi,
602 997 633 1024 et
655 988 798 1024 salsitatis
820 988 894 1023 vitio
921 988 1096 1029 subiacere;
1117 999 1175 1022 uec

417 1039 668 1074 contrahentes
664 1051 748 1085 ipsos
762 1037 800 1073 ad
815 1050 924 1073 eorum
945 1037 1174 1072 observantiam

419 1088 527 1135 ligare,
549 1096 602 1123 aut
629 1088 721 1123 alicui
745 1089 794 1122 ius
818 1088 967 1128 tribuere3
989 1088 1101 1134 sicque
1121 1098 1176 1133 per

417 1150 638 1185 quoscumque
681 1137 824 1182 iudices,
851 1145 913 1172 tam
944 1136 1177 1172 ecclesiasticos

417 1200 510 1234 quam
534 1187 730 1228 saeculares,
752 1164 846 1222 etiaiu
869 1186 1028 1221 auditores
1049 1194 1079 1221 et
1101 1198 1176 1220 sau-

417 1245 485 1272 ctae
495 1236 658 1272 Ecclesiae
671 1235 847 1271 cardinales
863 1236 1031 1284 praefatos,
1042 1247 1176 1282 acquos-

417 1299 555 1333 cumque
578 1286 656 1321 alios
680 1286 825 1341 iudicari,
848 1286 1045 1333 interpretari
1069 1294 1099 1320 et
1121 1285 1176 1320 de-

418 1337 479 1371 cidi
502 1336 638 1381 debere,
660 1335 781 1371 sublata
799 1336 844 1370 eis
866 1345 896 1371 et
919 1335 1050 1371 cuilibet
1065 1347 1175 1370 eorum

418 1386 528 1433 quavis
550 1386 627 1421 alias
648 1385 807 1420 iudicandi
836 1392 868 1420 et
899 1385 1127 1432 interpretandi
1149 1393 1176 1419 et

419 1435 587 1471 decidendi
611 1435 780 1480 facultate,
808 1447 843 1470 ac
871 1435 993 1470 irritum
1017 1442 1047 1469 et
1071 1434 1174 1473 inane,

419 1485 443 1519 si
471 1497 564 1521 secus
587 1497 683 1533 super
705 1485 754 1519 his
775 1497 792 1520 a
815 1496 988 1532 quoquam,
1011 1484 1106 1519 etiam
1123 1496 1178 1531 per

420 1547 488 1576 uos,
507 1535 619 1583 quavis
632 1534 831 1575 auctoritate,
859 1535 998 1569 scienter
1021 1533 1068 1569 vel
1087 1534 1178 1580 iguo-

420 1593 524 1620 rauter
544 1594 712 1631 contigerit
735 1593 894 1619 attentari.

471 1640 486 1678 ᾗ
511 1637 566 1669 18.
589 1635 659 1670 Nou
683 1634 883 1669 obstantibus
896 1633 1178 1669 constitutionibus

419 1695 449 1720 et
477 1684 732 1719 ordinationibus
759 1683 966 1731 apostolicis,
1002 1683 1179 1730 ceterisque

419 1734 588 1770 contrariis
609 1733 878 1781 quibuscumque.

469 1783 555 1818 Nulli
578 1795 654 1830 ergo
675 1791 728 1818 etc.

469 1833 503 1868 Si
531 1833 604 1880 quis
630 1842 738 1868 antem
762 1840 815 1867 etc.

470 1884 585 1919 Datum
609 1882 730 1917 Romae
753 1882 836 1929 apud
859 1881 1013 1916 Sanctum
1037 1882 1179 1925 Petrum,

420 1945 504 1968 auno
531 1932 761 1967 Incaruatiouis
795 1931 973 1966 dominicffl.
1011 1931 1179 1965 millesimo

421 1982 680 2031 quingentesimo
702 1982 852 2029 septimo,
881 1980 1023 2015 kalendis
1046 1981 1179 2016 decem..

425 2033 626 2080 pontificatus
648 2032 746 2067 nostri
769 2043 852 2066 anuo
874 2030 995 2077 quium.

473 2087 540 2134 Ego
556 2086 664 2127 lulius,
681 2085 863 2121 Catholicae
884 2084 1045 2120 Ecclesiae
1060 2084 1182 2131 episco-

424 2155 496 2189 pus,
519 2153 615 2176 mauu
645 2140 770 2187 propria
794 2139 981 2185 subscripsi.

473 2195 542 2242 Ego
569 2195 755 2235 Oliverius,
787 2193 885 2242 episc.
915 2193 1052 2237 Ostien.,
1087 2205 1179 2226 manu

473 2303 542 2350 Ego
568 2303 751 2350 Georgius,
779 2302 875 2349 episc.
906 2301 1069 2341 Portuen..
1096 2301 1180 2336 card.

426 2358 649 2405 portugalliae,
673 2370 767 2392 manu
791 2369 880 2404 prop.
906 2356 1090 2402 subscripsi

474 2413 543 2459 Ego
566 2411 719 2459 Raphael,
734 2411 832 2458 episc.
849 2410 1114 2457 SanctiGeorgii,
1130 2422 1204 2457 ομ,

427 2466 591 2502 merarius.

477 2520 543 2567 Ego
566 2520 609 2554 lo.
629 2520 799 2564 Antonius,
822 2520 920 2566 episc.
946 2518 1182 2557 Praenestinus,

431 2586 524 2609 mauu
552 2586 657 2621 propr.
681 2586 731 2608 me
759 2574 944 2621 subscripsi.

479 2628 545 2674 Ego
567 2627 619 2663 G..
613 2627 738 2675 epis<-
766 2627 933 2669 ›thaueu.,
957 2639 1050 2661 mauu
1076 2638 1181 2673 propr

1008 239 1195 262 humatum!
1221 238 1380 260 ttmlam'n

1262 293 1331 340 Ego
1359 292 1548 327 Dominicus
1567 319 1576 337 ,
1603 291 1648 327 tit.
1678 291 1711 326 S.
1738 291 1835 326 Marci
1866 290 1970 338 presb.

1214 342 1312 386 card„
1335 354 1428 376 manu
1453 353 1556 388 propr.
1586 341 1773 389 subscripsi.

1263 392 1331 439 Ego
1347 391 1492 431 Iacobus,
1509 392 1543 425 tit
1563 391 1596 426 S.
1614 390 1790 427 Clementis
1811 390 1973 439 presbyter

1214 441 1313 485 cant,
1337 453 1431 475 mauu
1461 452 1567 488 propr.
1596 440 1783 488 subscripsi.

1264 490 1332 537 Ego
1348 490 1486 531 Petrus,
1503 491 1548 525 tit.
1562 489 1669 525 Sancti
1686 490 1809 538 Cyriaci
1827 490 1856 525 iu
1871 489 1972 525 Ther-

1216 540 1274 575 mis
1290 539 1375 575 eard.
1388 540 1542 586 ReginuS,
1560 551 1652 574 manu
1671 540 1795 587 propria
1813 539 1970 585 subscrip.

1265 589 1332 636 Ego
1351 589 1401 633 F„
1419 590 1462 623 tit.
1479 589 1530 624 Ss.
1555 588 1650 623 Nerei
1664 597 1693 624 et
1715 589 1849 625 Achillei
1867 588 1973 636 presb.

1216 619 1311 674 caimod
1321 639 1501 679 Cnseutiu..
1525 650 1618 672 manu
1615 638 1767 715 qpropria
1786 638 1973 686 subscripsi

1266 689 1333 735 Esto
1356 688 1526 729 Antonius,
1550 688 1596 722 tit.
1614 687 1844 735 SStephani
1838 701 1868 723 ru
1884 687 1974 723 Coe-

1218 739 1258 773 lio
1286 739 1393 773 Monte
1424 738 1587 786 presbyter
1606 737 1705 779 card„
1729 750 1824 772 manu
1848 737 1974 785 propria

1217 789 1401 835 subscripsi.

1267 838 1335 885 Ego
1352 837 1550 881 Franciscus,
1572 837 1617 872 tit.
1640 836 1674 871 S.
1691 836 1855 872 Susanuae
1869 836 1975 884 presb.

1218 888 1316 929 card,
1340 900 1433 922 mauu
1459 899 1548 934 prop.
1571 886 1756 934 subscripsi.

1268 937 1336 984 Ego
1363 937 1535 978 Nicolaus‚
1573 936 1618 970 tit.
1648 935 1682 971 S.
1712 936 1837 971 Priscae
1872 936 1976 983 presb.

1219 987 1303 1023 card.
1328 987 1366 1021 dc
1389 986 1506 1028 Fusco,
1530 998 1626 1021 manu
1651 998 1740 1033 prop.
1763 985 1950 1031 subscripsi.

1268 1037 1336 1083 Ego
1351 1036 1515 1081 Melchior,
1539 1036 1584 1070 tit.
1605 1034 1638 1070 S.
1654 1034 1773 1070 Nicolai
1794 1035 1876 1069 iuter
1890 1034 1976 1069 Ima-

1218 1087 1308 1134 gines
1328 1086 1488 1134 presbyter
1503 1085 1588 1120 eard.
1609 1084 1761 1126 Brixien.‚
1775 1096 1868 1119 mauu
1886 1095 1977 1131 prop.

1269 1136 1335 1182 Ego
1361 1135 1410 1179 F„
1436 1136 1481 1170 tit.
1504 1134 1538 1170 S.
1562 1134 1693 1169 Adriani
1713 1134 1874 1181 presbyter
1891 1134 1976 1168 card.

1219 1186 1257 1221 de
1281 1186 1498 1225 Claromonte,
1528 1196 1622 1219 mauu
1647 1196 1738 1230 prop.

1268 1236 1336 1282 Ego
1359 1234 1412 1275 G..
1430 1235 1475 1269 tit.
1502 1234 1536 1269 S.
1567 1233 1651 1268 Petri
1675 1233 1713 1267 ad
1736 1231 1870 1267 Vincula
1893 1244 1978 1279 pres.

1220 1264 1316 1320 cardo
1298 1313 1317 1326 .,
1346 1283 1634 1324 xic-ecaucellaiins⁷
1662 1294 1755 1317 manu
1777 1294 1867 1337 prop.

1269 1335 1336 1381 Ego
1359 1334 1414 1379 M,
1437 1335 1484 1368 tit.
1513 1332 1647 1368 Sanctae
1669 1331 1810 1366 Mariae
1803 1344 1835 1366 tn
1850 1331 1977 1366 Trans-

1222 1384 1352 1432 tydeum
1392 1361 1553 1431 [iresbuxter
1589 1382 1687 1426 card„
1727 1393 1820 1416 manu
1854 1379 1979 1428 propria

1220 1434 1409 1481 subscripsi.

1270 1484 1339 1531 Ego
1373 1483 1426 1528 R,
1459 1482 1504 1517 tit.
1538 1481 1572 1516 S.
1602 1481 1788 1516 Anastasiae
1820 1480 1982 1528 presbyter

1221 1534 1306 1569 card.
1329 1533 1507 1568 Nauuetcn.

1271 1584 1338 1630 Ego
1362 1583 1412 1624 F.‚
1441 1583 1486 1617 tit.
1514 1581 1549 1617 S.
1573 1579 1729 1617 Caeciliae
1761 1580 1864 1628 presb.
1895 1579 1980 1615 card.

1222 1634 1365 1680 Pupien,
1384 1645 1478 1667 mauu
1501 1644 1591 1679 prop.

1272 1683 1339 1730 Ego
1367 1682 1513 1726 Gabriel,
1542 1682 1588 1715 tit.
1617 1680 1651 1716 S.
1680 1679 1834 1715 Praxedis
1874 1680 1979 1727 presb.

1222 1732 1321 1773 card..
1344 1745 1440 1767 mauu
1468 1743 1558 1779 prop.

1271 1782 1339 1829 Ego
1361 1781 1412 1822 F.
1438 1781 1484 1816 tit.
1508 1780 1541 1816 S.
1577 1779 1714 1816 Sabinae
1747 1779 1855 1828 presb.
1883 1779 1982 1824 card.,

1223 1844 1318 1867 mauu
1343 1844 1432 1879 prop.

1272 1882 1341 1928 Ego
1369 1882 1426 1926 10„
1459 1880 1493 1916 S.
1521 1879 1637 1915 Mariae
1678 1879 1708 1914 iu
1741 1878 1862 1926 Aquiro
1900 1879 1980 1915 diac.

1222 1911 1342 1966 cardiu.
1366 1931 1405 1966 de
1427 1930 1596 1970 Columna,
1620 1941 1716 1964 manu
1742 1941 1831 1976 prop.

1273 1981 1341 2027 Ego
1363 1980 1521 2019 loannes
1549 1978 1584 2014 S.
1614 1979 1730 2014 'llariae
1761 1978 1792 2013 in
1828 1978 1980 2014 Domuica

1223 2031 1302 2066 diac.
1301 1994 1409 2065 geard.
1433 2030 1471 2065 (le
1499 2028 1643 2069 Medicis
1667 2040 1764 2064 mauu
1790 2041 1880 2076 prop.
1909 2027 1982 2064 sub-

1223 2080 1346 2126 scripsi.

1274 2130 1341 2176 Ego
1352 2129 1403 2170 F..
1419 2129 1452 2165 S.
1465 2128 1627 2164 Theodori
1643 2127 1722 2163 diac.
1737 2127 1822 2163 card.
1842 2127 1881 2163 de
1898 2126 1981 2163 San-

1224 2187 1274 2215 cto
1297 2180 1464 2220 Severiuo,
1491 2178 1677 2226 subscripsi.

1273 2230 1342 2276 Ego
1371 2229 1481 2270 lulius,
1516 2228 1551 2263 S.
1579 2227 1691 2275 Augeli
1720 2227 1799 2262 diac.
1829 2226 1914 2263 eard.
1943 2227 1982 2263 de

1223 2278 1415 2323 Caesariuis,
1439 2291 1533 2313 mauu
1558 2290 1648 2326 prop.
1678 2277 1864 2324 subscripsi.

1274 2328 1340 2375 Ego
1369 2328 1420 2373 A,
1455 2327 1488 2363 S.
1519 2327 1680 2363 Eustachii
1718 2326 1799 2362 diac.
1829 2327 1915 2362 card.
1943 2326 1982 2362 dc

1225 2378 1387 2421 Faruesio,
1409 2391 1504 2413 mauu
1533 2389 1621 2424 prop.
1645 2376 1832 2424 subscripsi.

1275 2428 1342 2475 Ego
1373 2427 1428 2472 Μ.,
1456 2427 1490 2462 S.
1520 2427 1636 2467 Mariae
1674 2427 1704 2461 iu
1736 2426 1863 2461 Porticu
1898 2425 1977 2461 diac.

1202 2464 1205 2477 ι
1225 2477 1310 2512 card.
1333 2477 1515 2517 Cornelius,
1539 2488 1632 2511 mauu
1661 2488 1752 2524 prop.
1780 2475 1904 2511 subscr.

1275 2527 1344 2572 Ego
1366 2527 1413 2566 S..
1433 2526 1465 2561 S.
1489 2526 1605 2561 Mariae
1622 2525 1728 2560 Novae
1747 2525 1870 2560 diacon.
1895 2524 1980 2560 card.

1225 2576 1264 2611 ile
1286 2575 1444 2623 Gouzaga,
1468 2587 1561 2610 mauu
1585 2587 1673 2622 prop.
1698 2574 1886 2621 subscripsi.

1269 2633 1327 2662 tini.
1345 2634 1392 2663 (lie
1410 2634 1421 2663 ¹l
1438 2632 1604 2664 decembris
1621 2633 1706 2669 1507,
1726 2636 1804 2672 pont.
1825 2641 1900 2662 anuo
1916 2641 1940 2661 v.

1989 239 2038 266 Au.
2057 238 2085 264 C.
2106 236 2173 265 ¹507

2247 1070 2270 1247 {so-¹2:941&
2239 546 2269 1059 νιᾏ-κἎ-*οήὲὅέξκὴΐᾶἐϋῑκδυ«9-4Ᾰέ
2246 508 2265 522 ·i
2254 384 2258 387 ·

2257 1283 2270 1326 ιν·
2260 1254 2270 1274 ,(-

2252 1511 2270 1531 *-
2262 1493 2266 1496 ⁴
2256 1446 2271 1485 1-
2249 1333 2271 1436 ἈΡ-ἂνξ*

2271 2397 2275 2404 .
2263 2356 2276 2374 ε.
2251 1722 2276 2340 σφι-μμ,ἰή.-ρᾲᾼιτ.ει«-αι-,-.ε5-.ι..ις’.-..-.5,.-,ιωᾎ4
2258 1655 2271 1691 :.⁴
2257 1619 2263 1628 ⁴
