2281 3251
223 242 273 267 An.
291 241 321 267 C.
338 241 402 267 11:97

227 1624 341 1645 committit
360 1629 398 1643 ca-

213 1657 304 1675 merario
314 1658 334 1675 et
343 1661 397 1679 pra*-

213 1686 331 1706 sidentibus
356 1685 396 1705 (Ia-

214 1722 284 1737 mersse
304 1716 398 1742 Apnslu-

214 1748 267 1767 lirae
277 1750 297 1767 ut
309 1752 349 1766 non
357 1747 398 1766 rol-

214 1781 288 1798 vcntes
308 1778 327 1797 in
351 1781 397 1797 ter-

213 1810 268 1828 mino
287 1808 396 1828 declarent

213 1840 343 1860 incidissem
356 1846 398 1865 pn·-

212 1876 249 1891 n-us
261 1870 293 1890 hic
305 1873 396 1890 couten-

213 1904 252 1921 las.

468 228 538 260 570

420 302 495 328 tunc
519 300 611 340 prout
634 304 670 326 ex
695 303 792 327 nune,
817 291 844 323 in
870 301 923 323 vos
945 298 972 323 et
997 288 1169 334 quemlibet

421 350 556 377 vestrum
573 368 581 384 ,
606 341 664 375 nisi
701 339 928 374 monitionibus
955 347 982 372 et
1018 337 1171 371 mandatis

420 390 600 426 huiusmodi
617 401 688 424 cnm
712 388 824 423 effectu
842 387 1019 434 parueritis,
1039 385 1171 420 ferimus

419 443 448 475 iu
474 440 522 474 liis
537 439 674 485 seriptis,
698 437 829 483 illasque
854 449 907 470 tos
931 437 1091 470 incurrere
1112 447 1169 469 vo-

419 490 526 524 lumus
549 489 617 535 ipso
640 488 720 522 facto
740 486 820 530 (aliis
845 485 966 533 poenis,
990 493 1052 519 tam
1070 496 1086 518 a
1104 484 1171 519 iure

417 538 590 575 commuui.
613 549 706 584 qnam
737 536 765 569 in
791 535 889 569 literis
917 534 1169 568 investiturarum

418 597 588 622 vestrarum
613 594 720 621 contra
745 597 799 619 vos
826 583 1041 631 promulgatis,
1062 582 1172 617 niliilo-

417 638 522 671 minus
545 636 574 669 iu
597 647 656 670 suo
678 634 790 669 robore
814 633 1053 680 permansuris),
1068 644 1170 666 mone-

417 699 487 720 mus
509 693 538 720 et
565 685 755 731 requirimus
784 691 939 730 quatenus
961 681 1000 716 de
1022 681 1171 716 omnibus

416 743 444 769 et
467 734 603 781 singulis
638 733 782 777 iuribus,
809 731 981 778 regalibus,
1009 730 1170 774 censibus,

417 783 516 818 talleis
543 791 573 817 et
601 781 766 817 feudorum
785 809 792 821 ,
821 793 989 820 censuum,
1013 792 1169 814 canonum

415 832 779 879 emphiteuticoi·umque
795 839 825 865 et
849 830 1003 864 bonorum
1019 841 1170 876 qnorum-

416 882 490 916 libet
513 894 529 916 a
552 881 633 915 dicta
653 880 793 915 Ecclesia
809 879 1024 921 obtentorum,
1043 890 1097 925 per
1119 890 1172 913 vos

416 939 444 965 et
463 930 636 978 quemlibet
658 937 796 964 vestrum
821 929 973 963 haetenus
995 927 1096 962 (lictae
1110 926 1172 961 Ca-

417 992 520 1015 merae
535 979 660 1019 debitis,
684 978 762 1013 infra
779 978 874 1012 unius
891 977 1007 1012 mensis
1021 977 1170 1024 spatium,

415 1041 431 1063 a
459 1029 508 1063 die
545 1028 766 1075 publicationis
795 1027 1007 1074 praesentium
1031 1038 1168 1072 compu—

416 1078 514 1118 tandi,
536 1078 637 1112 dietae
659 1076 811 1112 Gamerae
840 1076 1039 1123 persolvisse;
1063 1076 1101 1110 de
1117 1076 1172 1110 ‹le-

416 1127 529 1162 bendis
552 1139 625 1161 vero
654 1127 683 1160 in
707 1126 848 1160 futurum
868 1126 898 1159 in
923 1125 1023 1171 vigilia
1046 1134 1098 1158 aut
1121 1125 1170 1159 die

417 1176 593 1211 festivitatis
608 1176 770 1210 beatorum
787 1175 871 1209 Petri
894 1183 923 1208 et
940 1174 1028 1208 Pauli
1045 1182 1171 1221 aposto-

416 1226 518 1260 lorum
546 1225 724 1260 successive
746 1224 880 1270 singulis
895 1224 997 1262 annis,
1021 1231 1055 1258 ut
1076 1224 1172 1257 moris

416 1283 474 1314 est,
490 1274 559 1309 aliis⁴
581 1275 647 1308 suis
673 1273 830 1317 terminis,
849 1273 933 1307 iuxta
951 1272 1120 1319 apostolica
1143 1282 1171 1307 et

416 1324 518 1358 dictae
544 1322 697 1358 Gamerae
724 1323 875 1366 instituta,
898 1322 999 1356 eidem
1019 1321 1170 1356 Gamerae

415 1372 606 1419 depositario
625 1384 680 1419 pro
699 1380 840 1418 tempore
854 1371 1010 1410 existenti,
1025 1371 1171 1405 ubicum-

415 1433 476 1468 que
489 1421 655 1456 Cameram
671 1420 780 1455 adesse
793 1420 970 1466 contigerit,
983 1420 1170 1455 satisfecisse

414 1470 567 1514 debeatis,
583 1479 612 1505 et
628 1470 859 1517 unusquisque,
875 1477 965 1516 prout
977 1469 1100 1504 debitor
1110 1470 1171 1504 exi-

414 1520 477 1557 stit.
500 1519 624 1554 debeat.

462 1568 482 1615 ἓ
508 1572 541 1602 2.
570 1567 985 1615 Alioquin,advenientibus
1005 1568 1169 1602 festivitate

413 1626 443 1652 et
467 1618 600 1652 termino
627 1617 794 1652 solutionis
817 1616 1025 1657 huiusmodi,
1061 1626 1167 1652 contra

413 1679 525 1701 omnes
559 1675 590 1701 et
615 1666 759 1712 singulos
792 1666 912 1700 solvere
940 1675 1101 1701 cessantes
1130 1667 1167 1701 ad

413 1715 657 1750 declarationem
688 1716 833 1749 incursus
857 1727 1027 1761 poenarum
1047 1724 1077 1750 et
1093 1728 1168 1749 cen-

412 1777 555 1799 surarum
585 1777 620 1799 ac
638 1765 822 1811 privationis
842 1764 1085 1810 praedictarum,
1101 1765 1168 1799 illa-

414 1826 546 1861 rumque
581 1813 717 1848 debitam
741 1814 972 1853 executionem,
1001 1826 1056 1859 per
1085 1814 1166 1848 dile-

411 1871 495 1898 ctum
511 1863 608 1898 filium
626 1871 766 1897 nostrum
784 1862 976 1909 Rapliaelem
990 1862 1024 1896 S.
1037 1862 1165 1909 Georgii

411 1912 448 1947 ad
472 1911 583 1946 Velum
612 1912 752 1946 Aureum
776 1911 942 1946 diaconum
963 1911 1167 1956 cardinalem,

411 1961 619 1995 camerarium
643 1969 797 1995 nostruin.
821 1961 885 1994 sive
913 1961 1004 1994 etiam
1034 1961 1063 1994 in
1085 1961 1166 1996 dicta

411 2009 544 2045 Camera
561 2010 847 2050 locumtenentem,
871 2021 907 2044 ac
929 2009 1062 2044 dilectos
1089 2010 1167 2045 tilios

411 2064 624 2111 praesidentes
647 2064 778 2099 clericos
801 2064 903 2098 dictae
917 2063 1069 2098 Camerae
1093 2077 1166 2110 pro-

410 2118 549 2163 cedatur,
565 2119 681 2153 iustitia
705 2118 877 2159 inediante;
893 2118 1010 2164 quibus
1026 2130 1063 2152 ex
1083 2131 1167 2153 uunc

410 2181 518 2206 tenore
548 2173 760 2219 praesentium
785 2172 1013 2207 committimus
1036 2180 1066 2206 et
1082 2184 1167 2206 inau-

410 2225 523 2261 damus
555 2235 598 2266 ut,
621 2226 864 2261 advenientibus
893 2226 1114 2261 festivitatibus
1137 2236 1165 2261 et

410 2280 553 2315 terminis
590 2280 759 2315 solutionis
783 2279 989 2324 huiusmodi,
1020 2280 1108 2315 vobis
1136 2290 1164 2314 et

409 2334 553 2382 quolibet
568 2342 704 2369 vestrum
729 2335 849 2369 solvere
872 2334 1165 2378 cessantibus,abs-

409 2400 471 2435 que
505 2388 608 2435 aliqua
639 2388 695 2423 alia
722 2389 911 2433 monitione,
946 2388 1163 2435 requisitione,

409 2442 557 2477 citatione
576 2454 630 2477 seu
646 2442 806 2483 dilatione,
821 2451 928 2478 contra
941 2455 994 2477 vos
1012 2451 1041 2477 et
1056 2455 1165 2490 quem-

408 2496 483 2531 libet
498 2504 648 2541 vestrum,
670 2497 722 2543 qui
747 2497 776 2531 in
799 2497 955 2531 solutione
979 2496 1159 2531 huiusmodi

409 2562 574 2591 censuum,
596 2550 775 2591 feudorum,
804 2551 979 2595 tallearum,
1001 2563 1160 2586 canonum

409 2614 438 2640 et
466 2605 710 2654 responsionum
737 2606 941 2648 cessaverint,
957 2605 996 2641 ad
1024 2605 1163 2642 declara-

999 232 1185 255 titLLAtttt'nl
1213 233 1377 256 ROMANUM

1216 288 1332 322 tionem
1372 288 1518 322 incursus
1553 286 1706 322 dictarum
1743 297 1915 334 poenarum
1939 295 1967 320 et

1215 348 1421 372 censurarum
1450 335 1730 371 ecclesiasticarum
1748 363 1755 375 ,
1779 335 1968 382 illarumque

1213 386 1482 431 aggravationem,
1503 385 1802 431 reaggravationem,
1817 393 1847 419 et
1870 385 1970 420 inter-

1214 434 1334 469 dictum
1351 434 1653 475 ecclesiasticum‚et
1669 434 1787 469 brachii
1801 433 1970 469 saecularis

1216 484 1444 518 invocationem
1473 495 1510 518 ac
1542 483 1739 530 represalias,
1763 483 1969 530 privationes-

1214 545 1275 580 que
1310 533 1388 567 iuris
1410 532 1597 575 vicariatus,
1619 532 1778 578 gubernii.
1801 532 1968 568 feudorum

1215 590 1244 616 et
1273 581 1427 616 bonorum
1457 581 1688 628 praedictorum
1725 581 1814 616 vobis
1842 590 1873 617 et
1899 583 1970 616 cui—

1214 642 1354 677 cumque
1376 640 1514 665 vestrum
1529 629 1770 676 quomodolibet
1791 639 1969 677 competen-

1215 681 1265 719 tis,
1281 692 1317 714 ac
1331 679 1391 714 alia
1408 680 1483 714 iuris
1504 679 1639 714 remedia
1658 688 1848 726 opportuua;
1870 680 1970 715 decla-

1215 729 1433 776 rationemque
1455 728 1694 763 devolutionum
1718 729 1891 765 civitatum.
1915 742 1969 764 ca-

1214 788 1363 822 strorum,
1387 787 1539 812 terrarum
1563 786 1593 812 et
1616 777 1770 812 bonorum
1787 778 1968 813 huiusmodi

1214 828 1251 862 ad
1279 827 1394 862 dictam
1418 826 1591 862 Ecclesiam
1628 839 1728 874 usque
1761 826 1797 861 ad
1832 826 1968 862 debitam

1214 877 1450 919 executionem,
1471 876 1606 911 instante
1628 876 1711 911 dicto
1750 884 1971 923 procuratore,

1216 926 1385 974 procedere
1404 925 1549 960 debeant.

1263 976 1283 1023 g
1311 978 1342 1010 5.
1372 975 1584 1010 Decernentes
1619 986 1744 1022 quoque
1767 974 1849 1010 circa
1874 986 1970 1022 prae-

1216 1025 1322 1065 missa,
1339 1024 1457 1059 nullam
1473 1024 1778 1071 compensationem,
1800 1025 1893 1059 etiam
1907 1036 1968 1059 non

1214 1074 1389 1109 solutorum
1417 1073 1662 1120 stipendiorum,
1689 1082 1742 1108 aut
1763 1072 1856 1108 aliam
1878 1085 1970 1120 prae-

1216 1132 1358 1170 terquam
1387 1122 1553 1157 solutionis
1581 1123 1799 1170 exceptionem
1834 1123 1969 1163 admitti;

1215 1185 1273 1208 nec
1295 1172 1416 1207 solvere
1437 1180 1598 1207 cessantes
1619 1172 1733 1219 quovis
1756 1172 1849 1207 modo
1870 1184 1969 1207 excu-

1214 1222 1274 1256 sari
1297 1221 1343 1256 vel
1363 1221 1505 1262 relevari;
1529 1233 1587 1256 nec
1609 1233 1774 1261 censuum,
1791 1220 1968 1261 feudorum,

1215 1271 1376 1305 tallearum
1405 1283 1461 1305 seu
1496 1271 1628 1305 aliorum
1662 1271 1780 1305 iurium
1817 1270 1969 1306 Camerac-

1216 1320 1394 1367 praedictae
1423 1332 1478 1366 per
1505 1332 1560 1355 vos
1586 1319 1763 1354 debitorum
1787 1319 1833 1355 vel
1853 1319 1970 1355 deben—

1213 1370 1325 1404 dorum
1348 1369 1539 1404 solutionem
1554 1377 1584 1404 et
1602 1369 1796 1404 exactionem
1821 1369 1967 1404 retardari

1213 1418 1338 1453 debere.

1261 1472 1276 1511 ἕ
1304 1471 1336 1502 4.
1360 1467 1515 1502 Volumus
1532 1475 1635 1502 autem
1651 1467 1707 1502 lias
1725 1467 1894 1514 originales
1911 1480 1968 1504 uo-

1212 1524 1291 1552 stras
1314 1517 1420 1551 literas
1448 1517 1477 1550 in
1506 1517 1601 1551 valvis
1625 1516 1772 1552 basilicae
1798 1516 1966 1552 Beatorum

1212 1566 1434 1612 Apostolorum
1449 1565 1488 1600 de
1506 1565 1815 1607 Urbe,Cancellariae
1831 1566 1968 1614 Aposto-

1212 1615 1301 1659 lieae,
1316 1615 1496 1650 audientiae
1519 1627 1685 1650 causarum
1696 1615 1806 1650 Palatii
1829 1615 1968 1663 Aposto-

1212 1664 1260 1698 lici
1281 1673 1311 1699 et
1330 1664 1452 1710 Campo
1473 1663 1585 1700 Florae
1607 1664 1688 1710 affigi
1711 1665 1788 1699 etin
1811 1665 1966 1700 audientia

1212 1713 1334 1760 publica
1351 1715 1508 1748 literarum
1527 1714 1790 1749 contradictarum
1807 1714 1885 1749 triua
1903 1716 1968 1750 vice

1211 1763 1342 1797 diversis
1358 1763 1471 1798 diebus
1494 1763 1564 1809 legi,
1594 1763 1632 1797 ita
1663 1771 1695 1797 ut
1723 1763 1967 1799 omnibustam·

1210 1824 1303 1858 quam
1338 1812 1498 1858 publicum
1527 1813 1665 1846 edictum
1695 1820 1838 1859 pateaut3
1872 1825 1908 1848 ac
1936 1815 1964 1847 in

1212 1861 1276 1906 ipsa
1299 1860 1430 1895 Camera
1454 1861 1637 1896 huiusmodi
1662 1861 1889 1908 publicationis
1907 1862 1965 1897 de-

1212 1910 1305 1944 bitam
1334 1909 1517 1944 relationem
1539 1923 1594 1957 per
1609 1910 1690 1945 dnos
1711 1920 1835 1945 nostros
1856 1919 1884 1945 et
1906 1911 1967 1947 Ro-

1212 1971 1320 1993 manae
1330 1958 1443 1994 Curiae
1453 1971 1596 1994 cursores
1607 1959 1673 1994 fieri
1683 1959 1900 2001 decernentes,
1910 1973 1965 1996 vos

1212 2008 1455 2054 praemissorum
1477 2008 1628 2044 Camerae
1643 2008 1803 2044 debitores
1822 2022 1966 2055 praesen-

1210 2069 1256 2096 tes
1275 2071 1303 2096 et
1320 2061 1456 2106 futuros,
1471 2063 1523 2109 qui
1548 2063 1623 2098 citra
1647 2070 1786 2108 montes,
1802 2072 1871 2110 post
1884 2063 1964 2099 duos

1210 2117 1412 2163 menses3qui
1428 2128 1499 2151 vero
1515 2117 1594 2152 ultra
1611 2124 1735 2152 montes
1748 2117 1876 2162 fuerint,
1893 2126 1963 2165 post

1209 2177 1343 2216 quatuor
1365 2182 1504 2214 meuses,
1519 2183 1535 2206 a
1559 2171 1611 2206 die
1636 2170 1858 2218 publicationis
1880 2184 1964 2207 com-

1210 2224 1491 2270 putandos,vigore
1500 2224 1682 2260 earumdem
1695 2225 1853 2260 literarum
1867 2225 1961 2261 modo

1209 2277 1371 2323 praemisso
1387 2277 1617 2325 publicatarum
1632 2278 1742 2313 arctari
1755 2286 1847 2326 atque
1862 2278 1962 2325 ligari,

1207 2345 1242 2367 ac
1270 2332 1294 2367 si
1327 2332 1509 2367 huiusmodi
1537 2331 1707 2379 originales
1730 2332 1838 2367 literae
1871 2332 1960 2368 vobis

1206 2395 1235 2421 et
1248 2396 1387 2422 vestrum
1402 2386 1531 2422 cuilibet
1554 2387 1584 2421 in
1607 2387 1718 2422 vestris
1741 2387 1876 2434 propriis
1889 2400 1961 2435 per-

1206 2441 1293 2476 sonis
1316 2441 1413 2477 lectae
1435 2449 1466 2476 et
1489 2448 1703 2487 praesentatae
1727 2440 1868 2482 fuissent,
1888 2452 1958 2476 cum

1207 2508 1268 2531 non
1306 2497 1346 2531 sit
1378 2495 1544 2532 verisimile
1571 2495 1654 2543 apud
1690 2508 1746 2531 vos
1772 2497 1816 2531 sic
1851 2495 1960 2531 citatos

1208 2561 1372 2585 remanere
1402 2550 1600 2597 incognitum
1627 2548 1712 2596 quod
1736 2558 1795 2584 tam
1819 2557 1960 2596 patenter

1206 2605 1307 2640 extitit
1330 2605 1539 2653 publicatum,
1568 2604 1625 2640 uisi
1651 2603 1753 2639 forsan
1775 2603 1874 2639 dictas
1889 2603 1960 2639 ori-

1986 229 2036 254 An.
2053 229 2082 255 C.
2103 228 2167 254 11197

1999 987 2103 1014 Praecipit
2126 993 2168 1008 non

1985 1019 2096 1039 admittere
2109 1024 2169 1039 com-

1985 1050 2131 1075 pensationes.

1997 1479 2091 1502 Formam
2102 1480 2169 1508 publi·

1983 1513 2073 1534 cationis
2099 1517 2168 1540 appo-

1983 1544 2020 1564 uit.
