2281 3251
496 243 566 274 544

449 308 643 354 protectione
666 314 695 340 et
715 306 897 340 auctoritate
913 306 1104 340 communita
1129 306 1196 339 t'ue—

449 358 519 400 rint,
542 370 576 392 ac
602 364 692 403 prout
714 355 861 402 expedire
888 355 1087 395 arbitramur,
1110 355 1197 389 salu-

449 407 544 442 briter
572 405 733 454 providere
758 405 907 446 rolentcs3
931 417 988 439 nos
1016 405 1120 451 igitur,
1145 405 1196 452 qui

447 457 581 495 dudum.
599 456 679 490 inter
696 455 767 499 alia,
790 454 947 489 voluimus
973 454 1056 501 quod
1074 466 1198 500 semper

448 507 476 541 in
506 504 677 540 unionibus
704 505 885 540 commissio
909 504 994 539 fieret
1016 504 1054 538 ad
1083 512 1197 551 partes,

253 249 302 275 An.
320 250 348 276 C.
363 251 432 278 1513

449 556 565 591 vocatis
583 567 718 602 quorum
743 555 923 594 interesset,
937 562 967 589 et
983 554 1064 588 idem
1088 553 1197 589 obser-

449 607 509 640 rari
524 605 678 640 voluimus
694 605 723 639 in
738 603 1031 639 confirmationibus
1043 604 1196 638 unionum

448 657 506 690 iam
532 657 695 695 l'actarum3
717 655 834 702 quique
857 653 1072 700 religiosarum
1089 665 1198 701 perso-

448 718 556 740 narum
579 713 666 750 gesta
699 716 736 739 eo
764 703 875 751 potiori
905 703 1008 739 favore
1031 705 1198 751 prosequi-

448 768 517 789 mur
534 783 542 794 ,
569 766 632 802 quo
653 766 818 802 speramus
848 753 932 801 quod
955 753 1070 789 exinde
1092 766 1198 789 sacrae

447 805 624 851 Religionis
637 806 725 852 vigor
738 812 1014 851 accrescat,eaque
1027 803 1196 851 plurimum

448 856 477 889 in
493 855 630 889 Domino
642 853 913 898 commendantes,
928 854 1132 901 ipsorumque
1149 868 1199 900 ge-

448 905 561 940 neralis
582 913 612 940 et
639 904 839 940 eremitarum
861 916 898 939 ac
920 903 1081 945 abbatum,
1111 906 1198 951 prio—

447 967 515 989 rum
540 963 569 990 ct
585 954 712 1001 capituli
735 962 849 989 statum
866 966 1052 1001 prosperum
1068 962 1097 988 et
1114 963 1198 988 tran—

446 1005 579 1051 quillum
609 1013 739 1052 paterno
761 1004 898 1039 zelantes
924 1004 1039 1039 all'ectu
1055 1032 1063 1044 ,
1092 1016 1146 1039 eos
1169 1013 1198 1039 et

446 1067 556 1089 eorum
583 1053 769 1102 quemlibet,
791 1066 808 1088 a
829 1053 996 1101 quibusvis
1018 1066 1199 1088 excommu-

449 1104 625 1145 nicationis,
640 1104 860 1150 suspensionis
882 1112 912 1138 et
936 1103 1090 1139 interdicti
1110 1103 1198 1139 aliis-

446 1166 508 1201 que
534 1153 754 1190 ecclesiasticis
780 1153 946 1189 sententiis
962 1181 970 1195 ,
997 1154 1142 1188 censuris
1169 1163 1197 1189 et

447 1204 569 1251 poenis,
588 1217 604 1239 a
627 1204 694 1238 iure
717 1203 766 1238 vel
789 1203 827 1238 ab
854 1203 995 1243 homine,
1018 1204 1127 1250 quavis
1145 1217 1198 1238 oc-

446 1254 574 1289 casione
589 1254 636 1289 vel
659 1265 752 1289 causa
774 1253 855 1294 latis,
877 1254 903 1287 si
927 1253 1043 1300 quibus
1065 1265 1199 1300 quomo-

447 1303 566 1339 dolibet
581 1303 719 1339 innodati
734 1303 884 1344 existunt,
901 1303 939 1338 ad
954 1303 1100 1338 eflectum
1114 1316 1199 1350 prae-

447 1354 585 1388 sentium
608 1353 768 1388 dumtaxat
789 1353 1062 1400 consequendum,
1086 1352 1196 1388 harum

445 1403 525 1438 serie
542 1402 740 1439 absolventes
758 1411 788 1439 et
801 1402 964 1438 absolutos
981 1402 1044 1437 fore
1057 1415 1199 1438 censen—

447 1461 510 1495 tes;
525 1465 562 1488 ac
576 1453 747 1494 fruetuum,
757 1452 933 1488 reddituum
947 1461 976 1487 et
989 1461 1197 1500 proventuum

446 1509 710 1544 monasteriorum
726 1516 756 1544 et
770 1508 979 1556 prioratuum,
992 1520 1128 1556 quorum
1145 1520 1199 1543 ve·

446 1576 499 1598 rus
520 1575 645 1599 annuus
673 1562 756 1598 valor
778 1575 841 1598 non
869 1563 1072 1610 exprimitur,
1088 1575 1195 1598 verum

445 1630 586 1653 annuum
603 1617 737 1653 valorem
753 1617 971 1665 praesentibus
985 1629 1040 1664 pro
1051 1630 1200 1664 expresso

447 1673 616 1718 hahentes,
641 1681 726 1708 motu
757 1673 897 1720 proprie,
920 1684 982 1707 non
1005 1672 1042 1707 ad
1066 1673 1197 1708 alicuius

447 1727 537 1762 nobis
559 1739 654 1774 super
677 1726 736 1762 hoc
763 1726 886 1761 oblatae
902 1726 1065 1774 petitionis
1084 1726 1201 1761 instan-

449 1782 536 1827 tiam,
551 1782 604 1817 sed
628 1781 667 1816 de
690 1789 794 1816 nostra
819 1793 902 1816 mera
920 1781 1147 1817 deliberatione
1168 1790 1198 1816 et

447 1850 481 1871 ex
501 1845 586 1872 certa
607 1836 737 1871 scientia
759 1848 795 1871 ac
811 1836 970 1883 potestatis
993 1835 1200 1884 plenitudine,

449 1891 610 1939 privilegia
625 1899 654 1926 et
666 1890 783 1926 indulta
799 1889 944 1938 praefatis
959 1890 1074 1925 Eremo
1089 1898 1201 1926 etcon-

447 1946 620 1994 gregatioui
637 1946 677 1981 de
690 1946 834 1991 Murano,
848 1957 884 1980 ac
898 1944 966 1980 aliis
981 1944 1053 1980 dicti
1071 1944 1201 1980 Ordinis

449 2000 646 2037 monasteriis
672 2008 703 2036 et
730 2000 831 2045 locis,
859 2008 919 2034 tam
949 2011 1003 2046 per
1031 1998 1200 2035 Pontifices

449 2055 614 2103 praefatos,
626 2063 656 2091 et
672 2064 829 2103 quatenus
844 2055 906 2089 sint
921 2054 1052 2089 honesta
1062 2062 1091 2089 et
1106 2055 1201 2089 sacris

448 2110 624 2146 canonibus
646 2123 707 2145 non
731 2109 897 2150 contraria,
920 2121 1014 2156 quam
1030 2121 1085 2156 per
1100 2109 1202 2156 impe-

449 2174 567 2201 ratores
587 2178 622 2201 ac
638 2177 727 2212 reges
740 2172 769 2200 et
784 2163 941 2212 principes
956 2163 1110 2211 praefatos
1130 2177 1203 2200 con-

451 2232 557 2262 cessa3
581 2233 704 2256 necnon
732 2227 847 2255 statuta
874 2227 905 2254 et
932 2219 1145 2254 ordinationes
1170 2219 1200 2254 in

451 2275 534 2311 dicto
553 2276 690 2324 capitulo
704 2274 840 2322 generali
858 2273 941 2309 edita
956 2282 998 2314 et,
1018 2282 1050 2308 ut
1065 2275 1203 2321 praeser-

452 2340 514 2375 tur,
522 2331 700 2376 reformata,
711 2329 1083 2376 auetoritateapostoliea,
1096 2337 1202 2364 tenore

453 2385 666 2432 praesentium
689 2385 903 2432 approbamus
917 2391 947 2419 et
962 2383 1200 2427 confirmamus,

453 2451 552 2487 caque
573 2448 741 2487 perpetuae
770 2439 923 2474 firmitatis
947 2437 1041 2473 robur
1062 2438 1202 2473 obtinere

453 2503 483 2529 et
505 2493 723 2529 inviolabiliter
745 2493 901 2529 observari
925 2492 1038 2528 debere
1057 2492 1205 2528 decerni-

455 2561 534 2584 mus.
550 2548 807 2596 Supplemusque
822 2560 933 2584 omnes
947 2555 977 2583 et
991 2546 1133 2594 singulos
1147 2547 1205 2582 de-

456 2602 572 2644 fectus,
596 2611 656 2638 tam
686 2603 763 2638 iuris
785 2615 880 2650 quam
906 2602 996 2648 l'acti,
1022 2602 1046 2638 si
1070 2602 1124 2650 qui
1149 2602 1206 2638 sor-

456 2670 510 2693 san
531 2658 755 2694 intervenerint
772 2657 802 2693 in
825 2657 958 2693 eisdem.

1027 251 1211 274 numanum!
1235 251 1397 274 nonaum!

2004 251 2051 277 An.
2070 251 2097 277 c.
2117 251 2184 276 ¹513

1287 307 1306 351 ξ
1336 309 1362 339 ί.
1392 306 1428 339 lit
1445 318 1499 352 pro
1515 305 1625 353 potiori
1642 305 1774 348 cautela,
1795 304 1939 340 volumus
1955 313 1987 339 ut
2015 312 2079 333 ”utu-¹
2103 320 2122 333 »n
2139 315 2184 339 rn-

1238 354 1388 402 ‹priequid
1407 355 1508 396 dubii,
1536 355 1565 390 iu
1588 355 1680 390 dictis
1707 362 1736 389 et
1761 357 1790 390 in
1819 355 1878 389 hoc
1893 355 1985 390 etiam
2002 345 2083 399 :Jfflf
2101 350 2184 395 ,4⁰ss?ss

1239 413 1344 439 nostro
1363 405 1524 451 privilegio
1551 418 1604 440 seu
1623 405 1652 439 in
1667 405 1773 451 aliquo
1795 417 1915 445 eorum,
1932 418 1987 452 pro
2002 405 2186 457 [¹¹⁰¹'·¹¹'¹¹‘f“¹⁵¹¹·

1240 464 1380 501 ternpore
1395 455 1570 494 emerserit,
1591 455 1634 495 id,
1651 455 1720 489 data
1737 455 1903 489 verborum
1920 468 1987 489 am-
2011 443 2072 464 ωηο
2085 443 2110 458 ⁰⁰
2123 444 2152 458 π

1240 503 1388 549 higuitate
1401 513 1431 538 et
1444 504 1695 551 iurisperitorum
1720 505 1988 551 interpretatione,

1241 553 1269 588 in
1289 553 1424 588 savorem
1448 553 1550 588 dictae
1572 555 1825 600 congregationis
1846 554 1885 588 de
1909 567 1988 588 noro

1239 612 1360 638 erectae
1379 612 1408 638 et
1429 603 1569 639 locorum
1597 603 1830 651 particularium
1846 604 1988 639 eiusdem

1241 653 1436 701 interpretari
1453 653 1621 697 debeat,et
1637 653 1776 688 cuiusvis
1792 653 1988 700 particularis

1241 703 1419 739 monasterii
1442 703 1543 739 dictae
1558 703 1820 751 congregationis,
1842 704 1935 739 etiam
1950 704 1988 738 de

1241 765 1320 788 novo
1348 762 1479 788 erectae.

1287 810 1302 847 ξ
1325 805 1356 838 5.
1382 803 1549 850 privilegia
1566 812 1595 837 et
1610 803 1726 844 omnia,
1749 803 1843 838 etiam
1861 816 1941 850 quae
1960 805 1988 837 in
2020 812 2188 837 {nonen-wm-

1241 862 1304 888 toto
1331 854 1389 888 hoc
1416 853 1576 900 privilegio
1593 854 1805 898 continentur,
1829 854 1989 888 universae
2005 844 2187 894 {3.','}¹,¹‘e¹.¹{s,¹ss.³{,¹21

1241 903 1314 939 huic
1330 904 1566 950 congregationi
1583 904 1620 938 de
1637 915 1716 938 novo
1735 911 1858 938 erectae
1872 912 1901 938 ct
1920 915 1991 938 om-
2005 902 2122 954 [Jfflfflnga
2136 901 2187 921 '⁵³⁰⁸

1241 953 1333 988 uilius
1359 963 1389 988 et
1416 953 1552 999 singulis
1581 952 1822 1000 particularibus
1848 953 1989 988 eiusdem
2125 949 2129 952 ⁴

1239 1004 1494 1050 congregationis
1516 1003 1554 1038 de
1582 1015 1662 1037 noro
1689 1012 1809 1038 erectae
1836 1011 1992 1038 monaste-

1241 1054 1306 1094 riis,
1328 1065 1365 1088 ac
1392 1053 1540 1088 omnibus
1563 1052 1639 1088 dicti
1654 1051 1786 1087 Ordinis
1803 1052 1992 1088 monialibus

1239 1111 1269 1137 et
1292 1103 1475 1137 monialium
1500 1103 1576 1137 locis
1610 1103 1672 1137 sint
1701 1102 1880 1137 communia
1903 1110 1933 1137 et
1953 1103 1991 1138 ad

1241 1152 1290 1186 itt»
1319 1154 1538 1187 extendantur.

1288 1208 1302 1245 ᾗ·
1326 1204 1357 1236 6.
1382 1202 1421 1237 Et
1450 1203 1578 1249 insuper
1595 1202 1703 1246 etiam,
1727 1202 1806 1237 ultra
1830 1202 1990 1249 privilegia
2021 1207 2117 1229 Momm
2142 1213 2189 1228 0¹¹¹-

1240 1252 1342 1286 eidem
1359 1252 1474 1287 Eremo
1489 1261 1519 1287 et
1538 1252 1642 1287 Sancti
1662 1251 1836 1296 Michaelis,
1853 1260 1885 1287 ut
1901 1264 1992 1299 prae·
2007 1245 2045 1297 ἷξε
2060 1244 2190 1290 Ἥωυοῃῖζ

1241 1302 1348 1342 fertur„
1363 1301 1402 1337 de
1421 1315 1499 1337 noro
1515 1310 1638 1336 erectae
1659 1301 1895 1348 congregationi
1913 1314 1992 1337 con-
2007 1303 2188 1352 “lj‘sj'jffimffgffi‘

1240 1364 1339 1391 cessa,
1355 1351 1411 1386 hac
1422 1360 1573 1399 perpetua
1594 1359 1687 1399 atque
1703 1351 1906 1398 irrefragabili
1920 1364 1993 1386 con·
2007 1363 2075 1399 eremi
2086 1338 2107 1384 '0'1
2118 1362 2138 1384 s.
2155 1361 2192 1383 ›u-

1239 1402 1415 1442 stitutione‚
1432 1410 1531 1447 motu,
1545 1402 1676 1437 scientia
1691 1409 1721 1436 et
1739 1409 1892 1448 potestate
1903 1401 1993 1436 simi-
2007 1394 2094 1415 ‘¹¹‘'⁰'¹⁵⁴

1241 1451 1322 1486 libus
1350 1452 1509 1486 sancimus
1536 1451 1620 1498 quod
1643 1463 1755 1486 omnes
1778 1451 1901 1486 monaci
1929 1451 1993 1486 Or-

1240 1501 1346 1536 dinem
1366 1502 1468 1549 ipsum
1487 1501 1631 1549 professi,
1650 1509 1830 1548 praesentes
1843 1509 1874 1535 et
1886 1500 1994 1544 futuri,

1241 1552 1383 1598 quamvis
1402 1551 1432 1586 in
1450 1551 1581 1587 diversis
1611 1551 1810 1586 monasteriis
1831 1551 1896 1585 sive
1918 1551 1994 1586 locis

1242 1614 1297 1648 pro
1314 1610 1454 1649 tempore
1471 1608 1630 1645 maneant,
1646 1613 1743 1635 unum
1760 1609 1862 1636 tamen
1879 1612 1994 1647 corpus

1241 1660 1270 1686 et
1294 1664 1355 1686 uua
1377 1652 1590 1697 congregatio,
1613 1650 1718 1686 Eremi
1741 1659 1771 1686 et
1797 1650 1904 1686 Sancti
1930 1651 1994 1686 Mt-

1241 1701 1359 1736 chaelis
1382 1710 1576 1749 nuncupata,
1592 1701 1738 1736 existant.
1755 1700 1890 1748 Ipsaque
1913 1712 1992 1736 con-

1241 1752 1391 1798 gregatio,
1407 1751 1635 1799 abApostolica
1656 1750 1739 1785 Sede
1755 1751 1866 1785 merito
1880 1762 1995 1797 appro-

1243 1801 1310 1835 bata
1321 1830 1328 1841 ,
1348 1801 1386 1837 ab
1402 1802 1555 1836 universis
1571 1799 1829 1836 christifidelibus
1854 1800 1884 1835 in
1900 1812 1996 1835 rere—

1243 1851 1342 1886 rentia
1365 1859 1395 1886 et
1417 1852 1582 1887 devotione
1606 1850 1769 1885 habeatur.

1290 1906 1306 1945 g·
1334 1904 1365 1935 7.
1383 1900 1419 1936 Et
1435 1902 1536 1936 dictae
1550 1900 1803 1947 congregationis
1817 1899 1990 1948 capitulum
2023 1904 2139 1932 Ciritutum
2157 1910 2195 1931 εο-

1242 1951 1400 1996 generale,
1414 1952 1480 1985 sive
1495 1951 1523 1985 in
1537 1963 1574 1986 co
1597 1962 1690 1985 voces
1706 1962 1760 1997 pro
1785 1959 1925 1997 tempore
1939 1949 1996 1984 ha-
2011 1937 2195 1994 355³¹⁰102i213¹32

1243 2000 1364 2041 bentes,
1375 2013 1430 2048 pro
1446 2001 1526 2036 felici
1543 2001 1643 2036 dictae
1659 2000 1914 2047 congregationis
1929 2011 1998 2034 sue·
2010 1999 2095 2020 ΨΜ*
2141 2004 2196 2020 ⁰⁰¹¹·

1243 2068 1345 2097 cessu,
1358 2063 1484 2100 statuta,
1497 2055 1750 2096 constitutiones,
1764 2055 1870 2090 omnia
1888 2062 1918 2089 et
1933 2031 2062 2089 5311&ss
2077 2033 2181 2088 simii-m

1243 2110 1327 2156 gula,
1349 2122 1428 2158 quae
1443 2111 1472 2144 in
1486 2110 1703 2158 spiritualibus
1723 2117 1755 2145 et
1771 2109 1998 2157 temporalibus

1245 2165 1345 2213 ipsius
1364 2165 1616 2212 congregationis
1637 2173 1668 2199 et
1689 2165 1758 2199 eius
1780 2163 1932 2210 regularis
1945 2163 1996 2198 di-

1244 2220 1397 2267 sciplinae
1419 2228 1547 2261 statum,
1575 2219 1818 2262 observantiam,
1835 2218 1994 2253 indemni-

1245 2283 1352 2316 tatem,
1368 2283 1398 2309 et
1419 2274 1501 2310 circa
1521 2274 1615 2309 divini
1639 2273 1731 2308 oflicii
1747 2273 1953 2308 directionem
1967 2281 1997 2308 et

1244 2328 1486 2371 ordinationem,
1495 2328 1615 2376 absque
1626 2336 1728 2363 tamen
1739 2327 1838 2375 ipsius
1846 2326 1997 2374 Regulae,

1245 2383 1274 2417 in
1298 2383 1472 2418 substantia
1494 2383 1541 2418 vel
1569 2384 1696 2427 cll'cctu,
1728 2382 1918 2423 variatione,
1949 2381 1997 2416 in-

1246 2439 1500 2486 terpretationem
1517 2438 1563 2478 vel
1586 2437 1829 2473 declarationem
1852 2449 1997 2484 quoquo-

1247 2493 1340 2528 modo
1379 2505 1570 2529 concernere
1612 2500 1784 2540 poterunt,
1811 2491 1997 2528 auctoritate

1248 2547 1416 2594 praedicta,
1433 2546 1629 2592 instituendi,
1648 2545 1826 2591 ordinandi,
1841 2546 1998 2594 interpre-

1248 2601 1331 2636 tandi
1354 2610 1385 2637 et
1399 2602 1589 2647 declarandi,
1611 2614 1646 2638 ac
1668 2613 1715 2644 ea,
1738 2613 1819 2649 quae
1839 2601 1885 2636 sic
1907 2600 1998 2636 insti-

1249 2664 1311 2691 tuta
1327 2683 1337 2702 ,
1359 2656 1499 2692 ordinata
1514 2684 1522 2699 ‚
1551 2657 1750 2704 interpretata
1774 2655 1818 2692 rel
1842 2655 1997 2691 declarata
