2281 3251
130 259 180 286 An.
197 257 226 284 C.
246 256 312 284 11297

147 995 257 1031 Clausulas
281 995 319 1016 de-

135 1031 263 1054 rogator-ue.

928 249 1123 272 ‚trexaxnssn
1149 248 1183 270 vr
1210 247 1259 270 rr.
1756 227 1818 258 371

330 309 449 357 ginales
477 308 581 343 literas
603 305 691 341 vobis
708 304 858 340 omnibus
880 304 1080 350 supradictis,

330 367 383 394 aut
396 358 484 393 alteri
501 365 656 399 vestrum,
672 354 798 402 praelati
825 353 1038 400 praesidentes
1053 361 1080 387 et

331 408 433 443 clerici
445 407 560 445 forsan,
574 406 676 452 aliqua
695 403 945 439 consideratione
957 410 1008 436 aut
1026 401 1082 436 bc-

333 457 484 503 nignitate
511 455 614 495 ducti,
638 452 827 501 praesentari
853 451 1081 489 mandaverint,

331 506 481 552 quoniam
505 512 580 538 tunc
607 512 636 538 et
663 514 701 537 eo
719 513 792 536 casu
814 501 921 546 copiae
945 501 1080 546 ipsarum

333 555 491 589 literarum
520 565 614 587 manu
643 552 736 586 unius
764 562 799 584 ex
823 549 944 584 clericis
972 557 1002 582 et
1024 560 1083 582 no-

334 604 418 638 tariis
432 603 532 638 dictae
545 600 696 636 Gamerae
707 599 903 645 subscriptae
915 609 1085 645 perquem-

332 663 470 698 cumque
484 649 849 694 nuntium7tabellarium
861 655 914 681 aut
928 647 1082 681 notarium

335 701 497 748 publicum
530 699 617 734 vobis
638 707 691 733 aut
718 697 804 732 alteri
832 705 969 730 vestrum
994 706 1084 741 prae-

333 757 472 785 sentatae
505 756 534 783 et
557 747 719 787 dimissae,
748 744 954 792 originalibus
989 744 1084 778 literis

334 797 515 833 huiusmodi
542 796 646 831 eidem
675 796 786 830 nuntio
812 794 973 837 restitutis,
1000 793 1085 827 eius-

333 860 395 895 que
417 846 518 882 uuntii
547 845 690 880 relationi
717 844 810 879 fidem
835 843 1005 889 plenariam
1031 840 1086 875 ad-

334 896 433 931 biberi
457 895 600 930 volumus
621 902 652 928 et
678 893 877 928 mandamus.

382 945 402 992 g
429 946 462 979 5.
489 943 559 978 Non
592 942 788 978 obstantibus
810 938 1087 976 constitutionibus

334 1002 364 1030 et
390 992 645 1029 ordinationibus
673 990 864 1038 apostolicis,
891 1000 926 1023 ac
949 999 1087 1023 consue—

334 1042 499 1078 tudinibus
526 1042 564 1077 de
587 1053 649 1076 non
673 1039 823 1075 solvendo
850 1049 950 1084 usque
973 1036 1011 1071 ad
1034 1047 1086 1071 sex

335 1104 462 1127 menses
487 1090 535 1126 vel
554 1090 638 1125 aliud
658 1097 782 1136 tempus
799 1100 816 1122 a
838 1087 889 1121 die
911 1085 1089 1121 festivitatis

336 1141 496 1189 praedicta
518 1138 765 1186 computandos;
788 1135 932 1183 capitulis
964 1145 1089 1181 quoque

337 1203 393 1226 seu
419 1189 518 1236 pactis
535 1200 592 1235 per
614 1200 668 1222 vos
682 1187 728 1221 vel
747 1186 884 1232 aliquem
899 1191 1036 1218 vestrum
1051 1181 1089 1217 ad

338 1238 493 1286 stipendia
507 1237 598 1272 dictae
612 1235 771 1271 Ecclesiae
786 1235 850 1269 sive
860 1232 1011 1268 Gamerae
1020 1243 1092 1266 con·

338 1289 481 1331 ductum,
497 1298 568 1321 cum
588 1285 697 1320 eadem
713 1284 843 1319 Camera
864 1294 917 1317 seu
941 1293 997 1328 pro
1012 1289 1091 1315 tem-

343 1349 418 1384 pore
441 1336 594 1370 existente
615 1334 760 1369 Romano
783 1332 949 1370 pontifice,
971 1338 1024 1364 aut
1040 1341 1092 1363 uo-

339 1386 413 1421 stris
441 1393 471 1419 et
498 1384 591 1419 Sedis
611 1382 810 1429 Apostolicae
836 1379 1022 1416 officialibus
1038 1390 1093 1425 pro

342 1443 484 1482 tempore
506 1433 596 1468 factis
617 1432 664 1467 vel
686 1431 850 1469 faciendis,
875 1429 913 1463 de
930 1427 1093 1463 retinendo

340 1483 528 1531 supradictis
564 1493 617 1528 per
642 1493 696 1515 vos
728 1480 786 1527 ipsi
813 1479 964 1514 Gamerae
995 1488 1095 1524 prae-

342 1535 435 1568 missa
449 1531 614 1566 occasione
631 1530 763 1569 debitis3
784 1527 955 1576 privilegiis
968 1537 1095 1572 quoque

344 1591 373 1618 et
396 1580 525 1616 indultis
548 1580 636 1615 vobis
657 1587 709 1613 aut
736 1578 828 1612 alicui
857 1586 992 1611 vestrum
1022 1575 1096 1608 hac-

345 1640 436 1666 tenus
457 1630 550 1664 etiam
581 1641 636 1676 per
671 1640 728 1662 nos
762 1635 815 1662 aut
840 1625 1096 1672 praedecessores

345 1689 469 1715 nostros
499 1678 659 1713 Romanos
686 1676 857 1711 Pontifices
889 1674 993 1709 forsan
1021 1685 1098 1707 con-

345 1730 443 1765 cessis
466 1728 512 1763 vel
547 1727 577 1761 in
607 1727 747 1761 futurum
775 1723 1011 1766 concedendis,
1039 1721 1098 1756 sub

343 1778 507 1827 quibusvis
543 1776 709 1811 verborum
742 1774 852 1809 formis
879 1781 909 1807 et
930 1770 1098 1808 clausulis,

344 1829 437 1863 etiam
461 1825 734 1872 derogatoriarum
756 1821 962 1870 derogatoriis
984 1819 1100 1854 fortio-

344 1878 445 1920 ribuS,
467 1874 695 1909 efficacioribus
723 1881 753 1907 et
775 1872 926 1914 insolitis7
954 1870 1046 1904 etiam
1075 1867 1099 1902 si

346 1926 406 1961 illis
419 1932 580 1960 caveretur
601 1934 749 1970 expresse
767 1920 852 1968 quod
868 1919 1023 1957 interdici,
1036 1929 1102 1951 sus-

348 1974 442 2022 pendi
461 1973 507 2008 vel
523 1971 790 2007 excommunicari
801 1997 809 2008 ,
823 1978 875 2004 aut
891 1966 1102 2009 vicariadbus,

348 2023 451 2059 feudis
468 2050 476 2063 ,
511 2021 678 2068 guberniis
706 2019 752 2054 vel
779 2015 1104 2061 administrationibus

349 2071 519 2121 praedictis
547 2070 663 2117 privari
699 2081 763 2103 non
800 2067 937 2113 possitis,
973 2064 1103 2112 quibus,

350 2123 475 2157 illorum
493 2128 631 2159 tenores,
645 2130 682 2153 ac
703 2118 728 2152 si
751 2117 791 2152 de
806 2116 902 2150 verbo
917 2114 955 2150 ad
973 2113 1102 2148 verbum

351 2168 571 2219 praesentibus
593 2169 817 2209 insererentur,
842 2177 897 2212 pro
914 2163 1106 2199 sufficienter

351 2219 510 2267 expressis
526 2217 690 2257 habentes,
706 2215 767 2250 illis
789 2214 863 2248 alias
878 2214 907 2248 in
924 2224 981 2247 suo
998 2211 1107 2246 robore

353 2267 581 2316 permansuris,
601 2266 703 2313 quoad
717 2262 977 2309 hoc,specialiter
1000 2269 1030 2295 et
1053 2272 1109 2294 ex-

354 2329 464 2366 presse
499 2316 701 2357 derogamus,
730 2312 924 2359 caeterisque
947 2309 1110 2346 contrariis

354 2367 621 2415 quibuscumque.

404 2417 519 2451 Datum
547 2414 668 2448 Romae
691 2411 773 2459 apud
796 2410 946 2445 Sanctum
970 2408 1112 2446 Petrum,

356 2478 440 2501 anno
463 2462 689 2499 lucarnationis
722 2460 911 2503 dominicae,
947 2456 1114 2491 millesimo

358 2512 672 2562 quadringentesimo
686 2509 891 2556 nonagesimo
905 2506 1051 2553 septimo,
1067 2505 1114 2539 ‹le-

359 2564 558 2610 cimoquinto
568 2560 692 2596 kalend.
709 2560 783 2599 ian.,
804 2557 1003 2604 pontificatus
1019 2553 1114 2589 nostri

361 2624 445 2648 anno
468 2619 565 2647 sexto.

1485 1032 1523 1066 X.

1133 1117 1210 1151 Unio
1243 1113 1486 1159 conyreqatiom's
1512 1111 1732 1145 monachorum
1756 1106 1884 1142 Ordinis

1183 1166 1207 1199 C
1208 1165 1384 1198 isterciensis
1395 1164 1426 1196 in
1436 1162 1598 1206 provincia
1616 1159 1763 1193 Thusciae
1778 1165 1803 1190 et
1818 1168 1884 1190 mo-

1181 1215 1349 1248 nachor-um
1372 1212 1501 1245 eiusdem
1521 1210 1649 1244 Ordinis
1672 1209 1703 1241 in
1723 1207 1884 1251 provincia

1183 1263 1410 1299 Lombardiae,
1445 1267 1470 1294 et
1492 1271 1531 1293 eac
1556 1259 1596 1292 eis
1619 1257 1768 1291 institutio
1795 1256 1885 1289 unius

1182 1311 1439 1356 conyreyalionis,
1477 1309 1512 1343 S.
1550 1306 1707 1340 Bernardt'
1736 1306 1769 1338 in
1791 1305 1886 1337 Italia

1183 1360 1418 1405 nuncupandae,
1440 1370 1506 1392 cum
1533 1357 1653 1390 statutis
1674 1362 1699 1388 ec
1721 1354 1887 1388 ordinatio-

1182 1412 1271 1444 nibus
1288 1421 1348 1454 pro
1370 1410 1432 1442 eius
1459 1407 1615 1451 regimine.

1405 1481 1620 1515 SUMMARIUM

1136 1553 1326 1584 Prooemium.
1355 1568 1393 1573 —-
1426 1551 1452 1580 1.
1483 1547 1658 1579 §tonasteria
1685 1545 1831 1576 Thusciae
1862 1549 1890 1574 et

1176 1596 1371 1627 Lombardiae
1393 1594 1511 1624 Ordinis
1534 1591 1739 1622 Cisterciensis
1763 1590 1889 1619 invicem

1178 1642 1255 1671 uniri
1283 1641 1415 1679 cupiunt,
1437 1655 1476 1660 —
1501 1638 1529 1667 2.
1554 1636 1707 1674 [Tuamque
1736 1634 1890 1663 efformare

1178 1685 1370 1724 provinciam.
1399 1700 1437 1704 —
1466 1682 1492 1711 3.
1515 1681 1625 1710 Firmat
1657 1678 1831 1708 Alexander.
1853 1692 1893 1698 -

1178 1730 1206 1759 4.
1230 1728 1383 1766 Unamqne
1410 1725 1667 1763 congregationem
1699 1722 1727 1752 S.
1750 1720 1892 1751 Bernardi

1180 1778 1268 1803 creat.
1291 1789 1330 1793 —
1351 1772 1378 1800 5.
1395 1769 1594 1799 Praesidentis
1617 1767 1787 1796 auctoritas.
1809 1781 1848 1787 —
1866 1764 1893 1793 6.

1179 1817 1219 1846 De
1238 1816 1367 1855 capitulo
1387 1813 1514 1852 singulis
1535 1812 1619 1841 annis
1639 1810 1780 1848 cogendo.
1795 1826 1833 1832 —
1850 1808 1892 1837 Ad

1181 1860 1343 1900 capitulum
1373 1859 1424 1897 qui
1456 1853 1582 1887 debeant
1611 1854 1763 1884 accedere.
1785 1869 1823 1874 —
1854 1851 1894 1880 De

1182 1905 1325 1934 electione
1345 1902 1475 1933 discreti.
1495 1917 1534 1923 -
1553 1901 1578 1929 7.
1598 1899 1786 1928 Desinitorum
1811 1896 1894 1935 capi-

1184 1949 1236 1978 tuli
1264 1948 1368 1978 electio
1392 1946 1426 1976 ad
1450 1953 1524 1984 quos
1549 1947 1670 1982 spectet,
1700 1946 1728 1970 et
1749 1938 1895 1979 quomodo

1185 1994 1222 2022 sit
1250 1991 1393 2021 facienda.
1415 2007 1454 2011 —
1476 1989 1503 2018 8.
1528 1987 1559 2017 In
1583 1987 1666 2016 initio
1691 1983 1812 2023 capituli
1836 1991 1897 2011 om-

1186 2046 1239 2066 nes
1260 2035 1381 2075 praelati
1401 2034 1460 2063 sint
1476 2031 1614 2062 absoluti.
1629 2046 1668 2052 —
1680 2030 1707 2059 9.
1723 2027 1896 2057 Desinitores

1185 2089 1289 2110 novem
1309 2078 1434 2117 eligendi
1455 2087 1488 2106 ex
1510 2076 1619 2114 quihus
1639 2071 1841 2103 desumendus
1860 2069 1899 2098 sit

1187 2134 1307 2164 praeses
1330 2122 1462 2162 capituli,
1487 2137 1526 2143 —-
1552 2119 1605 2153 Qui
1627 2123 1756 2155 tempore
1779 2113 1899 2153 capituli

1188 2168 1356 2199 omnimoda
1373 2167 1479 2196 fruitur
1496 2164 1699 2194 iniis-liftione
1725 2177 1761 2182 —
1776 2160 1812 2188 *10
1839 2158 1900 2187 tite-

1189 2218 1284 2244 ctores
1308 2213 1337 2241 in
1360 2210 1499 2241 officiales
1530 2208 1596 2243 eligi
1629 2209 1759 2242 possunt.
1789 2219 1827 2224 -
1858 2202 1900 2231 ll.

1189 2257 1269 2292 Quae
1287 2256 1324 2285 sit
1342 2255 1529 2284 definitorum
1550 2250 1717 2279 tiniusznotll
1732 2249 1901 2276 auctoritas.

1190 2318 1229 2324 —-
1264 2300 1307 2329 12.
1332 2299 1517 2328 Praelaturae
1542 2296 1666 2325 tririinio
1695 2294 1901 2323 terminantur.

1191 2362 1230 2369 -—
1257 2345 1302 2374 ¹13.
1330 2344 1353 2372 Α
1380 2342 1505 2372 decretis
1528 2340 1716 2370 definitorum
1746 2336 1903 2376 appellatio

1192 2390 1285 2420 nulla.
1322 2405 1360 2409 -
1400 2387 1442 2415 tt.
1484 2385 1604 2414 Illorum
1639 2388 1734 2412 tamen
1777 2379 1904 2409 officium

1194 2434 1269 2464 ultra
1299 2434 1399 2463 decem
1420 2431 1483 2460 dies
1506 2439 1563 2458 non
1591 2427 1780 2467 protrahitur.
1804 2440 1840 2446 —
1865 2424 1904 2452 1-5.

1194 2478 1306 2508 Debent
1328 2485 1395 2505 vero
1415 2474 1569 2512 designare
1592 2472 1688 2501 locum
1713 2469 1802 2498 futuri
1822 2467 1905 2506 capi-

1197 2523 1260 2552 tuli:
1286 2538 1325 2543 —
1354 2520 1398 2549 to.
1426 2519 1467 2547 Ad
1501 2518 1641 2556 ipsosque
1672 2513 1767 2542 solum
1797 2514 1907 2548 spectat

1198 2566 1300 2596 electio
1333 2562 1530 2602 praesidentis
1553 2559 1682 2599 capituli.
1712 2573 1751 2579 —
1782 2556 1827 2584 Π.
1852 2553 1907 2588 Qui

1198 2620 1254 2639 non
1277 2609 1365 2647 possit
1385 2606 1512 2646 proalio
1535 2604 1660 2643 capitulo
1677 2599 1854 2631 confirmari.
1870 2614 1908 2620 —-

1889 235 1938 261 An.
1955 233 1983 260 C.
2003 233 2069 259 1'107

1172 303 1265 336 Anno
1284 300 1377 334 *1498
1393 305 1422 331 et
1434 305 1521 331 sexto
1538 293 1736 342 pontificatus
1750 291 1788 326 D.
1804 291 1875 324 Ale·
1920 295 2042 315 rubum-0-

1123 351 1231 386 xandri
1256 350 1358 394 Papae
1380 347 1433 389 Vl,
1457 344 1673 390 retroscriptae
1688 342 1792 375 literae
1807 340 1874 374 affi-

1125 413 1179 435 xae
1216 408 1246 433 et
1283 398 1456 445 publicatae
1481 395 1617 429 suerunt:
1647 391 1815 432 videlicet,
1843 390 1874 422 in

1124 449 1298 484 audientiae
1327 445 1510 481 contradict.
1535 445 1593 482 ⁶25,
1614 450 1644 476 et
1665 440 1811 475 basilicae
1838 438 1872 472 S.

1125 499 1207 533 l'etri
1232 498 1326 531 valvis
1353 498 1399 529 ⁶2⁷1
1422 504 1450 530 ot
1473 496 1519 528 25
1547 491 1705 534 decemb,
1727 501 1762 524 ac
1791 487 1877 522 Can-

1125 548 1268 582 cellariae
1297 555 1327 580 et
1355 546 1384 579 in
1407 545 1474 579 acie
1496 543 1608 589 Campi
1631 541 1742 575 Florae
1767 543 1810 572 15
1839 538 1879 572 ia-

1126 597 1222 631 nuarii
1249 608 1302 642 per
1325 595 1516 629 Everardum
1548 593 1586 627 dc
1605 590 1740 626 Cuvinie
1762 587 1820 622 SS.
1838 587 1877 621 D.

1127 646 1222 681 nostri
1246 658 1328 679 curs.
1353 644 1395 678 lta
1411 652 1467 678 est.
1488 643 1600 677 Petrus
1621 639 1758 686 Mallayt‚
1781 648 1878 677 curs-3

1126 695 1169 729 Io.
1187 694 1319 740 Regina,
1338 702 1389 727 etc.
1412 692 1488 726 ltem
1513 691 1620 726 assixae
1643 690 1673 722 in
1704 686 1800 733 portis
1822 697 1880 719 au-

1127 744 1261 778 dientiae
1290 742 1339 776 die
1366 753 1411 775 xv
1439 742 1498 775 ian.
1524 752 1578 785 per
1599 750 1650 773 me
1677 737 1712 770 P.
1743 734 1880 781 Mallayt‚

1126 804 1209 827 curs.
1232 799 1284 826 etc.
1307 789 1474 825 Itaest.lo.
1497 788 1630 834 Regina,
1650 785 1773 832 magist.
1797 795 1880 818 curs.

1146 853 1208 884 Dat.
1225 853 1272 883 die
1289 852 1325 882 18
1342 850 1508 882 decembris
1525 849 1612 885 1497,
1631 851 1709 887 pont.
1729 854 1804 876 anno
1820 853 1859 874 vr
