2281 3251
97 282 148 311 Ait.
161 283 190 310 C.
213 283 281 311 11139

109 1473 192 1496 Dii-bun
206 1473 282 1495 voluu-

95 1505 182 1532 tauhun,
192 1505 282 1527 duabus·-

96 1542 137 1566 «ιιι.
151 1537 282 1566 oper-attent-

95 1569 147 1593 buu

925 283 1086 305 Et'utixtt's
1109 283 1140 304 ΙΥ
1165 283 1211 304 ΙΨ.

294 346 324 372 et
345 337 799 383 corpore.consubstantialem
821 337 1045 381 Patri,seenn-

293 386 368 421 dum
392 386 551 428 deitatem,
575 394 605 419 et
629 386 927 421 consubstantialem
953 386 1044 420 nobis

293 435 461 473 eumdem,
488 435 662 470 seeundum
704 436 954 474 humanitati-nu
991 449 1044 481 per

292 484 396 519 omnia
415 484 504 519 uobis
522 484 655 518 similent
679 485 799 531 absque
821 494 958 530 peceato,
974 494 1044 518 ante

292 533 404 568 saecula
415 533 541 581 quidem
556 534 594 567 de
609 534 700 568 Patre
715 534 855 579 genitum
869 535 1042 567 seeundum

293 583 452 625 deitatem,
469 583 498 616 in
516 583 694 617 novissimis
706 592 809 616 autem
830 582 944 618 diebus
959 596 1045 617 eum-

292 632 365 667 dem
380 640 572 679 propternos
582 641 611 666 et
626 633 890 677 proptersalutem
906 641 1042 667 nostram

293 693 330 716 ex
350 681 443 715 Maria
467 680 594 726 Virgine
614 681 669 715 Dei
689 680 852 715 Genitriee
866 683 1042 716 secundnm

293 730 533 771 humanitatem
544 743 641 764 unum
657 731 867 777 euindemqne
879 731 1042 765 Cluristum

294 792 401 814 verum
435 778 550 814 Filium
580 778 750 814 Dominum
791 781 987 826 unigenitum
1013 780 1042 813 in

292 828 416 864 duabus
441 829 559 863 naturis
584 829 760 872 inconfuse,
794 829 1044 868 immutabiliter,

293 877 426 912 indivise
441 905 448 917 ,
492 878 743 923 inseparabiliter
789 878 1043 924 agnoscendum,

292 929 447 974 nu'squam
491 926 612 962 sublata
652 927 824 962 differentia
862 936 1042 961 naturarum

292 986 421 1024 propter
444 977 629 1017 unitionem,
653 977 816 1023 magisque
850 978 931 1010 salva
965 989 1043 1022 pro-

293 1028 423 1073 prietate
439 1027 600 1073 utriusque
616 1034 743 1060 naturae
759 1034 788 1060 et
807 1026 835 1060 in
863 1038 955 1059 unam
975 1039 1044 1071 per-

292 1087 401 1110 sonam
429 1083 522 1122 atque
551 1075 785 1109 subsistentiam
819 1083 1043 1115 concurrente,

293 1136 354 1158 non
383 1126 413 1159 in
437 1124 516 1159 duas
541 1136 691 1171 personas
719 1125 876 1170 partitum,
904 1124 968 1157 sire
996 1124 1044 1157 di-

293 1174 407 1214 visum,
443 1174 497 1208 sed
534 1185 630 1207 unum
674 1182 703 1207 et
742 1173 888 1206 eumdem
924 1172 1042 1208 Filium

294 1223 493 1268 unigenitum
517 1222 634 1266 Deum,
657 1234 763 1256 verum
789 1222 961 1256 Dominum
996 1223 1044 1257 le-

293 1284 363 1306 sum
378 1271 555 1315 Christum,
570 1272 650 1305 sient
667 1281 738 1306 ante
753 1272 923 1319 prophetae
942 1272 980 1306 de
995 1284 1043 1316 eo,

293 1330 322 1356 et
345 1321 411 1368 ipse
429 1333 486 1355 uos
503 1320 588 1354 lesus
603 1319 750 1355 Christus
764 1321 910 1360 erudivit,
933 1329 961 1354 et
976 1333 1046 1355 san-

294 1379 416 1406 ctorum
440 1370 568 1404 Pan-nin
593 1369 684 1403 nobis
700 1369 1042 1417 tradiditSymbolum.

344 1419 364 1467 S
387 1422 418 1454 7.
446 1419 565 1457 Tertio,
589 1418 807 1454 definitionem
842 1419 880 1453 de
920 1419 1044 1454 duabus

295 1469 520 1508 voluntatibus,
543 1468 731 1515 duabusque
751 1469 867 1503 Cltristi
892 1471 1043 1515 operatio-

295 1517 387 1553 nibus
409 1519 438 1553 in
464 1518 621 1565 praedicto
645 1527 731 1552 sexto
754 1518 887 1553 concilio
912 1519 1042 1564 promul-

294 1576 409 1613 gatam,
437 1568 528 1602 euius
561 1577 650 1602 tenor
686 1568 755 1601 talis
789 1577 851 1602 est:
884 1569 1044 1614 sufficeret

294 1619 414 1663 quidem
437 1626 468 1652 et
485 1616 601 1664 reliqua
615 1629 706 1664 qnae,
723 1617 751 1650 in
772 1617 836 1663 ipsa
862 1616 1045 1652 defiuitione

295 1666 420 1701 concilii
439 1665 710 1701 Chalcedonensis
725 1667 872 1713 superius
888 1677 1044 1711 enarrata,

294 1726 472 1762 sequuntur
500 1728 600 1762 usque
626 1715 663 1749 ad
701 1715 808 1756 linem,
845 1725 911 1762 post
949 1729 1042 1763 quem

293 1765 437 1812 sequitur
464 1765 493 1799 in
523 1765 608 1799 bunc
632 1765 777 1799 modum:
801 1765 838 1799 Et
860 1765 939 1799 duas
957 1775 1045 1799 natu-

295 1814 375 1849 rales
391 1814 567 1849 voluntates
590 1815 619 1848 in
645 1814 701 1853 Eo,
724 1823 753 1847 et
784 1814 862 1848 duas
887 1815 1044 1849 naturales

293 1864 491 1911 operationes
514 1863 658 1901 indivise.
682 1863 974 1907 inconvertibiliter,
997 1865 1045 1898 in-

293 1912 522 1960 separabiliter,
545 1912 721 1957 iuconl'use,
755 1913 931 1948 secundnm
971 1925 1045 1948 san-

293 1971 415 1996 ctorum
436 1961 561 1996 Patrum
585 1962 760 1996 doctrinam
788 1962 929 2009 adaeque
948 1975 1044 2009 prae-

293 2010 447 2052 dieamus,
460 2021 490 2046 et
512 2011 590 2045 duas
606 2012 762 2045 naturales
786 2011 962 2047 voluntates
983 2025 1043 2047 nou

293 2061 476 2100 contrarias,
501 2061 584 2095 iuxta
613 2061 695 2108 qnod
726 2062 812 2108 impii
841 2070 1045 2097 asseruerunt

294 2109 455 2150 haeretici,
477 2110 531 2144 sed
559 2119 744 2156 sequentem
775 2111 944 2146 bumanam
974 2112 1045 2146 eius

293 2159 498 2200 voluntatem,
521 2168 549 2193 et
574 2172 635 2193 non
668 2161 863 2195 resistentem
890 2161 935 2195 vel
960 2162 1046 2196 relu-

293 2216 441 2252 ctantem,
463 2209 517 2243 sed
542 2210 647 2255 potius
669 2218 698 2243 et
725 2209 898 2244 subiectam
922 2211 1046 2245 (livinae

293 2259 363 2293 eius
385 2267 480 2305 atque
507 2259 715 2304 omnipotenti
747 2258 909 2294 voluntati.
933 2260 1045 2306 Opor—

294 2307 376 2342 tebat
410 2308 492 2343 enim
534 2308 635 2342 carnis
675 2307 868 2343 voluntatem
915 2311 1045 2351 moveri,

294 2357 406 2392 subiici
422 2370 494 2392 vero
509 2357 659 2392 voluntati
674 2358 809 2394 divinae,
827 2358 909 2393 iuxta
926 2359 1047 2406 sapien·

293 2406 450 2441 tissimum
485 2406 707 2441 Athanasium.
742 2407 830 2442 Sient
866 2409 950 2442 enim
978 2409 1047 2443 eius

294 2467 378 2495 caro,
400 2455 457 2491 Dei
479 2455 573 2490 Verbi
597 2456 714 2490 dicitnr
741 2465 772 2491 et
798 2465 855 2500 est,
879 2459 919 2492 ita
943 2466 973 2492 et
996 2470 1048 2492 na-

295 2505 406 2540 turalis
427 2505 531 2540 carnis
557 2506 627 2540 eius
663 2507 818 2545 voluntas,
842 2507 964 2553 propria
988 2506 1045 2541 Dei

293 2552 390 2589 Verbi
407 2555 523 2589 dicitur
549 2564 579 2589 et
606 2564 663 2597 est,
686 2555 767 2590 sicut
791 2556 857 2602 ipse
879 2556 944 2590 ait:
964 2557 1047 2597 Οαιά

294 2604 435 2638 descendi
460 2606 495 2638 de
515 2606 607 2643 coelo,
641 2617 702 2638 non
732 2612 765 2639 ut
800 2607 914 2650 faciam
934 2607 1047 2640 volun-

295 2660 386 2688 tatem
430 2665 541 2693 viteam,
584 2655 636 2689 sed
676 2657 739 2688 eius
768 2656 824 2700 qui
861 2656 945 2690 misit
985 2667 1045 2695 me,

1746 275 1789 306 47

1090 339 1212 377 Patre’s,·
1232 349 1320 371 suam
1339 337 1496 384 propriam
1513 336 1622 371 dicens
1637 337 1840 378 voluntatem,

1087 399 1167 433 quae
1190 395 1253 421 erat
1277 387 1382 419 earnis
1410 386 1489 420 eins.
1514 385 1591 419 Nam
1620 393 1650 419 et
1677 399 1749 421 caro
1773 401 1842 434 pro-

1089 436 1151 481 pria
1176 437 1243 469 eius
1267 435 1342 469 facta
1371 443 1429 469 est.
1455 435 1734 477 Quemadmodum
1758 436 1839 470 euim

1086 485 1281 519 sanctissima
1326 494 1418 531 atque
1463 484 1660 518 immaculata
1704 486 1839 519 animata

1087 535 1154 567 eins
1176 547 1258 573 caro,
1282 533 1422 568 deificata
1446 542 1504 577 est,
1523 546 1583 567 non
1604 542 1649 567 est
1666 544 1840 580 perempta,

1087 583 1140 616 sed
1170 583 1199 616 in
1230 583 1355 629 proprio
1378 584 1426 616 sui
1451 591 1530 617 statu
1555 591 1584 616 et
1619 584 1738 617 ratione
1767 597 1840 630 pet·-

1088 632 1223 670 mansit;
1249 633 1286 666 ita
1310 641 1338 666 et
1363 632 1498 666 humana
1522 633 1590 666 eius
1614 631 1756 666 voluntas
1774 633 1841 666 dei-

1088 682 1173 715 licata
1196 690 1254 719 est,
1283 694 1344 715 nou
1372 689 1419 716 est
1445 690 1617 728 perempta,
1640 681 1769 715 salutata
1795 691 1841 716 est

1086 738 1190 764 autem
1221 731 1330 776 magis,
1353 732 1527 765 secundnm
1552 730 1734 777 deiloquum
1759 730 1842 764 Gre-

1086 780 1210 824 gorium
1229 779 1409 813 dicentem:
1431 780 1508 814 Nam
1535 779 1611 814 velle
1631 780 1712 814 illins
1736 781 1788 826 qui
1812 780 1840 813 in

1087 827 1248 862 Salvatore
1273 828 1468 874 intelligitur,
1493 841 1553 863 non
1582 837 1627 862 est
1648 830 1839 863 contrarium

1088 876 1171 911 Deo:
1195 877 1374 912 deilicatum
1413 888 1458 911 est
1494 887 1606 920 totum,
1642 879 1720 912 duas
1756 878 1839 911 enim

1088 927 1243 960 naturales
1271 927 1470 973 operationes
1499 927 1641 967 indivise,
1675 927 1842 961 inconver-

1087 975 1212 1009 tibiliter
1228 1003 1236 1014 ,
1285 976 1470 1015 inconfuse,
1520 976 1769 1022 inseparabiliter
1811 977 1840 1010 in

1088 1024 1198 1058 eodem
1237 1024 1373 1059 Domino
1407 1025 1475 1059 lesu
1516 1025 1643 1060 Christo
1673 1038 1745 1059 vero
1773 1025 1842 1059 Deo

1088 1073 1180 1107 modo
1203 1074 1430 1119 glorificamus,
1451 1074 1508 1108 lioe
1536 1083 1581 1108 est
1604 1074 1740 1108 divinam
1765 1087 1842 1121 ope-

1087 1123 1237 1156 rationem
1256 1131 1285 1157 et
1302 1123 1472 1157 humanam
1489 1124 1717 1170 operationem,
1733 1136 1842 1158 seeun-

1086 1172 1160 1205 dum
1171 1172 1311 1206 divinum
1329 1173 1574 1219 praedicatorem
1593 1172 1742 1215 Leonem,
1759 1185 1842 1219 aper-

1087 1221 1205 1255 tissime
1245 1231 1454 1256 asserentem:
1485 1223 1557 1268 Agit
1592 1222 1674 1256 enim
1713 1228 1844 1269 utraqtte

1087 1270 1184 1304 forma
1208 1283 1279 1305 enm
1315 1271 1444 1305 alterins
1485 1271 1723 1310 communione,
1757 1272 1841 1318 qnod

1087 1321 1247 1365 proprium
1265 1328 1322 1360 est,
1339 1320 1444 1355 Verbo
1459 1321 1577 1354 scilicet
1593 1331 1741 1367 operante
1757 1321 1841 1368 quod

1088 1368 1180 1403 Verbi
1196 1378 1254 1413 est,
1269 1379 1297 1404 et
1315 1382 1408 1404 carne
1424 1379 1602 1416 exequente
1618 1370 1702 1417 quod
1723 1372 1840 1405 carnis:

1088 1431 1145 1452 neu
1181 1419 1264 1452 enirn
1304 1419 1333 1452 in
1363 1432 1524 1466 quoquam
1563 1432 1654 1453 unam
1695 1419 1843 1454 dabimus

1088 1469 1261 1502 naturalem
1284 1469 1501 1514 operationem
1530 1468 1587 1502 Dei
1617 1478 1645 1503 et
1668 1479 1841 1510 creaturae,

1088 1525 1119 1550 ut
1144 1529 1246 1564 neque
1281 1517 1365 1563 qnod
1395 1528 1533 1553 creatum
1560 1527 1618 1558 est,
1647 1519 1675 1552 in
1705 1519 1840 1553 divinam

1086 1566 1258 1601 educatum
1275 1568 1458 1609 essentiam,
1471 1580 1573 1614 neque
1590 1568 1673 1614 quod
1691 1569 1840 1603 eximium

1087 1625 1131 1650 est
1146 1616 1270 1650 divinae
1295 1625 1434 1657 naturae,
1449 1616 1488 1651 ad
1509 1626 1740 1662 competentem
1754 1631 1841 1652 crea-

1087 1666 1166 1700 turis
1194 1665 1298 1700 locum
1339 1667 1534 1700 deiiciamns.
1564 1666 1663 1702 Unius
1699 1668 1783 1701 enim
1812 1676 1841 1701 et

1087 1714 1229 1749 eiusdem
1267 1725 1326 1749 tam
1363 1715 1511 1750 miracula
1549 1728 1644 1763 quam
1681 1717 1842 1763 passiones

1087 1765 1321 1809 cognoscimus‘,
1357 1765 1535 1800 seeundum
1572 1765 1655 1800 aliud
1692 1775 1721 1800 et
1758 1767 1841 1800 alind

1087 1825 1196 1847 earum
1225 1826 1262 1848 ex
1298 1814 1415 1860 quibus
1450 1822 1496 1848 est
1530 1823 1725 1853 naturarum,
1754 1824 1783 1850 et
1811 1816 1840 1849 in

1087 1862 1204 1908 quibus
1228 1863 1321 1897 babet
1335 1876 1417 1907 esse,
1433 1864 1514 1898 sient
1529 1864 1725 1899 admirabilis
1743 1864 1841 1911 inquit

1087 1911 1235 1959 Cyrillus.
1247 1912 1394 1960 Undique
1409 1914 1503 1958 igitur
1521 1913 1722 1948 inconfusum
1748 1923 1842 1960 atque

1089 1961 1258 1996 indivisum
1275 1971 1500 1997 conservantes
1518 1975 1614 1997 unum
1632 1962 1755 1997 Sanetae
1769 1963 1841 1997 Tri-

1089 2011 1207 2054 nitatis,
1230 2011 1315 2046 breri
1339 2025 1414 2047 voce
1436 2021 1549 2047 cuncta
1580 2012 1782 2058 prol'erirnust
1811 2021 1841 2047 ct

1089 2069 1157 2106 post
1195 2062 1455 2102 incarnationem,
1491 2061 1660 2095 Dominum
1698 2070 1838 2096 t.ostrnm

1089 2113 1190 2148 lesum
1218 2113 1379 2149 Cltristum
1405 2128 1512 2150 verum
1542 2114 1644 2149 Deum
1676 2124 1744 2150 esse
1772 2128 1841 2150 cre-

1088 2167 1210 2212 denies,
1225 2169 1397 2204 asserimus
1416 2169 1493 2203 duas
1519 2169 1587 2203 eius
1612 2181 1681 2203 esse
1704 2177 1840 2210 naturas,

1089 2222 1119 2256 in
1160 2235 1221 2256 una
1265 2224 1336 2258 eius
1374 2223 1511 2258 radiante
1552 2223 1772 2267 subsistentia,
1810 2224 1839 2258 in

1088 2289 1147 2323 qua
1187 2286 1246 2311 tam
1271 2278 1419 2313 miracula
1455 2289 1550 2324 quam
1587 2277 1747 2324 passiones
1787 2290 1842 2324 per

1088 2343 1214 2365 omnem
1231 2332 1279 2366 sui
1297 2332 1540 2379 dispensativam
1557 2331 1838 2370 conversationem,

1090 2397 1151 2419 non
1177 2399 1231 2432 per
1254 2385 1532 2433 pliautasiam,sed
1550 2386 1698 2419 veraciter
1712 2385 1840 2420 demon-

1088 2440 1255 2480 stravit,ob
1268 2440 1440 2474 naturalem
1455 2439 1664 2473 differentiani
1686 2440 1714 2473 in
1731 2439 1837 2474 eadem

1090 2505 1150 2527 una
1163 2493 1364 2528 subsistentia
1378 2493 1645 2540 cognoscendam,
1661 2493 1735 2527 dnm
1754 2502 1839 2528 ntra-

1088 2558 1151 2593 que
1181 2556 1291 2582 natura
1326 2559 1398 2582 cum
1438 2547 1566 2581 alterius
1604 2546 1838 2590 communione,

1089 2601 1221 2636 indivise
1243 2610 1273 2636 et
1297 2600 1462 2636 inconfuse
1486 2601 1610 2648 propria
1634 2599 1724 2634 vellet
1747 2607 1839 2646 atque

1090 2664 1285 2704 operaretur,
1308 2655 1389 2689 iuxta
1413 2667 1508 2701 quarn
1533 2654 1697 2693 rationem,
1714 2660 1743 2687 et
1762 2652 1839 2688 duas

1858 285 1905 311 Λιι.
1926 286 1955 310 (ἶ.
1970 287 2037 312 tti5⁹
