2281 3251
210 236 260 263 An.
275 235 304 262 C.

226 592 270 611 h...
282 600 292 607 .,

211 625 254 642 «lv-1
265 626 307 641 ιιι».
312 622 344 639 tuli
375 626 387 638 ιι

213 654 238 672 lth
265 657 295 671 ta
298 657 305 671 t

454 226 525 258 278

405 297 437 324 et
450 289 580 324 cautelis
593 289 684 323 etiam
708 288 737 321 in
755 287 869 322 talibus
887 285 1028 320 adhiberi
1044 285 1156 326 solitis

406 339 619 386 deponantur
635 346 664 371 et
687 338 716 371 in
733 338 927 383 emptionem
947 335 1081 368 aliorum
1106 333 1158 367 bo-

409 400 520 423 norum
550 386 758 422 immobilium
784 398 839 432 pro
861 385 980 419 eisdem
1004 383 1157 425 ecclesiis,

409 437 609 473 monasteriis
635 445 666 470 et
690 436 749 482 piis
777 436 853 469 locis
874 434 1004 467 «minino
1027 444 1157 466 conv-er

410 496 524 521 tantur.

457 541 474 579 ἕ
503 539 557 570 12.
585 534 743 581 Quodque
785 533 888 566 dilecti
919 531 971 565 lilii
1007 530 1158 565 Gamerae

318 590 394 609 ΜΝ·
410 585 553 620 eiusdem
591 584 678 618 urbis
710 590 948 617 consertatores
978 587 1160 627 praesentes

390 628 534 669 ¹nostras
566 634 672 668 literas
705 633 734 666 in
760 632 894 678 registro
921 630 1158 682 pritilegiorurn

410 693 439 717 vt
461 683 592 718 aliarum
613 682 841 727 scripturarum
858 680 998 714 eiusdem
1025 678 1158 712 urbisin

410 732 594 767 ‹orumdent
612 730 750 765 archivio
762 730 952 767 conservari
972 728 1065 761 solito
1078 726 1161 772 regi-

411 781 514 819 strari.
529 789 559 816 et
582 780 705 814 illorum
731 787 856 814 tenores
879 778 908 812 in
926 777 1002 812 locis
1026 776 1162 824 publicis

411 839 440 864 ιι
472 829 632 865 consuetis
658 828 802 863 eiusdem
827 827 926 871 urbis,
957 837 1035 860 sono
1069 825 1161 859 tubae

413 879 598 925 praemisso,
619 878 735 924 tulgari
759 889 906 912 sermone
931 875 1107 922 pul›licati·,
1128 887 1161 908 ae

414 937 594 974 praesentes
630 927 724 961 valvis
745 926 891 972 Capitolii
925 926 1051 980 ttiduo,
1088 924 1163 958 iuris

325 233 391 261 Ηι80

415 977 510 1017 horis,
527 985 557 1011 et
584 977 671 1015 alibi,
699 984 790 1030 prout
813 975 984 1010 camerario
1006 981 1035 1007 et
1064 973 1164 1019 magi-

413 1027 487 1061 stris
510 1026 656 1073 praefatis
680 1026 780 1059 ιιειιιιι
802 1024 908 1068 fuerit,
930 1023 1010 1069 affigi
1040 1022 1164 1064 saciant,

416 1084 448 1109 nt
471 1075 622 1110 omnibus
649 1075 734 1109 omni
754 1082 896 1121 tempore
923 1073 1045 1107 facilius
1074 1072 1164 1106 inno·

416 1133 547 1159 tescaut.

463 1173 547 1208 Nulli
575 1185 649 1218 ergo
673 1173 802 1207 omnino
829 1180 882 1206 etc.

463 1222 580 1257 Datum
602 1221 722 1256 Romae
743 1221 827 1268 apud
851 1221 1002 1255 Sanctum
1022 1219 1165 1263 Petrum,

416 1284 498 1306 anno
525 1271 753 1306 incarnationis
787 1270 967 1304 dominicae
999 1269 1166 1303 millesimo

414 1321 730 1368 quadringentesimo
745 1319 973 1365 octuagesimo,
995 1318 1095 1365 pridie
1113 1317 1168 1352 ka-

416 1370 526 1405 lendas
542 1369 621 1414 iulii,
638 1369 841 1416 pontificatus
857 1368 954 1402 nostri
974 1379 1058 1402 anno
1072 1379 1166 1401 nono.

474 1430 535 1461 Dat.
554 1432 601 1461 die
618 1430 656 1462 30
672 1431 745 1460 iunii
765 1430 853 1467 1480,
871 1428 975 1469 pontis.
996 1438 1072 1458 anno
1089 1437 1126 1458 lx.

706 1566 794 1602 xxv
816 1569 871 1610 (1).

417 1640 574 1675 Concessio
599 1641 776 1684 qratiarum
805 1646 831 1672 et
852 1638 1088 1684 privilegiorum
1113 1649 1169 1682 pro

469 1690 641 1724 Ordinibus
667 1690 702 1724 S.
741 1689 899 1722 Dominici
934 1695 959 1721 et
994 1689 1029 1721 S.
1064 1687 1165 1720 Fran-

465 1740 537 1773 cisci
557 1739 612 1782 (2).

688 1805 902 1837 SUMMARIUM

417 1869 486 1900 ord.
503 1868 531 1900 S.
543 1868 688 1899 Dominici
703 1873 731 1898 et
745 1868 774 1898 S.
790 1867 941 1898 Francisci
961 1867 1062 1897 merita
1081 1868 1169 1896 multa

459 1918 537 1944 sunt.
555 1930 594 1936 -—
612 1914 638 1943 l.
662 1912 714 1942 llic
732 1913 797 1942 ideo
821 1911 927 1941 Pontis.
944 1912 1069 1951 plurima
1094 1913 1172 1951 ipso-

459 1967 523 1988 rum
540 1957 683 1988 Ordinum
708 1956 858 1996 privilegia
879 1956 1051 1994 approbavit
1069 1960 1096 1985 et
1115 1956 1170 1985 alia

458 2001 617 2037 concessit,
633 2005 664 2030 ut
686 2001 714 2030 in
734 2000 798 2030 eius
812 1999 891 2029 bulla
911 2000 959 2029 cit.
983 2000 1011 2029 in
1032 2005 1097 2029 nota
1114 2000 1170 2037 (Ξ),

457 2062 497 2068 —-
513 2045 540 2075 2.
565 2044 622 2075 Sed
641 2054 741 2075 eorum
765 2044 857 2084 quieti
878 2044 962 2083 plene
979 2053 1035 2073 non
1059 2053 1171 2073 consu-

459 2091 523 2121 luit.
544 2107 584 2113 —
605 2090 632 2120 3.
650 2089 809 2120 Confirmat
836 2088 934 2127 itaque
957 2088 1044 2117 latins
1071 2096 1171 2117 eorum

460 2134 569 2174 gratias
592 2138 649 2165 tam
673 2132 845 2173 spirituales
867 2141 954 2171 quam
986 2131 1172 2170 temporales.

459 2196 498 2202 —
518 2179 546 2209 4.
574 2177 777 2217 Indulgentias
801 2186 902 2208 eorum
922 2175 1070 2206 Ecclesias
1099 2176 1172 2204 visi-

462 2223 592 2253 tantibus
615 2222 758 2253 concedit.
787 2238 826 2245 -
857 2222 882 2251 5.
907 2220 1086 2250 Facultatem
1115 2220 1171 2249 eli

462 2267 549 2305 gendi
579 2266 791 2304 consessorem,
818 2271 868 2296 etc.
893 2265 1069 2305 impartitur.
1088 2281 1126 2286 —
1148 2266 1174 2293 ι’).

458 2329 498 2364 (l)
509 2329 538 2356 ln
552 2328 623 2356 Edit.
636 2329 714 2356 Rom.
726 2328 776 2356 sub
790 2336 864 2355 num.
877 2335 938 2354 xxtt
950 2326 1062 2354 habetur
1074 2326 1111 2361 (n.
1124 2327 1174 2360 T.)

423 2367 462 2404 (2)
490 2368 559 2396 Haec
582 2370 657 2395 Bulla
677 2377 761 2395 aurea
787 2371 957 2402 nuncupatur
973 2374 986 2392 a
1003 2365 1176 2400 Regularibus

425 2409 492 2441 istis,
511 2417 543 2436 eo
559 2408 631 2444 quod
658 2409 741 2435 multa
766 2409 899 2435 contineat
926 2406 1072 2442 privilegia.
1102 2405 1175 2431 Ultra

423 2457 503 2485 quae,
519 2449 562 2476 bic
578 2449 648 2475 idem
666 2448 785 2475 Pontifex
811 2447 859 2474 alia
885 2446 1011 2481 elargitus
1035 2449 1075 2472 est
1091 2445 1175 2472 eidem

424 2488 561 2516 Ordinis.
579 2488 721 2521 Dominici,
738 2492 767 2514 ut
786 2495 846 2523 sup.
875 2487 899 2513 in
926 2486 1039 2513 Constit.
1063 2493 1102 2518 tx,
1129 2487 1176 2511 Re-

425 2531 530 2562 qimt'm',
546 2536 606 2564 pag.
623 2529 691 2561 ΞἪΗ
709 2532 735 2555 et
751 2527 799 2555 alia
815 2527 909 2554 Ordini
929 2526 956 2553 S.
984 2526 1127 2557 Francisci,
1150 2530 1175 2551 ut

426 2576 486 2604 sup.
507 2569 532 2596 in
557 2569 616 2596 eius
631 2568 742 2595 Constit.
762 2574 828 2600 vnt,
846 2567 991 2599 nemmem,
1023 2573 1081 2601 pag.
1106 2566 1176 2592 2¹7.

426 2612 452 2635 et
472 2608 616 2643 utrobique
638 2608 738 2635 notavi.

983 231 1082 253 ttl'tJA
1089 231 1168 252 utrm
1194 230 1261 252 11031
1267 230 1353 252 ANUM

1240 283 1418 312 facultatem
1444 282 1580 320 praelatis
1603 280 1745 309 ‹ti-‹tinum
1779 288 1949 310 concessant

1239 327 1410 356 absolvendi
1425 326 1529 355 tratres
1541 331 1591 354 etc.
1609 325 1771 363 restringit.
1787 341 1823 346 —
1838 325 1863 354 7.
1879 324 1951 354 Gra-

1239 371 1294 401 tias
1329 370 1472 400 Ordinum
1497 370 1649 400 sororibus
1672 374 1700 399 et
1730 370 1870 399 tertiariis
1897 377 1950 399 eo-

1239 415 1372 445 rumdem
1392 414 1534 444 Ordinum
1553 413 1759 443 communicat.
1776 430 1814 435 —-
1827 414 1853 443 8.
1869 413 1950 444 Circa

1238 458 1492 497 eleemoanarum
1522 458 1726 488 collectionem
1747 463 1774 487 et
1796 458 1950 496 praedica-

1240 503 1345 539 tiones,
1372 512 1429 532 non
1454 502 1648 532 molestentur
1671 501 1706 531 ab
1726 501 1885 531 ordinariis
1909 503 1951 531 vel

1239 546 1316 576 aliis.
1339 563 1378 568 —
1399 548 1426 577 9.
1445 547 1578 577 Desuncu
1603 551 1727 586 possunt
1749 547 1778 576 in
1807 546 1881 576 locis
1900 546 1952 577 Or-

1239 590 1341 620 dinum
1361 591 1481 630 sepeliri
1501 600 1566 619 eum
1591 599 1692 620 eorum
1712 590 1813 619 habitu
1837 595 1954 629 recepto

1240 644 1254 663 a
1274 635 1413 673 praelatis
1437 644 1549 665 eorum.
1571 651 1610 656 —-
1638 635 1684 664 10.
1703 633 1819 664 Fratres
1842 634 1953 664 habili-

1241 679 1291 708 tati
1308 679 1342 708 ad
1362 679 1506 708 beneficia
1523 678 1737 713 ecclesiastica,
1754 687 1811 707 non
1828 678 1955 715 gaudent

1242 723 1404 761 privilegiis
1423 723 1553 756 Ordinis,
1572 723 1636 752 sine
1655 722 1737 751 illius
1757 722 1954 760 praelatorum

1241 776 1401 797 consensu.
1418 784 1455 789 —
1473 768 1518 797 11.
1536 766 1695 797 Generales
1713 765 1856 795 Ordinum
1875 775 1958 796 coer-

1241 816 1309 840 cent
1331 812 1419 841 etiam
1443 812 1547 841 fratres
1575 811 1737 841 servientes
1761 810 1956 848 inquisitioni.

1241 872 1281 877 —
1306 856 1351 885 122,
1374 855 1568 895 inquisitores
1592 855 1679 885 unius
1702 863 1735 884 ex
1758 854 1845 883 dictis
1868 854 1957 885 Ordi-

1244 900 1332 929 nibus
1356 905 1455 930 rontra
1479 900 1551 929 alios
1579 909 1636 929 non
1661 898 1828 937 proi-edant.
1851 915 1890 920 —
1912 898 1958 929 13.

1243 943 1401 974 Concessio
1430 944 1590 982 gratiarum
1610 943 1676 973 aliis
1694 940 1857 971 Ordinibus
1879 942 1959 972 Men-

1244 989 1406 1018 ‹licantium
1441 997 1649 1018 concessarum
1678 986 1793 1026 plenior
1826 986 1959 1016 liabetur.

1243 1049 1282 1055 —-
1303 1033 1347 1063 14.
1370 1032 1509 1063 lnliibitio
1532 1037 1631 1062 contra
1661 1030 1889 1070 perturbatores.
1921 1048 1960 1053 —

1246 1077 1292 1106 15.
1316 1076 1469 1115 Derogatio
1488 1077 1712 1106 contrariorum.
1742 1091 1782 1097 --
1804 1075 1850 1104 tu.
1874 1074 1960 1105 Fides

1247 1125 1507 1160 transutuptorunt.

1280 1197 1376 1225 Sixtus
1394 1197 1537 1232 episcopus
1560 1202 1654 1224 servus
1673 1202 1813 1224 servorum
1828 1194 1885 1227 Dei,

1341 1246 1375 1274 att
1403 1246 1565 1281 perpetuam
1588 1245 1630 1273 rei
1656 1244 1825 1273 memoriam.

1256 1312 1343 1348 Sacri
1367 1312 1623 1348 praedicatorum
1652 1319 1682 1346 et
1705 1311 1862 1346 Minoi-um
1897 1311 1961 1346 l'ra-

1210 1371 1290 1396 trum
1313 1362 1472 1399 Ordines,
1496 1362 1592 1396 instar
1624 1361 1761 1395 (luorum
1785 1361 1959 1407 primorum

1209 1411 1375 1446 liuminum
1416 1423 1432 1445 a
1473 1411 1654 1445 coelestium
1694 1409 1887 1456 voluptatum
1932 1417 1963 1444 et

1209 1461 1434 1495 amoenitatum
1472 1459 1614 1506 paradiso
1636 1458 1878 1505 egredientium,
1907 1470 1964 1493 sa-

1209 1519 1391 1544 crosanctae
1415 1508 1600 1544 universalis
1632 1507 1791 1543 Ecclesiae
1827 1517 1963 1548 terram,

1211 1571 1248 1593 ne
1271 1558 1503 1593 mundanarum
1532 1557 1739 1605 cupiditatum
1763 1565 1793 1592 et
1816 1557 1963 1591 vitiorum

1210 1608 1313 1643 calore
1344 1617 1486 1651 arescat,
1510 1607 1686 1654 praeclarae
1708 1606 1878 1647 doctrinae,
1901 1607 1964 1641 vir·

1212 1666 1373 1692 tuosorum
1402 1669 1534 1704 operum
1557 1669 1593 1691 ac
1621 1656 1845 1702 multiplicium
1862 1656 1965 1690 meri-

1212 1716 1313 1741 torum
1343 1706 1499 1741 imbribus
1526 1706 1714 1752 irrigantes,
1750 1704 1850 1751 magis
1879 1704 1962 1739 illam

1213 1757 1242 1790 in
1266 1755 1334 1790 dies
1356 1755 1548 1790 fructuosam
1572 1754 1723 1789 efficiunt.
1749 1753 1787 1788 Hi
1811 1762 1885 1788 sunt
1900 1753 1965 1788 duo

1212 1805 1370 1852 seraphim
1396 1805 1448 1851 qui
1473 1805 1502 1838 in
1528 1803 1666 1838 sublime
1687 1803 1966 1850 contemplationis

1212 1863 1240 1888 «ι
1268 1853 1423 1901 seraphici
1458 1853 1575 1888 amoris
1603 1853 1660 1887 alis
1681 1852 1803 1891 elevati,
1826 1864 1840 1886 a
1865 1860 1964 1887 terre—

1214 1904 1324 1949 nisque
1348 1902 1441 1937 rebus
1463 1902 1622 1940 abstracti
1639 1901 1766 1936 assiduo
1787 1901 1963 1936 dixinarum

1215 1952 1341 1986 laudum
1370 1951 1506 1985 clamore.
1528 1960 1557 1985 et
1587 1952 1815 1984 immensorum
1844 1950 1966 1985 beneli-

1214 2003 1333 2035 ciorum
1358 2000 1496 2035 humano
1524 2002 1630 2046 generi
1655 2012 1670 2034 a
1698 2011 1826 2034 summo
1853 1999 1965 2046 opifice

1216 2050 1280 2084 Deo
1307 2050 1516 2084 exhibitorum
1546 2048 1775 2091 declaratione,
1799 2048 1966 2082 ferventis-

1218 2099 1302 2132 ‹imis
1316 2098 1603 2145 praedicationibus
1627 2097 1762 2145 populos
1781 2097 1965 2132 instruendo

1216 2157 1243 2182 ι
1274 2149 1311 2182 ad
1342 2148 1476 2182 coeleste
1500 2148 1555 2181 iter
1578 2146 1745 2193 dirigendo
1774 2147 1964 2186 insistentes,

1217 2197 1420 2244 nultiplicata
1445 2197 1556 2231 talenta
1591 2197 1637 2231 eis
1640 2175 1801 2239 Dcredita,
1828 2195 1965 2229 Domino

1218 2247 1282 2281 Deo
1317 2246 1455 2281 mundae
1477 2245 1603 2292 segetis,
1640 2245 1817 2280 animarum
1845 2243 1965 2279 scilicet

1215 2296 1438 2350 Redemptoris
1466 2295 1562 2330 nostri
1595 2294 1664 2329 lesu
1691 2293 1807 2329 Christi
1838 2294 1965 2340 pretiosi

1216 2345 1379 2389 sanguinis
1391 2344 1543 2380 effusione
1566 2343 1813 2390 redemptarum,
1822 2343 1968 2390 copiosos

1218 2396 1246 2429 in
1264 2381 1372 2429 lioirea
1396 2401 1523 2429 sanctae
1548 2393 1705 2427 Ecclesiae
1728 2393 1907 2439 manipulos
1924 2404 1967 2426 re-

1218 2444 1331 2478 ferunt.
1375 2443 1413 2477 Hi
1454 2450 1527 2477 sunt
1566 2443 1646 2476 duae
1683 2441 1775 2476 tubae
1807 2454 1862 2488 per
1890 2453 1967 2488 quas

1219 2493 1373 2527 Dominus
1391 2492 1541 2540 praecipit
1555 2491 1592 2525 ad
1609 2491 1758 2537 pabulum
1774 2491 1852 2525 sacri
1864 2490 1969 2525 Evan-

1219 2555 1255 2587 g·
1249 2542 1292 2576 lii
1317 2541 1498 2576 universum
1523 2541 1675 2587 populum
1711 2539 1847 2575 assiduis
1875 2550 1969 2586 prae-

1218 2590 1430 2626 dicationibus
1443 2589 1603 2630 adtocari,
1616 2597 1646 2624 ut
1663 2601 1692 2623 m
1708 2601 1834 2624 omnem
1854 2596 1966 2623 terram

1977 1387 2007 1406 ‘is

1977 1420 1997 1437 la
2014 1424 2036 1436 »ιι

2049 1390 2096 1405 tila

1967 227 2015 253 An.
2031 227 2059 251 C,
2082 225 2143 252 l'tSl

1989 1326 2017 1345 0
2021 1326 2038 1345 l
2056 1324 2076 1343 S
2091 1323 2160 1343 Dumi-

1976 1356 2009 1375 ni·-
2034 1354 2083 1374 vis.
2097 1354 2140 1374 irai
2144 1365 2161 1373 ·—
2181 1362 2189 1369 ·

2243 643 2252 653 ’
2247 612 2261 632 “.«’
2239 453 2261 595 ι””“»“·»υδ-*Λ”
2240 358 2259 455 ⁸⁴:⁵¹3—-
2245 332 2248 333 ¹
2252 306 2259 317 ,ζ
2251 251 2255 254 .

2247 658 2261 710 Α·

2262 1169 2265 1175 .
2258 1119 2265 1145 a
2245 798 2265 1097 .‘00;.=.—x·‡n-=..w›„v-r-n
2252 745 2263 783 ,ιο-

2270 2075 2273 2084 -
2266 2005 2273 2035 ι’,
2261 1783 2273 1989 ψᾈΔᾸΔ-ε-»ΛᾼΑσ
2263 1621 2271 1755 ...μι--ι-ι»
