2281 3251
515 289 587 323 818

466 353 580 388 XXVII.
603 351 750 386 Extcnsio
765 348 1001 382 constitutionis
1016 346 1099 380 aPio
1110 346 1134 379 ΙΙ
1151 346 1216 380 edi-

552 408 601 436 tae
613 407 722 435 contra
735 398 932 442 appellantes
943 408 960 429 a
980 396 1124 429 Romano
1136 396 1216 429 Pon-

552 451 636 484 tifice
657 449 693 482 ad
716 448 860 480 futurum
877 445 1065 485 concilium,
1084 455 1213 478 eorum-

551 511 613 543 que
634 497 809 541 complices
829 501 859 529 ct
879 496 1031 533 fautores,
1054 494 1127 528 479.

465 550 591 585 xxviii.
622 547 799 581 Facultates
825 550 854 578 et
875 543 1038 588 privilegia
1063 542 1213 576 commis-

551 597 709 631 sariorum
735 594 874 627 fabricae
890 593 995 626 Sancti
1017 592 1099 626 Pctri
1125 592 1213 636 prin-

551 646 631 690 cipis
647 644 866 689 apostolorum
889 642 926 675 de
942 641 1037 683 L'rbe,
1060 641 1135 675 481.

463 697 565 731 XXIX.
578 693 764 728 IIornicidac
777 697 805 725 et
817 691 954 725 aliorum
967 691 1012 724 rei
1025 690 1210 730 criminum,

549 754 688 789 quorum
707 752 809 786 poena
831 741 862 774 in
880 741 1044 785 provincia
1055 740 1212 774 Marchiae

548 799 629 828 esset
645 790 789 836 capitalis
808 791 854 824 vel
875 789 1052 833 sanguinis,
1080 799 1143 822 non
1159 799 1213 822 au-

549 843 677 876 diantur
699 840 760 874 nisi
775 839 864 883 prius
885 839 916 871 in
932 838 1115 872 carceribus
1135 849 1212 871 con-

548 891 660 926 stituti.
684 890 719 923 Et
740 888 921 922 homicidae
942 887 1131 930 attingentes
1155 897 1211 920 an-

546 951 624 976 num
645 939 831 983 vigesimum
853 948 911 981 pro
936 937 1113 971 maioribus
1131 936 1213 981 vige-

547 988 742 1032 simoquinto
761 987 953 1027 habeantur,
978 986 1055 1020 488.

459 1040 550 1076 XXX.
562 1036 845 1074 Anathematizatio
853 1035 1089 1070 haereticorum
1101 1035 1214 1070 etalio—

549 1098 623 1123 rum
653 1084 964 1120 contravenientium
994 1084 1152 1118 contentis
1181 1084 1213 1118 in

549 1135 800 1175 constitutione,
827 1144 910 1177 quae
934 1133 1026 1168 Bulla
1055 1133 1088 1167 in
1107 1132 1215 1168 Coena

546 1184 674 1221 Domini
690 1188 913 1228 nuncupatur,
935 1182 1010 1216 490.

460 1236 565 1270 XXXI.
585 1233 675 1274 Quod
687 1232 806 1267 decisio
818 1241 988 1265 causarum
1005 1230 1214 1265 Bononiensis

548 1282 681 1318 civitatis
696 1288 727 1316 et
746 1280 909 1315 districtus
921 1304 929 1320 ‚
951 1279 984 1312 in
1006 1289 1214 1323 quacumque

548 1331 698 1367 instantia
719 1329 830 1374 agitari
851 1328 1025 1372 contingat,
1052 1328 1139 1361 iuxta
1154 1334 1214 1362 sta-

548 1387 692 1415 tutorum
704 1385 734 1413 et
754 1378 1055 1412 ordinamentorum
1075 1377 1212 1410 formam

549 1431 709 1475 praefatae
729 1427 863 1462 civitatis
877 1427 1046 1466 habeatur,
1068 1425 1143 1459 493.

461 1480 579 1514 XXXII.
602 1476 817 1521 Reintegratio
829 1474 1086 1519 congregationis
1105 1485 1213 1508 mona-

548 1530 685 1562 chorum
707 1527 737 1561 S.
756 1525 910 1560 Bernardi
925 1524 957 1557 in
969 1524 1069 1563 ltalia,
1087 1523 1213 1557 Ordinis

547 1576 776 1616 Cisterciensis,
801 1575 840 1608 ab
865 1574 1043 1608 Alexandro
1065 1573 1101 1606 vl
1122 1573 1211 1606 insti-

545 1633 645 1666 tutae,
667 1626 699 1659 in
711 1623 884 1669 provinciis
894 1622 1064 1657 lletruriae
1081 1627 1111 1656 et
1120 1622 1212 1656 Lorn-

548 1675 692 1716 bardiae,
705 1673 863 1717 regularis
877 1671 1110 1712 observantiam
1127 1672 1213 1705 ordi-

546 1725 757 1767 nationesque
777 1723 862 1755 circa
883 1721 1072 1755 electionem
1091 1731 1127 1754 ac
1144 1731 1213 1754 mu-

545 1784 607 1807 nus
632 1773 850 1817 praelatorum
867 1769 1011 1805 eiusdem
1032 1780 1211 1813 congrega-

546 1822 654 1861 tionis,
677 1821 752 1855 496.

459 1871 588 1906 XXXIII.
613 1869 747 1903 Indictio
768 1868 849 1902 sacri
861 1867 1061 1901 OEcumenici
1077 1866 1211 1901 Concilii

545 1919 766 1953 lateranensis
777 1917 881 1961 quinti
894 1927 952 1960 pro
964 1916 1014 1949 die
1025 1925 1076 1949 xlx
1092 1915 1211 1949 mensis

546 1968 657 2012 aprilis
676 1967 751 2000 anni
772 1977 872 2005 tinxit,
897 1971 927 1998 et
947 1965 1108 1998 damnatio
1132 1974 1210 1998 con·

546 2016 689 2051 ciliabuli
715 2015 833 2055 Pisani,
855 2014 931 2048 499.

459 2066 587 2101 xxxiv.
601 2065 728 2099 Erectio
745 2064 938 2098 cathedralis
952 2063 1107 2096 ecclesiae
1118 2062 1210 2096 Salu-

547 2116 664 2148 tiarum
691 2115 722 2147 in
747 2114 866 2148 ditione
895 2113 986 2146 ducis
1010 2111 1207 2153 Sabaudiae,

548 2176 621 2198 curn
641 2164 881 2208 privilegiorum
894 2168 924 2197 et
935 2163 1209 2205 indulgentiarum

547 2214 748 2257 elargitione,
771 2212 847 2247 509.

459 2264 572 2298 XXXV.
604 2262 782 2297 Declaratio
812 2262 1070 2296 iurisdictionum
1095 2260 1208 2294 Vicarii

545 2312 651 2356 Papae,
669 2311 909 2352 Gubernatoris,
921 2310 1083 2344 Auditoris
1097 2309 1208 2343 Came-

547 2376 620 2406 rae,
647 2365 809 2399 Senator-is
837 2365 1040 2408 aliorumque
1066 2363 1208 2397 iudicum

546 2419 660 2453 Curiae
679 2419 824 2464 Capitolii
846 2429 881 2452 ac
902 2418 1077 2452 Marescalli
1104 2417 1207 2457 Urbis,

546 2473 622 2507 511.

458 2528 588 2563 XXXVI.
603 2527 819 2571 Rcintegratio
829 2527 936 2571 inclyti
953 2527 1063 2571 populi
1075 2526 1209 2560 Romani

547 2583 584 2615 ad
614 2582 890 2623 iurisdictionem,
912 2592 1009 2625 quarn
1040 2581 1111 2614 eius
1130 2591 1208 2614 con-

547 2642 722 2670 servatores
750 2636 780 2669 in
809 2636 892 2670 L'rbe
917 2640 948 2669 et
974 2635 1073 2678 ipsius
1099 2633 1209 2678 populi

549 2689 676 2732 castris,
696 2688 886 2738 praesertim
906 2699 1004 2734 super
1023 2687 1210 2724 consulibus

1083 292 1234 317 numm!
1256 292 1385 316 nomm

1345 345 1462 378 artium
1478 350 1509 378 et
1527 355 1667 385 annona,
1684 346 1839 380 hactenus
1853 355 2005 381 exercue-

1346 398 1434 433 runt,
1451 403 1576 428 necnon
1597 400 1627 429 et
1641 395 1679 428 ad
1699 394 1957 439 superioritatem
1972 395 2004 431 in

1345 443 1468 477 civitate
1488 443 1674 486 Tyburtina,
1700 444 1776 478 514.

1256 491 1398 525 xxxvii.
1418 492 1555 532 Gratiae,
1570 492 1786 527 immunitates
1801 499 1832 527 et
1843 494 2006 540 privileg-ia

1344 541 1577 575 canonicorum
1607 542 1805 585 regularium
1830 553 2005 588 congrega-

1343 590 1439 623 tionis
1466 590 1496 624 S.
1525 589 1706 630 Salvator-is,
1737 589 1863 625 Ordinis
1881 592 1914 626 S.
1940 595 2004 629 Au-

1342 639 1473 681 gustini,
1502 639 1576 674 5116.

1255 688 1409 722 xxxwll.
1434 689 1614 723 lurisdictio
1634 695 1664 723 et
1680 690 1846 724 facultates
1860 691 2004 729 iudicum

1343 737 1456 771 Curiae
1468 738 1614 782 Capitolii
1631 738 1717 772 circa
1732 749 1903 774 causarum
1914 740 2006 776 Urbis

1343 787 1551 828 decisionem,
1568 786 1641 822 533.

1254 836 1385 870 XXXIX.
1403 837 1570 870 Damnatio
1581 837 1787 871 conciliabuli
1799 837 1917 879 Pisani,
1930 849 2003 874 cum

1342 885 1493 919 omnibus
1509 885 1541 918 in
1562 896 1600 919 eo
1620 886 1749 926 secutis,
1771 885 1847 921 534.

1253 934 1314 968 XL.
1333 934 1363 968 S.
1387 935 1598 969 Lateranense
1614 934 1793 969 Concilium
1809 935 1926 971 editam
1942 936 2006 971 iam

1342 994 1360 1016 a
1380 983 1460 1017 Iulio
1477 983 1535 1017 PP.
1559 984 1821 1019 constitutionem
1837 995 1935 1029 super
1945 985 2007 1020 ele-

1343 1031 1448 1066 ctione
1467 1032 1632 1067 Pontificis
1650 1039 1753 1068 ratam
1773 1033 1870 1070 habet
1883 1038 1915 1068 et
1932 1045 2006 1070 con-

1342 1081 1462 1123 firmat,
1485 1081 1560 1117 536.

1562 1172 1636 1213 LEO
1656 1178 1692 1212 X.

1252 1277 1277 1311 Ι.
1299 1276 1515 1321 Reintegratio
1540 1276 1641 1310 incliti
1666 1277 1779 1322 populi
1804 1277 1940 1312 Romani
1966 1279 2006 1313 ad

1342 1335 1400 1360 sua
1420 1325 1595 1369 privilegia,
1608 1325 1726 1369 gratias
1745 1332 1773 1360 et
1790 1326 1907 1368 officia,
1929 1325 2004 1362 538.

1253 1375 1289 1408 11.
1307 1374 1463 1408 Reductio
1484 1380 1515 1408 et
1528 1375 1606 1408 unio
1627 1375 1885 1418 congregationis
1899 1375 2006 1409 Eremi

1340 1422 1596 1456 Camaldulensis
1607 1428 1637 1456 et
1647 1424 1905 1467 congregationis
1914 1424 1944 1458 S.
1954 1424 2007 1457 Mi-

1342 1471 1462 1505 chaelis
1481 1471 1520 1504 de
1535 1472 1682 1512 Murano,
1699 1472 1936 1505 monachorum
1951 1472 2007 1506 Or-

1342 1520 1426 1553 dinis
1445 1520 1476 1554 S.
1499 1520 1675 1561 Benedicti,
1697 1520 1730 1553 in
1754 1530 1853 1553 unam
1874 1530 2006 1565 congre—

1341 1568 1503 1612 gationem
1512 1581 1520 1610 3
1545 1580 1582 1603 ac
1603 1569 1764 1613 plurimae
1789 1570 2008 1605 ordinationes

1341 1628 1400 1662 pro
1421 1618 1578 1652 electione
1588 1624 1619 1652 et
1638 1629 1772 1652 munere
1788 1619 2006 1663 praelatorum

1341 1671 1372 1701 et
1378 1667 1536 1710 regimine
1544 1667 1642 1701 totius
1651 1667 1921 1711 congregationis,
1931 1678 2005 1702 cum

1342 1716 1543 1750 indultorum
1555 1721 1587 1750 et
1596 1717 1772 1760 gratiarum
1784 1716 2003 1758 concessione,

1252 1815 1303 1848 Ill.
1312 1814 1411 1848 Rotae
1417 1814 1580 1849 Romanae
1588 1814 1781 1848 Auditorum
1788 1814 2003 1859 privilegium,

1339 1863 1428 1906 quod
1441 1862 1554 1897 litterae
1566 1863 1760 1908 apostolicae
1769 1874 1787 1897 a
1795 1863 2005 1907 quibuscum·

1340 1920 1403 1955 que
1412 1912 1574 1946 Romanae
1583 1912 1699 1946 Curiae
1707 1911 1899 1946 officialibus
1908 1912 2005 1957 gratis

1340 1972 1399 2005 pro
1419 1962 1465 1996 eis
1485 1961 1706 2006 expediantur,
1727 1961 1803 1996 566.

1251 2010 1299 2044 lv.
1322 2010 1364 2044 De
1384 2021 1539 2051 munere,
1561 2011 1752 2044 auctoritate
1776 2016 1807 2045 et
1830 2010 2005 2056 privilegiis

1342 2060 1476 2094 rectoris
1504 2064 1535 2094 et
1562 2059 1812 2094 reformatorum
1831 2061 2005 2095 lectorum-

1339 2121 1402 2153 que
1432 2116 1463 2144 et
1486 2110 1683 2144 scholarium
1714 2109 1817 2144 studii
1846 2110 2005 2153 generalis

1339 2160 1442 2193 almae
1463 2160 1556 2194 Urbis
1569 2187 1576 2200 ‚
1605 2164 1636 2193 et
1655 2159 1762 2193 officio
1781 2158 1903 2200 bidelli,
1925 2159 2000 2195 568.

1251 2209 1284 2241 V.
1304 2208 1500 2243 Reformatio
1521 2209 1667 2242 omnium
1688 2207 1870 2242 officiorum
1885 2207 2002 2243 Roma-

1339 2269 1399 2292 nae
1414 2258 1529 2293 Curiae
1546 2259 1578 2292 in
1598 2268 1690 2292 sacro
1701 2257 1911 2292 OEcumenico
1919 2257 2001 2292 Con-

1340 2307 1414 2342 cilio
1435 2307 1635 2348 confirmata‚
1657 2307 1732 2342 571.

1251 2361 1299 2395 vt.
1322 2362 1507 2396 Asserentes
1531 2361 1670 2395 animam
1696 2371 1764 2395 esse
1788 2361 1956 2395 mortalem
1972 2367 2004 2396 et

1341 2415 1468 2448 unicam
1481 2415 1513 2448 in
1525 2415 1649 2449 cunctis
1659 2414 1857 2455 hominibus,
1870 2414 1917 2448 uti
1927 2414 2001 2449 hae·

1338 2469 1429 2504 retici
1445 2469 1604 2515 plectendi
1619 2469 1915 2504 sunt.Etcatholica
1922 2468 2001 2503 veri-

1338 2530 1405 2565 taS,
1441 2524 1526 2558 circa
1555 2523 1703 2568 dogmata
1730 2523 1999 2568 philosophorum

1340 2577 1413 2612 fidei
1429 2578 1638 2619 adversantia,
1651 2589 1669 2611 a
1680 2576 1903 2622 philosophiae
1927 2586 2000 2621 pro-

1339 2631 1513 2665 fessoribus
1528 2631 1715 2676 explicanda
1734 2635 1792 2670 est,
1813 2629 1889 2664 601.

1251 2685 1311 2720 vlt.
1334 2685 1426 2726 Quod
1441 2686 1553 2722 fratres
1573 2684 1699 2721 Ordinis
1716 2683 1876 2721 Minorum
1887 2683 1926 2720 de
1940 2681 2000 2720 Ob·
