2281 3251
121 245 168 270 An.
187 247 215 272 (ἶ.
235 244 293 271 11181

127 900 236 924 Derugutin
248 906 286 919 con

118 931 234 950 tritri-irumv

120 2442 180 2463 Fides
191 2446 295 2462 transum-

114 2477 201 2500 ptoium,

954 246 1065 268 stxwts
1093 246 1123 268 tv
1152 245 1198 268 ΡΙ).

317 300 401 334 niuin
426 300 555 334 alioruin
585 299 806 334 Lcnrlitzinrnni
837 300 1062 335 ecrlvsiustiru-
1105 316 1119 324 ..

316 362 382 384 rum
406 361 485 395 quae
498 349 654 391 obtinent,
681 360 802 383 necnon
828 349 1060 384 inhabilitatio—

316 400 363 434 nis
384 399 420 433 ad
443 398 492 432 illa
515 407 544 432 et
564 398 622 432 alia
639 399 669 432 in
691 407 854 445 posterum
879 399 1061 443 obtinenda,

316 449 435 494 poenis,
446 461 483 483 oo
497 448 563 494 ipso
574 460 636 494 quo
647 449 882 483 contrafecerint
894 451 1062 489 ,incurren-

314 499 373 541 dis,
390 510 428 533 ne
449 498 590 545 personis
611 497 819 544 quibuslibet,
842 499 1063 534 ecclesiasticis

316 548 360 582 vel
389 547 615 591 saecularibus,
631 548 659 581 in
683 559 797 593 genere
823 550 864 582 ιὐΙ
891 550 920 583 in
944 551 1062 595 specie,

314 598 430 633 directe
458 597 503 631 vel
539 597 702 635 indirecte,
737 598 853 645 aliquid
889 599 1061 643 inhibeant,

315 646 529 693 praecipiant,
561 646 705 681 ordinent
732 647 778 681 vel
807 656 959 691 statuant,
982 661 1063 695 quo-

315 697 418 731 minus
449 695 588 730 Ordines
617 696 778 743 praedicti,
802 697 925 732 illorum
949 697 1062 732 domus

314 753 343 779 et
368 744 562 792 professores
600 745 807 792 praedictisO
790 748 896 781 uraniis
918 747 964 781 eis
986 759 1063 781 con—

315 795 411 829 cessis
434 794 529 829 libere
552 795 596 828 uti
622 795 754 840 possint.

364 848 378 887 ξ
403 845 457 877 15.
494 843 561 878 Non
596 843 792 879 obstantibus
812 845 1063 891 quibuscumque

289 911 299 914 -
314 893 495 939 apostolicis
517 893 793 939 suspensionibus,
810 894 1063 929 revocationibus

315 951 345 976 et
366 942 626 980 restrictionibus,
648 954 683 976 ac
705 943 733 976 in
764 943 1004 990 provincialibus
1034 952 1062 977 et

313 991 517 1039 synodalibus
532 991 673 1026 conciliis
689 992 779 1026 editis
794 993 994 1037 generalibus
1016 992 1061 1027 vel

315 1041 505 1087 specialibus
531 1042 821 1081 constitutionibus;
850 1054 972 1076 necnon
995 1042 1060 1076 Pa—

315 1090 456 1125 risiensis
478 1099 508 1124 et
535 1090 667 1124 aliorum
693 1090 831 1126 locorum
868 1091 1061 1137 generalium

314 1139 497 1174 Studiorum
522 1139 783 1174 Universitatibus
802 1147 832 1174 et
860 1153 952 1175 curae
978 1141 1062 1175 vice-

315 1189 473 1234 gerentiae
501 1189 721 1223 Avinionensis
755 1198 785 1224 et
812 1190 975 1236 quibusvis
1009 1203 1061 1224 or-

315 1238 453 1283 dinariis,
477 1238 620 1284 piaelatis
656 1250 692 1272 ac
725 1250 876 1285 personae
903 1240 1062 1274 concissis

314 1297 344 1322 et
370 1287 581 1322 concedendis
603 1288 701 1322 literis
716 1288 928 1334 ,privilegiis,
950 1301 985 1323 ac
1009 1302 1062 1344 per

315 1336 385 1371 illos
407 1337 592 1384 deputatis
586 1349 615 1370 in
639 1338 684 1371 eis
706 1338 978 1372 conseimvatoiibus
998 1351 1062 1393 pri—

315 1386 497 1432 vilegiorum
521 1386 700 1421 huiusmodi
730 1387 929 1422 facultatibus
957 1396 984 1421 et
1010 1402 1059 1422 ιιι

315 1435 509 1476 risdictione,
524 1448 594 1470 cnm
610 1435 776 1482 quibusvis
790 1437 952 1476 clausulis,
967 1439 1059 1472 etiam

313 1486 578 1531 derogator-iarum
596 1485 812 1532 derogatoriis,
829 1499 864 1521 ac
881 1487 1061 1522 fortioribus

313 1543 343 1568 et
368 1534 513 1575 insolitis
529 1534 645 1581 quibus
667 1535 828 1573 omnibus
844 1537 893 1570 illa
923 1537 1016 1571 etiam
1035 1539 1058 1571 si

313 1585 350 1618 de
373 1584 430 1629 eis,
446 1597 621 1631 eorumque
644 1585 717 1619 totis
743 1585 907 1620 tenoribus
923 1587 1059 1621 etdatis

313 1646 373 1668 non
418 1646 472 1681 pei
502 1633 682 1668 liniusmodi
717 1635 878 1681 generales
905 1636 1060 1670 clausulas

311 1684 404 1718 etiam
433 1683 599 1730 specialem
624 1686 817 1718 mentionem
843 1686 1057 1732 importantrs

311 1733 365 1767 sed
388 1733 533 1780 specitica
556 1741 585 1766 et
609 1733 768 1768 individua
800 1746 835 1768 ac
858 1735 896 1768 de
912 1735 1007 1770 verbo
1022 1737 1058 1770 ad

312 1782 451 1826 verbnm,
474 1794 528 1817 sen
552 1783 680 1830 quaevis
701 1783 758 1817 alia
778 1784 895 1819 mentio
917 1784 1059 1820 habenda

310 1840 403 1873 esset,
421 1831 637 1879 praesentibus
653 1844 708 1879 pro
723 1833 881 1880 expressis
898 1834 1058 1874 habentes,

311 1881 371 1916 illis
398 1881 472 1916 alias
508 1882 538 1915 in
581 1894 638 1915 suo
674 1882 787 1917 robore
830 1885 1059 1930 permansuris,

311 1931 411 1978 quoad
440 1931 624 1978 praemissa,
651 1931 796 1978 specifice
819 1941 849 1966 et
872 1933 1057 1967 nominatim

311 1981 510 2026 derogamus,
533 1989 563 2014 et
585 1992 619 2015 ea
644 1981 760 2016 nemini
782 1981 811 2015 in
828 1982 1057 2029 praeiudicium

311 2030 555 2076 praemissorum
571 2029 736 2076 suffragari
752 2043 846 2077 posse
865 2040 916 2066 aut
933 2032 1058 2071 debere

309 2095 345 2118 ac
367 2083 488 2118 irritum
508 2092 538 2118 et
565 2085 657 2118 inane
684 2084 837 2132 quidquid
865 2098 958 2121 secus
981 2099 1057 2121 cou-

311 2138 414 2184 tigerit
435 2139 578 2172 attentari
608 2138 821 2180 decernimus
844 2152 967 2174 necnon
989 2154 1059 2175 oni—

311 2190 402 2226 nibus
425 2191 496 2235 illis,
523 2204 604 2239 quae
632 2193 661 2226 in
685 2192 777 2226 dictis
811 2192 909 2228 literis
931 2195 1058 2238 nostris,

311 2245 455 2292 praefatis
481 2246 657 2281 Ordinibus
696 2248 877 2292 concessis,
915 2249 1058 2284 volumus

310 2312 372 2335 non
400 2301 535 2342 obstare,
563 2302 758 2349 caeterisque
786 2303 952 2337 contrariis
980 2307 1057 2350 qni-

310 2353 514 2402 buscumque.

358 2412 373 2452 ἕ
398 2410 453 2443 16.
477 2409 606 2454 Verum,
628 2411 699 2457 quia
722 2410 849 2445 difficile
872 2411 949 2445 soret
973 2423 1059 2459 prae-

310 2470 416 2497 sentes
439 2463 541 2498 literas
562 2472 613 2499 etc.

359 2517 443 2552 Nulli
471 2531 546 2564 ergo
568 2527 619 2553 etc.

360 2571 474 2606 Datum
490 2572 610 2607 Romae
633 2573 714 2620 apud
739 2573 890 2608 Sanctum
914 2573 1057 2613 Petrum,

311 2637 393 2660 anno
419 2626 647 2661 Incaruationis
674 2627 853 2662 dominicae
893 2628 1057 2662 millesimo

1726 233 1796 266 ⁶285

1114 301 1416 347 ¹tradringentes·inin
1439 298 1672 346 septuagesimo
1689 312 1783 344 nono⁷
1800 314 1849 333 st·-

1106 351 1202 397 ptimo
1231 350 1376 385 kalendas
1397 349 1522 395 augusti
1538 377 1547 393 ,
1576 349 1776 396 pontificatus
1799 361 1851 383 no-

1104 402 1156 434 stri
1180 413 1262 434 anno
1286 412 1358 434 viii.

1144 458 1203 488 Dat.
1223 458 1269 487 die
1289 458 1326 488 ⁹26
1346 457 1409 487 iulii
1430 457 1513 493 1470,
1533 455 1634 495 pontis.
1653 465 1729 485 anno
1752 464 1808 485 vni.

1104 558 1250 601 Sequitur
1276 557 1442 591 declaratio
1464 556 1484 602 g
1510 556 1531 589 G
1556 555 1759 600 praecedentis
1782 554 1850 587 bul-

1152 608 1198 640 lae
1219 610 1273 650 (1).

1371 674 1583 706 SUMMAnlUM

1108 734 1130 762 1.
1153 732 1244 762 Causa
1269 733 1357 762 liuius
1380 732 1596 762 declarationis.
1629 748 1666 753 —
1694 731 1721 761 Ξ.
1745 730 1850 760 Decla-

1143 778 1216 806 ratio
1240 779 1253 815 ξς
1277 778 1293 806 t)
1327 776 1425 805 bullae
1446 777 1642 815 praeinsertae
1665 776 1741 805 circa
1759 775 1850 805 abso-

1143 821 1268 850 lutiones
1287 821 1418 850 t'ratrum.
1434 837 1472 841 ——
1487 820 1672 850 Obstantium
1692 820 1850 858 derogatio.

1316 888 1411 915 smus
1432 887 1501 923 Papa
1521 887 1562 920 tv,
1583 888 1635 915 etc.

1152 950 1332 997 Exposuisti
1357 950 1447 984 nobis
1475 950 1558 997 qnod
1591 950 1767 984 facultatem
1796 949 1852 984 ab·

1104 999 1245 1034 solvendi
1261 1012 1371 1034 omnes
1385 1009 1413 1033 ct
1425 999 1565 1045 singulas
1580 999 1742 1046 utriusque
1758 1011 1852 1033 sexus

1105 1050 1196 1084 vestri
1220 1048 1351 1083 Ordinis
1368 1061 1517 1095 personas
1534 1049 1572 1082 ab
1587 1049 1746 1090 omnibus,
1763 1060 1853 1094 prae-

1106 1108 1243 1145 terquam
1268 1099 1364 1133 certis
1392 1107 1467 1132 tnnc
1490 1098 1647 1145 expressis
1669 1098 1805 1141 casibus,
1824 1106 1854 1132 et

1104 1161 1198 1195 super
1226 1147 1507 1193 irregularitatibus
1543 1147 1764 1193 dispensandi,
1799 1147 1852 1181 tibi

1103 1206 1133 1231 et
1156 1197 1314 1245 prioribus
1334 1196 1581 1244 provincialibus
1604 1205 1633 1230 ct
1656 1204 1854 1231 conventua-

1105 1247 1196 1291 libus,
1216 1255 1245 1281 et
1268 1259 1376 1282 eorum
1407 1247 1528 1280 vicariis
1551 1259 1605 1292 pro
1629 1254 1771 1293 tempore
1789 1246 1854 1280 exi-

1103 1297 1258 1331 stentibus
1286 1296 1331 1330 rel
1349 1296 1387 1330 ab
1410 1297 1455 1330 eis
1479 1296 1669 1342 deputandis
1691 1295 1766 1330 alias
1782 1307 1856 1330 con-

1103 1358 1236 1383 cessam,
1260 1346 1297 1380 ad
1322 1353 1350 1380 te
1373 1353 1403 1380 et
1427 1346 1556 1380 vicarios
1580 1354 1649 1379 tuos
1673 1345 1853 1386 dumtaxat,

1103 1405 1131 1430 ct
1159 1396 1197 1431 ad
1220 1408 1273 1430 eos
1295 1395 1411 1442 quibus
1433 1404 1463 1429 tn
1488 1395 1563 1429 illud
1592 1395 1851 1429 committendum

1103 1445 1236 1480 duceres
1275 1445 1517 1488 restrinximus,
1545 1453 1635 1491 prout
1663 1445 1692 1478 in
1721 1445 1854 1490 singulis

1104 1495 1202 1530 literis
1229 1495 1366 1541 desuper
1388 1494 1481 1528 editis
1511 1494 1636 1540 plenius
1662 1494 1851 1529 continetur:

1103 1544 1187 1578 unde
1204 1546 1236 1578 sit
1260 1553 1291 1578 ut
1310 1544 1437 1578 difficile
1459 1543 1629 1578 admodum
1645 1544 1758 1578 existat
1781 1555 1854 1590 pau-

1105 1593 1233 1640 peribus
1260 1594 1406 1628 fratribus
1434 1594 1478 1627 tui
1502 1592 1643 1632 Ordinis,
1672 1593 1852 1639 praesertim

1103 1645 1130 1677 in
1154 1643 1336 1690 longinquis
1360 1643 1500 1690 partibus
1527 1643 1706 1689 agentibus,
1723 1655 1778 1690 pro
1794 1643 1853 1676 Ιιιι-

1103 1693 1237 1727 insmodi
1257 1693 1456 1728 absolutione
1472 1692 1510 1727 ad
1535 1701 1563 1727 te
1580 1700 1610 1727 et
1625 1701 1694 1727 tuos
1711 1693 1852 1731 vicarios,

1103 1743 1194 1789 longe
1209 1743 1378 1790 aliquando
1391 1750 1539 1785 remotos,
1548 1741 1709 1784 accede1e3
1720 1741 1851 1790 proinde

1102 1792 1261 1827 humiliter
1273 1793 1458 1847 supplicasti
1476 1799 1507 1826 nt
1524 1770 1660 1838 desuper
1675 1800 1852 1847 opportune

1102 1841 1248 1876 fratribus
1270 1850 1299 1876 et
1324 1842 1466 1889 personis
1489 1841 1647 1888 praefatis,
1663 1854 1701 1876 ne
1728 1854 1772 1876 stc
1801 1853 1852 1876 va—

1101 1892 1165 1938 gari
1189 1899 1354 1937 cogantur,
1381 1890 1546 1938 providere
1574 1891 1785 1937 dignaremur.

1149 1945 1164 1984 ἕ
1188 1945 1218 1974 1.
1248 1941 1324 1985 Νο5,
1345 1918 1528 1976 iiuinsmodi
1564 1940 1851 1995 supplicationibus

1103 1990 1260 2033 inclinati,
1285 1999 1391 2025 tenore
1415 1990 1627 2045 praesentium
1652 1990 1873 2027 decernimus

1100 2047 1129 2073 et
1158 2039 1354 2074 declaramus
1373 2040 1457 2086 quod
1479 2047 1509 2073 tu
1527 2047 1556 2073 et
1579 2040 1621 2074 tui
1639 2047 1883 2094 success-oiesff‘

1100 2096 1131 2122 ct
1166 2089 1286 2136 priores
1321 2089 1529 2136 proxinciales
1551 2100 1586 2123 ac
1609 2101 1718 2123 eorum
1742 2089 1847 2123 vicarii

1102 2151 1156 2184 pro
1181 2147 1321 2185 tempore
1348 2139 1530 2182 existentes,
1553 2147 1583 2171 et
1606 2138 1636 2171 hi
1661 2138 1778 2185 quibus
1795 2151 1848 2172 vos

1100 2188 1361 2223 committendum
1377 2188 1435 2222 hoc
1452 2188 1616 2231 duxeritis,
1636 2188 1777 2222 eamdem
1793 2189 1849 2222 ab·

1100 2237 1239 2272 solvendi
1277 2238 1315 2272 ab
1341 2238 1418 2284 ipsis
1444 2237 1570 2272 casibus
1605 2237 1751 2284 praefatis
1774 2250 1847 2284 per-

1099 2299 1193 2321 sonas
1221 2288 1383 2334 utriusque
1411 2300 1503 2321 sexus
1533 2287 1622 2321 vestri
1651 2286 1793 2327 Ordinis,
1817 2299 1845 2323 et

1099 2349 1193 2383 super
1215 2337 1493 2383 irregularitatibus
1515 2336 1716 2383 dispensandi
1732 2337 1847 2372 habea-

1102 2386 1138 2420 tis
1170 2386 1361 2430 facultatem,
1382 2398 1473 2432 quam
1505 2398 1558 2431 per
1593 2388 1712 2432 priores
1742 2387 1847 2422 literas

1101 2435 1293 2476 huiusmodi,
1316 2444 1386 2470 ante
1409 2436 1648 2479 restrictionem,
1677 2437 1845 2471 habebatis.

1101 2485 1225 2520 Priores
1261 2498 1332 2520 vero
1365 2487 1589 2520 conventuales
1617 2486 1698 2520 illam
1727 2486 1847 2520 solum-

1134 2560 1173 2595 (1)
1190 2560 1268 2586 Extat
1285 2559 1376 2586 similis
1392 2560 1533 2587 declaratio
1553 2569 1600 2595 pro
1620 2561 1745 2587 fratribus
1766 2560 1846 2587 Prae-

1099 2600 1270 2627 dicatoribus.
1290 2600 1348 2626 data
1376 2600 1416 2626 dic
1433 2601 1466 2625 ‘28
1483 2602 1568 2627 martii
1590 2602 1636 2627 boc
1656 2601 1748 2628 eodem
1768 2609 1845 2634 auno,

1101 2641 1140 2666 liic
1157 2641 1249 2666 sedulo
1270 2641 1462 2675 praetermissa.

1867 245 1912 270 An,
1931 244 1960 270 C.
1976 243 2036 270 l‘tssl

1867 956 1932 976 Causa
1945 956 2004 976 1ιιι.ιι5
2013 957 2050 977 dn:-

1915 995 1917 998 ⁴
1966 994 1997 1006 ll*-

1880 1948 1905 1968 [w
1910 1949 1941 1968 1
1944 1950 1996 1969 ratio
2014 1951 2049 1976 §ss

1865 1979 1912 1999 bull
1915 1985 1933 1999 ie
1965 1981 2049 2007 praein-

1865 2015 1895 2029 sei
1896 2013 1922 2029 -ι.ι
1911 2015 1934 2030 ,ιε
1945 2011 2001 2030 circa
2012 2010 2048 2031 ab—

1866 2042 1927 2060 otini
1923 2046 1982 2062 inne·
2005 2041 2048 2062 1η-

1843 2076 1925 2093 .11»11111
