2281 3251
199 258 250 286 An.
271 260 302 287 C.
317 259 385 287 1ᾱέἱῖ

223 763 388 782 anmunlcalto

205 794 332 813 iri-tutiorem
341 799 389 813 con-

205 825 334 847 gregationis
344 829 390 844 mo-

206 862 224 873 nv
234 854 345 874 thorosus.
355 853 391 875 lu-

206 890 272 904 «nnir
284 890 328 905 -ιτο
339 884 390 905 Cas-

207 923 237 934 =r·i
256 923 266 934 n
303 915 308 933 l

452 248 520 283 172

400 313 512 349 audire
535 321 587 348 aut
609 312 668 346 alia
697 320 764 346 rota
789 319 997 350 commutare,
1013 311 1077 345 sive
1100 322 1155 345 eos

400 363 440 398 ab
473 362 810 398 excommunicationis
842 361 1018 402 sententia,
1045 372 1060 394 a
1090 360 1155 394 iure

402 412 447 447 iel
471 412 509 446 ab
535 412 660 446 bomine
685 411 894 457 promulgata,
910 409 1086 447 absolvere,
1103 417 1154 442 ant

401 475 474 496 cnm
504 461 624 496 eisdem
647 460 930 495 excommunicatis
959 459 1156 504 participare,

400 513 466 547 sire
487 524 560 546 cum
585 510 777 556 patientibus
799 508 958 543 delectum
991 507 1156 546 natalium,

401 560 503 608 quoad
533 560 741 594 obtinendum
770 559 938 603 dignitates
965 557 1157 592 ecclesiasti-

402 623 454 644 cas
476 610 650 647 dumtaxat,
674 610 857 654 dispensare
885 619 939 641 seu
964 607 1155 653 pontificalia

404 660 537 706 insignia
553 659 676 693 deferre
692 657 919 704 quoquomodo
944 664 1155 703 praesumant.

452 710 472 756 S
509 711 560 743 12.
584 708 747 745 Ceterum,
774 706 911 752 praefato
927 714 958 740 et
979 706 1049 740 aliis
1061 705 1158 740 abba·

404 758 499 797 tibus,
516 756 740 793 visitatoribus,
758 755 1158 801 prioribus,conventibus,

407 808 566 854 personiS,
595 806 818 847 monasteriis,
848 805 1058 852 prioratibus,
1083 805 1159 839 locis

405 866 435 891 et
462 856 614 891 membris
637 856 711 889 dicti
734 854 876 893 Ordinis,
904 854 987 901 quod
1011 855 1160 888 omnibns

405 907 475 940 aliis
490 915 519 940 et
534 905 669 951 singulis
686 904 872 951 privilegiiS,
892 903 1159 943 immunitatibus,

405 955 684 1002 exemptionibus,
713 953 934 992 libertatibus,
964 953 1095 987 indultis
1130 962 1160 987 et

405 1005 524 1051 gratiis,
547 1004 671 1039 dilectis
699 1004 770 1037 liliis
790 1002 993 1049 praesidenti,
1022 1002 1161 1036 visitato-

406 1054 505 1092 ribus,
542 1053 742 1088 monasteriis
769 1052 1026 1098 congregationis
1048 1051 1081 1086 S.
1103 1051 1161 1085 lu-

405 1104 504 1139 stinae
525 1103 677 1145 paduan,
692 1101 822 1136 Ordinis
835 1101 869 1136 S.
886 1101 1048 1136 Benedicti
1071 1113 1162 1147 prae-

404 1154 492 1190 dicti.
515 1164 692 1199 eorumque
716 1151 935 1194 monasteriis,
959 1151 1162 1197 prioratibus,

406 1202 560 1238 membris
592 1210 622 1236 et
651 1201 796 1248 personis
823 1209 852 1234 et
882 1200 991 1240 bonis,
1015 1208 1076 1234 tam
1107 1212 1163 1246 per

406 1264 465 1288 uos
477 1265 571 1298 quam
589 1264 643 1296 per
659 1251 831 1297 praefatum
850 1250 1027 1296 Eugenium
1042 1258 1071 1284 et
1085 1250 1163 1283 alios

405 1301 568 1336 Romanos
584 1301 764 1338 Pontifices.
788 1308 883 1334 etiam
902 1299 1162 1345 praedecessores

408 1359 545 1394 nostros,
567 1350 626 1384 sub
654 1350 764 1397 quavis
787 1350 884 1383 forma
908 1358 937 1382 et
960 1349 1163 1395 expressione

408 1400 589 1440 verborum,
613 1408 675 1433 tam
700 1400 728 1433 in
746 1399 852 1445 speeie
874 1410 968 1444 quam
994 1399 1023 1431 in
1047 1409 1164 1443 genere

408 1449 582 1492 concessis,
604 1457 634 1483 et
656 1448 772 1495 quibus
801 1447 996 1495 praesidens,
1023 1446 1165 1491 abbates,

407 1499 598 1538 visitatores,
622 1498 752 1544 priores,
777 1497 922 1531 monaelii
946 1504 976 1531 et
999 1508 1165 1543 personae,

409 1548 597 1583 monasteria
626 1559 755 1594 quoque
775 1555 805 1580 et
829 1546 995 1593 prioratus,
1012 1545 1165 1585 membra,

409 1597 476 1632 loca
504 1606 535 1632 et
557 1596 637 1630 bona
666 1596 810 1631 eiusdem
847 1595 1103 1641 congregationis
1130 1594 1164 1630 S.

410 1646 548 1681 lustinae
572 1654 702 1680 utuntur
729 1654 758 1679 ct
786 1644 936 1691 gandent,
969 1644 1034 1679 sire
1064 1644 1106 1678 uti
1137 1653 1164 1678 et

410 1695 548 1742 gaudere
571 1703 715 1742 possunt,
732 1706 811 1742 quae
827 1694 930 1728 omnia
947 1693 1168 1740 praesentibus

411 1744 518 1780 baberi
541 1744 686 1779 volumus
715 1757 770 1790 pro
788 1744 946 1789 expressis
968 1751 997 1777 et
1021 1743 1168 1789 specifice

411 1795 576 1834 enarratis,
594 1803 623 1828 et
639 1805 721 1840 qnae
738 1793 775 1827 ad
794 1792 952 1832 abbatem,
965 1800 1168 1832 conventum,

412 1844 596 1883 monachos,
610 1842 980 1890 personas,m0nasteria,
1001 1842 1168 1888 prioratus,

413 1893 553 1928 membra
577 1901 607 1927 et
625 1893 704 1927 bona
724 1891 797 1926 dicti
815 1890 946 1925 Ordinis
968 1891 1084 1925 Montis
1099 1890 1170 1925 Oli-

413 1943 486 1982 x‘eti,
512 1955 585 1977 eum
610 1940 897 1976 modificationilms
917 1949 1019 1974 tamen
1045 1940 1170 1986 praein-

413 1993 506 2027 sertis
527 2005 562 2026 ac
589 1992 682 2026 etiam
715 1990 920 2036 infrascriptis
954 1989 1169 2028 extendimus,

413 2051 442 2076 et
465 2042 512 2076 eis
534 2041 574 2075 de
598 2053 677 2075 noto
705 2039 910 2075 concedimus
928 2052 964 2074 ac
991 2040 1084 2073 ctiam
1110 2040 1170 2074 im-

414 2091 582 2138 partimur,
598 2091 654 2138 ipsi
674 2089 771 2124 abbas
794 2099 823 2123 ct
843 2089 1036 2136 professores
1055 2088 1170 2123 Montis

414 2140 530 2175 Olireti
559 2152 736 2187 corumque
766 2139 972 2177 monasteria,
1002 2138 1170 2185 prioratus,

415 2194 569 2237 membra,
598 2206 750 2240 personae
773 2201 803 2227 ct
831 2193 909 2227 bona
935 2192 1090 2239 praedicta
1110 2205 1170 2238 pa-

416 2248 586 2283 rison-witer
625 2257 652 2282 et
678 2248 715 2282 ad
739 2260 848 2282 eorum
883 2247 996 2286 instar,
1032 2246 1100 2280 sine
1124 2254 1172 2279 ta-

416 2314 487 2337 men
526 2301 736 2349 praesidentis
766 2314 800 2335 ac
834 2312 1040 2348 personarum
1069 2299 1171 2334 dictae

416 2356 674 2403 congregationis
708 2367 884 2402 eorumque
909 2353 1169 2389 monasteriorum

417 2419 448 2446 et
475 2410 631 2446 bonorum
657 2409 866 2457 praeiudicio,
891 2407 1021 2456 perinde
1044 2408 1073 2442 in
1102 2420 1172 2442 om-

417 2464 513 2500 nibus
545 2473 573 2499 et
603 2477 657 2511 per
685 2464 789 2499 omnia
826 2463 870 2497 uti
900 2462 1021 2497 valeant
1058 2461 1172 2509 pariter

417 2528 447 2554 et
469 2518 627 2567 gaudere,
654 2532 691 2553 ac
718 2519 742 2553 si
774 2518 822 2553 illa
851 2518 956 2552 omnia
984 2525 1014 2552 et
1048 2515 1172 2563 singula

416 2575 463 2609 eis
498 2573 613 2620 pariter
644 2585 660 2607 a
690 2572 780 2607 nobis
808 2581 838 2607 et
876 2569 1172 2618 praedecessoribus

452 2644 491 2681 (l)
507 2644 580 2679 Quae
598 2644 659 2671 vide
674 2643 798 2679 superius
815 2643 839 2670 in
858 2641 921 2670 locis
936 2641 1032 2670 citatis.

978 256 1164 279 BLLLAtztmt
1195 256 1322 278 uuazAM
1331 256 1355 276 n

1967 248 2016 275 Ari.
2035 247 2062 273 C.
2084 247 2151 274 ttifis

1197 318 1248 344 aut
1265 308 1349 345 Sede
1365 307 1535 356 praedietis
1556 306 1735 354 specialiter
1755 314 1785 341 et
1803 317 1950 354 expresse

1197 372 1346 394 concessa
1366 386 1373 398 ,
1398 357 1516 392 indulta
1551 366 1580 392 et
1608 356 1754 391 attributa
1793 355 1952 398 fuissent,

1197 410 1382 443 auctoritate
1398 407 1582 454 apostolica,
1599 416 1708 441 tenore
1727 406 1952 453 praesentium,

1198 471 1235 492 ex
1259 467 1340 493 certa
1378 458 1507 491 seientia
1537 455 1744 490 concedimus
1779 455 1894 502 pariter
1923 463 1952 489 et

1200 507 1412 553 indulgemus.

1249 558 1269 603 (Ε
1286 559 1340 590 13.
1359 556 1428 590 Sub
1440 555 1640 602 exemptione
1662 564 1767 589 tamen
1785 553 1953 601 praedicta,
1982 566 2096 588 amnem>
2112 571 2152 587 01-

1201 609 1340 654 ipsornm
1381 605 1583 651 cappellanus
1614 612 1644 638 et
1675 603 1891 638 benefactores
1919 597 2091 637 ae‘'''¹'¹‘⁰'²‘'·

1200 669 1309 692 eorum
1334 654 1590 701 cappellanorum
1621 652 1808 692 familiares,
1836 665 1951 700 nequa-

1200 719 1295 753 quam
1319 703 1561 751 comprehendi,
1578 714 1681 749 neque
1700 702 1759 748 ipsi
1779 701 1894 741 abbati,
1911 703 1956 736 ri-

1201 754 1384 791 sitatoribus
1399 761 1429 786 et
1444 752 1512 787 aliis
1527 752 1728 798 supradictis,
1743 751 1838 792 illam,
1852 751 1955 798 quoad

1201 817 1295 840 onera
1321 803 1426 840 realia,
1452 801 1616 847 suffragari
1639 801 1796 835 volumus.

1251 856 1270 901 g
1295 856 1346 888 121.
1371 852 1409 887 Et
1429 852 1458 886 iu
1482 860 1637 898 ‹prantum
1661 852 1706 886 eis
1729 850 1824 885 libera
1848 849 1957 896 sepul·
1980 861 2158 889 nectamioquo.

1203 913 1270 939 tnra
1293 902 1490 939 conceditur.
1519 913 1613 935 casus
1640 900 1817 946 excipimus
1843 911 1858 934 a
1889 901 1957 934 inre
1973 892 2156 951 iiii-liaffir-

1202 961 1364 999 exceptos,
1389 951 1447 986 nisi
1472 951 1549 985 baec
1564 950 1608 985 eis
1625 962 1679 997 per
1696 949 1845 996 specialia
1864 948 1959 985 Sedis

1203 1003 1343 1038 eiusdem
1369 1000 1529 1048 privilegia
1565 1001 1606 1034 sit
1640 1011 1804 1038 concessa,
1828 1008 1878 1034 aut
1895 998 1960 1034 fue-

1204 1053 1243 1088 rit
1272 1052 1424 1086 baetenus
1451 1059 1634 1085 consecuta.

1255 1101 1339 1136 Nulli
1362 1112 1438 1145 ergo
1459 1107 1513 1134 etc.

1254 1151 1369 1186 Datum
1393 1149 1530 1184 Petreoli
1553 1150 1687 1192 Senem,
1703 1159 1787 1182 anno
1810 1147 1960 1182 lucarna-

1206 1201 1301 1235 tionis
1323 1200 1502 1234 dominicae
1525 1198 1694 1234 millesimo
1716 1196 1962 1244 quadringente-

1206 1251 1287 1285 simo
1323 1249 1520 1295 sexagesimo
1554 1247 1714 1287 secundo,
1744 1246 1835 1281 tertio
1863 1258 1962 1281 nonas

1205 1299 1356 1343 octobris,
1379 1298 1580 1344 pontificatus
1608 1297 1704 1332 nostri
1732 1308 1816 1331 anno
1838 1296 1960 1342 quinto.

1263 1362 1323 1391 liat.
1340 1362 1386 1391 die
1402 1362 1420 1391 5
1438 1359 1567 1390 octobris
1588 1359 1672 1395 1462,
1691 1363 1769 1398 pont.
1786 1369 1862 1389 anno
1881 1367 1905 1386 v.

1517 1535 1574 1570 xn
1596 1539 1654 1580 (2).

1209 1619 1398 1653 Retraclatio
1419 1630 1536 1657 eorum,
1563 1630 1642 1662 quae
1663 1617 1726 1662 ipse
1749 1617 1909 1662 Pontifex,
1931 1617 1965 1649 in

1259 1669 1430 1702 minoribus
1451 1668 1594 1706 existens,
1618 1669 1782 1710 scripserat
1805 1678 1864 1711 pro
1890 1678 1966 1699 con-

1259 1719 1330 1752 cilio
1346 1718 1517 1752 Basileensi
1538 1723 1646 1750 contra
1666 1717 1841 1760 Euqem'um
1868 1727 1965 1760 quar-

1258 1775 1334 1802 lum.

1482 1843 1695 1876 SUtttttAtttUM

1212 1909 1363 1939 Enarrutio
1382 1913 1448 1938 ante
1467 1912 1610 1936 aetorum.
1628 1907 1707 1936 -Ἰ.
1733 1905 1873 1943 Pontifex,
1895 1907 1965 1937 dum

1252 1954 1280 1983 in
1305 1952 1471 1982 minoribus
1500 1955 1572 1987 erat,
1595 1951 1764 1989 ignoranter
1785 1955 1885 1980 contra
1908 1951 1965 1980 Ec-

1251 1998 1372 2027 clesiam
1396 1996 1446 2026 Dei
1476 1997 1604 2031 locutus;
1625 2013 1663 2018 —
1685 1995 1712 2024 ⁵2.
1735 1995 1812 2032 ldeo,
1834 1995 1869 2025 ad
1894 1995 1966 2025 imi-

1253 2043 1391 2072 tationem
1412 2042 1440 2071 S.
1460 2041 1626 2078 Augustini,
1645 2040 1710 2070 eius
1733 2039 1809 2069 dicta
1823 2043 1968 2075 retractat,

1251 2104 1289 2110 --
1311 2088 1338 2118 3.
1362 2087 1392 2116 Et
1416 2087 1522 2117 suadet
1543 2086 1608 2115 eius
1631 2085 1750 2124 scriptis
1781 2086 1967 2125 Apostolieae

1252 2132 1337 2162 Sedis
1361 2131 1564 2162 auctoritatem
1593 2129 1774 2160 elidentibus
1803 2140 1860 2160 non
1883 2140 1969 2170 prae-

1254 2177 1325 2206 stari
1359 2177 1457 2212 tidem,
1479 2192 1517 2198 —
1544 2176 1572 2206 t.
1595 2174 1787 2214 Occurritque
1809 2174 1966 2205 obiectioni

1253 2230 1354 2251 eorum
1388 2221 1438 2260 qui
1470 2221 1604 2251 dicerent
1634 2219 1730 2258 ipsum
1765 2218 1871 2249 Pontis.
1899 2229 1966 2249 cum

1255 2264 1428 2295 l'ontiticntu
1465 2268 1594 2294 mutasse
1622 2263 1818 2302 propositum,
1848 2267 1874 2293 et
1903 2263 1967 2294 ideo

1254 2310 1318 2339 cius
1339 2310 1425 2339 vitam
1449 2314 1478 2339 et
1500 2314 1580 2348 gesta
1603 2312 1748 2338 recenset.
1772 2324 1810 2329 —
1828 2308 1855 2337 5.
1878 2307 1968 2338 lulia—

1254 2364 1310 2384 nus
1333 2354 1362 2384 ὃ.
1378 2354 1480 2392 Angeli
1492 2353 1661 2389 cardinatis,
1679 2352 1840 2389 Romanus,
1859 2353 1968 2387 multis.

1254 2409 1328 2438 quas
1353 2399 1399 2429 liic
1424 2398 1525 2434 babes,
1548 2396 1713 2428 rationibus
1742 2397 1811 2427 huic
1834 2397 1915 2427 I‘ont.
1939 2399 1967 2428 in

1255 2443 1421 2473 minoribus
1445 2442 1589 2477 existenti,
1616 2450 1770 2471 erroneam
1795 2450 1862 2471 esse
1885 2450 1967 2472 suani

1255 2488 1424 2527 opinionem
1448 2486 1669 2522 demonstravit,
1699 2503 1737 2508 -—
1769 2487 1795 2516 6.
1818 2485 1852 2515 Ei
1873 2485 1967 2516 eidem

1256 2533 1379 2563 multum
1400 2532 1511 2572 profuit
1526 2531 1650 2561 loannes
1665 2530 1854 2567 Caravaialis,
1866 2529 1970 2569 Hispa-

1251 2600 1291 2633 (t)
1308 2598 1345 2625 'l'n
1369 2598 1431 2625 vide
1447 2598 1544 2625 bullam
1563 2598 1619 2624 {ulii
1640 2598 1662 2624 ll
1681 2597 1726 2624 cit.
1747 2597 1882 2633 superius.

1251 2639 1291 2674 (2)
1309 2640 1336 2666 tn
1358 2639 1435 2667 Rom.
1457 2638 1528 2666 Edit.
1549 2637 1600 2667 sub
1619 2645 1695 2666 num.
1713 2644 1752 2665 vn
1780 2637 1817 2674 (a.
1835 2638 1874 2674 τ).
