2281 3251
455 255 526 288 672

406 330 435 357 et
458 321 608 357 interesse
635 319 836 356 condemnari
865 318 978 354 debere
1006 318 1151 353 ‹ltcerni—

406 384 476 406 mus
499 381 591 418 atque
613 371 822 409 declaramus,
846 376 972 404 sanctae
994 380 1066 402 xero
1091 367 1150 401 Ro-

211 265 260 292 ΑΒ.
278 264 305 292 C.
327 265 392 292 ¹516
968 262 1153 286 BCLLARIL'M
1180 261 1342 286 nomm!

1960 261 2010 287 An.
2027 260 2057 288 C.
2076 259 2144 288 15¹6

1242 317 1262 364 g
1291 318 1348 351 20.
1377 315 1543 350 Monemus
1576 316 1668 351 etiam
1705 315 1880 351 ordinarios
1913 323 1945 350 ut
1974 323 2079 345 Beneficia
2097 323 2144 344 stne

1193 366 1360 412 diligenter
1383 365 1552 412 inquirant,
1585 378 1624 401 ne
1658 366 1729 413 quis
1757 366 1826 401 sine
1855 355 2144 411 tituloissfflsspmdw

229 728 390 756 earumdemque

211 760 324 784 innuunt,

222 1522 392 1551 appellationis,

223 1826 327 1848 'triennali
339 1827 396 1854 pnet-

216 1859 254 1879 nco
261 1862 395 1885 possessore,

406 433 516 456 manae
539 420 697 455 Ecclesiae
720 419 906 457 cardinales,
928 418 980 464 qui
1002 430 1056 464 pro
1079 417 1151 451 uni-

406 471 515 506 versali
540 469 679 504 Ecclesia
693 478 843 503 continue
858 467 1013 510 laborant
1028 479 1172 502 necnon

406 521 506 555 dictae
544 519 635 554 Sedis
671 518 818 553 olliciales
856 517 954 552 ollicia
989 529 1043 550 sua
1078 524 1149 551 actu

406 577 596 609 exercentes,
623 569 682 603 sub
705 568 858 614 praesenti
881 567 1006 602 decreto
1023 578 1084 600 uon
1102 566 1151 600 in-

407 618 566 654 tendimus
593 617 828 671 ‹wompieliendn

454 668 474 716 g
497 671 552 702 17.
580 667 754 702 Statuimus
785 666 879 701 etiam
912 674 943 700 et
969 664 1151 700 ordinamus

406 718 488 767 quod
525 717 643 752 iudices
679 728 811 755 causas,
839 728 919 770 quae
954 714 1152 762 inpartibus

407 767 562 804 terminari
585 766 713 810 debent,
735 778 839 801 coram
863 765 908 800 eis
935 777 991 812 pro
1011 774 1151 812 tempore

407 817 591 866 pendentes,
613 815 672 851 sub
695 828 794 863 poena
814 814 1152 849 excommunicationis

405 878 433 904 et
457 867 640 914 privationis
667 866 894 900 beneficiorum
925 878 977 911 per
1012 877 1066 899 eos
1092 864 1153 899 ob-

405 925 560 953 tentatum
584 929 621 951 eo
648 916 715 963 ipso
738 914 938 955 incur-reuda,
961 914 1039 949 infra
1062 914 1153 949 bien-

404 968 488 1002 nium
524 966 691 1002 terminare
713 965 864 1005 debeant;
893 976 964 1019 pars
992 977 1064 999 vero
1091 963 1153 998 dis—

405 1017 530 1063 fugiens
565 1024 596 1051 et
629 1015 864 1062 expeditionem
902 1015 1005 1061 ipsius
1039 1026 1153 1049 causae

405 1052 557 1102 malitiose
579 1065 766 1112 impediens,
789 1064 971 1110 gravissime
999 1076 1054 1110 per
1075 1075 1154 1098 eos—

405 1116 475 1152 dem
504 1115 625 1150 iudices
658 1114 846 1154 mulctetur,
869 1114 962 1149 etiam
988 1125 1088 1160 usque
1114 1112 1153 1148 ad

405 1165 608 1214 privationem
639 1164 714 1199 iuris
737 1164 767 1199 in
791 1142 971 1198 huiusmodi
1001 1175 1152 1210 processu

407 1215 577 1263 praetensi,
611 1214 636 1249 si
659 1214 704 1249 eis
733 1214 832 1248 visum
856 1213 960 1254 fuerit,
978 1225 1073 1260 super
1091 1225 1155 1260 quo

407 1277 515 1300 eorum
544 1264 754 1299 conscientias
775 1276 967 1306 oneramu53
990 1263 1028 1297 ab
1056 1264 1156 1298 inter-

407 1315 569 1350 locutoriis
583 1323 700 1359 autem,
715 1314 872 1355 secundo,
887 1313 1058 1348 definitivis
1072 1326 1155 1355 vero,

408 1365 498 1399 tertio
526 1364 687 1399 dumtaxat
715 1376 883 1411 provocare
919 1365 1010 1400 licere
1044 1364 1157 1399 decer-

409 1416 524 1450 nimus.

456 1470 470 1508 5
496 1466 549 1499 18.
573 1463 808 1511 Volumusque,
830 1466 1002 1500 secundam
1026 1473 1158 1500 senten—

409 1515 481 1549 tiam
498 1513 761 1549 interlocutoriam
785 1514 980 1549 conformem
991 1523 1021 1549 et
1036 1516 1155 1550 tertiam

408 1564 598 1600 definitivam
623 1564 938 1610 etiamssconl'ormem,
961 1566 1045 1600 omni
1071 1578 1157 1601 mora

409 1624 569 1659 cessante,
604 1615 782 1650 executioni
817 1614 939 1649 debitae
974 1615 1157 1653 demandari

410 1665 537 1710 debere,
564 1665 999 1714 quacumque-appellatione
1022 1667 1161 1715 interpo-

411 1716 467 1751 sita
490 1728 552 1751 non
576 1716 731 1751 obstante.

459 1766 550 1813 319.
573 1765 749 1801 Statuimus
771 1779 896 1815 quoque
918 1768 1000 1816 quod
1018 1769 1161 1816 quicum-

412 1828 485 1864 que,
508 1816 680 1851 dummodo
703 1829 764 1852 non
787 1818 826 1852 sit
846 1818 1011 1859 violentus,
1035 1820 1088 1855 sed
1108 1819 1162 1854 lta-

412 1866 491 1902 bens
513 1866 686 1901 coloratum
715 1867 851 1912 titulum,
880 1869 1010 1915 pacifice
1036 1878 1066 1904 et
1092 1871 1161 1904 sine

413 1916 465 1951 lite
494 1916 713 1963 praelaturam,
730 1917 925 1963 dignitatem,
946 1928 1161 1966 personatum,

413 1966 715 2002 administrationem
740 1967 785 2002 vel
813 1968 950 2003 officium
979 1982 1033 2004 seu
1057 1970 1162 2017 quod-

414 2028 550 2072 cumque
573 2017 763 2052 beneficium
793 2019 1039 2054 ecclesiasticum
1065 2021 1163 2055 trien-

415 2067 466 2101 nio
503 2067 646 2115 proximo
681 2067 832 2103 hactenus
859 2068 999 2116 possidet
1026 2069 1072 2104 vel
1108 2082 1162 2117 pro

416 2129 557 2168 tempore
581 2122 764 2170 possidebit,
788 2123 817 2157 in
846 2124 992 2184 petitorio
1021 2123 1068 2159 vel
1089 2137 1163 2185 pos-

417 2176 565 2221 sessorio,
591 2190 606 2212 a
631 2190 806 2225 quoquam,
820 2178 913 2213 etiam
938 2179 1058 2214 ratione
1089 2179 1165 2215 iuris

419 2232 538 2266 noviter
561 2233 686 2279 reperti,
710 2233 866 2268 molestari
890 2242 1050 2281 nequeat,
1075 2247 1166 2281 prae-

420 2294 559 2333 terqttam
585 2295 745 2334 praetextu
763 2287 940 2323 hostilitatis
962 2296 1014 2323 aut
1039 2288 1166 2324 alterius

420 2341 549 2387 legitimi
570 2341 797 2389 impedimenti,
812 2342 850 2377 de
864 2355 928 2390 quo
943 2345 1117 2389 protestari,
1138 2353 1168 2379 et

422 2395 510 2438 illud,
527 2396 610 2430 iuxta
628 2396 797 2431 concilium
828 2397 1008 2432 Viennense
1032 2399 1167 2434 intimari

422 2450 544 2491 debeat,
566 2450 605 2485 lis
627 2451 812 2495 autem,lioc
825 2464 912 2493 casu,
928 2452 1031 2500 quoad
1049 2453 1168 2489 futuras

423 2505 661 2545 controversias,
685 2505 886 2553 intelligatur,
902 2507 927 2542 si
947 2507 982 2542 ad
1007 2508 1169 2543 executio-

424 2572 496 2595 nem
516 2560 671 2596 citationis
686 2560 828 2609 iurisque
843 2562 892 2597 sui
908 2563 938 2597 in
956 2562 1071 2598 iudicio
1087 2563 1172 2597 exhi-

425 2615 575 2650 bitionem
606 2628 641 2651 ae
664 2616 870 2652 terminorum
895 2618 1037 2653 omnium
1061 2617 1172 2653 obscr-

428 2670 580 2706 vatiouem
604 2683 786 2719 processum
812 2670 915 2707 suerit.

1194 415 1380 450 beni-licium
1408 415 1575 461 possideat,
1603 425 1632 450 et
1659 417 1683 450 si
1706 428 1800 462 quem
1825 415 1947 451 benefi-

1170 497 1173 520 ¹
1193 466 1278 500 cium
1302 466 1370 500 sine
1394 465 1483 500 titulo
1500 465 1659 512 possidere
1683 466 1870 513 repererint,
1889 465 1947 500 de-

1171 515 1312 549 tclarent
1349 515 1390 549 illi
1420 515 1468 549 ius
1491 527 1552 549 non
1589 524 1783 562 competere,
1806 515 1948 550 cuiusvis

1195 564 1346 612 temporis
1391 564 1574 600 detentione
1609 577 1672 600 non
1706 564 1869 607 obstante;
1908 565 1947 599 de

1195 615 1327 662 ipsoque
1364 614 1518 661 beneficio
1548 616 1647 661 possit
1683 614 1724 649 illi
1759 614 1948 659 (dummodo

1195 676 1255 698 non
1285 664 1323 699 sit
1353 664 1494 699 intrusus
1522 664 1568 699 vel
1607 665 1764 699 violentus
1797 673 1850 699 aut
1874 664 1950 698 alias

1195 714 1357 760 indignus)
1381 714 1428 749 vel
1454 714 1541 748 alteri
1567 714 1680 749 idoneo
1709 714 1877 761 provideri.

1243 763 1264 811 g
1290 767 1347 798 21.
1372 763 1409 798 Et
1438 765 1569 811 insuper
1591 765 1760 798 statuimus
1783 764 1866 811 quod
1883 763 1948 812 qui-

1195 826 1332 861 cumque
1355 813 1500 853 ctericus,
1529 815 1763 860 cuiuscumque
1791 813 1950 848 conditio-

1195 865 1258 908 nis,
1280 873 1392 908 status,
1416 864 1591 910 religionis,
1613 864 1789 910 dignitatis,
1805 864 1897 898 etiam
1923 863 1948 897 si

1197 914 1384 960 pontificalis
1407 914 1452 948 vel
1467 914 1597 949 alterius
1612 914 1868 962 praeeminentiae
1882 913 1951 948 sue-

1197 965 1252 1003 tit,
1282 964 1357 1011 qui,
1381 973 1447 1010 post
1472 964 1607 999 habitam
1631 964 1844 1011 praesentium
1869 963 1951 998 uoti-

1196 1014 1284 1053 tiam,
1298 1026 1391 1061 quam
1407 1013 1521 1049 babere
1548 1014 1760 1061 praesumitur
1784 1022 1853 1058 post
1871 1013 1952 1048 duos

1196 1075 1322 1098 menses
1346 1071 1415 1110 post
1443 1064 1626 1098 earumdem
1652 1064 1867 1111 praesentium
1893 1076 1952 1110 pu-

1197 1112 1400 1148 blicationem
1424 1114 1454 1148 in
1482 1114 1627 1148 ecclesiis
1649 1113 1885 1148 cathedralibus
1904 1113 1952 1148 sa-

1197 1172 1290 1205 etam,
1306 1175 1399 1210 quam
1425 1164 1482 1210 ipsi
1502 1164 1679 1199 dioecesani
1703 1164 1834 1198 omuino
1848 1163 1951 1198 facere

1198 1221 1377 1258 teneantur,
1394 1222 1560 1260 postquam
1580 1223 1762 1260 praesentes
1779 1213 1818 1248 ad
1842 1225 1951 1248 eorum

1198 1263 1339 1297 notitiam
1369 1264 1587 1309 pervenerint,
1621 1263 1770 1310 publicus
1796 1262 1954 1298 concubi-

1198 1313 1306 1347 narius
1342 1325 1358 1347 a
1395 1314 1598 1360 perceptione
1626 1313 1785 1349 fructuum
1810 1313 1952 1348 omnium

1199 1362 1424 1397 beneficiorum
1440 1376 1570 1398 suorum
1599 1364 1693 1398 trium
1712 1363 1868 1399 mensium
1885 1374 1955 1410 spa-

1199 1412 1241 1447 tio
1275 1413 1315 1447 sit
1339 1413 1407 1459 ipso
1435 1413 1516 1448 facto
1549 1426 1736 1460 suspensus,
1760 1425 1841 1461 quos
1875 1425 1953 1447 suus

1199 1463 1345 1510 superior
1368 1463 1398 1496 iu
1423 1462 1570 1498 fabricam
1592 1464 1637 1497 vel
1660 1464 1752 1498 aliam
1773 1462 1953 1498 evidentem

1200 1512 1404 1548 ecclesiarum
1423 1513 1598 1557 utilitatem,
1614 1525 1651 1547 ex
1667 1513 1784 1560 quibus
1801 1513 1818 1546 ii
1834 1511 1955 1547 fructus

1201 1563 1428 1610 percipiuntur,
1445 1572 1616 1604 conver-tau
1632 1576 1754 1598 necnon
1773 1562 1954 1597 huiusmodi

1202 1612 1366 1660 publicum
1390 1613 1666 1657 concubinarium,
1693 1622 1728 1648 ut
1757 1613 1894 1660 primum
1909 1620 1956 1646 ta·-

1202 1664 1262 1698 lem
1291 1675 1360 1698 esse
1384 1664 1515 1704 noverit,
1539 1676 1611 1698 mox
1633 1676 1709 1698 suus
1731 1663 1877 1710 superior
1891 1674 1957 1697 mo-

1202 1725 1277 1748 nere
1301 1721 1444 1748 teneatur
1469 1721 1502 1748 ut
1532 1713 1610 1748 iufra
1644 1713 1866 1748 brevissimum
1891 1720 1956 1746 ter-

1202 1764 1323 1798 minum
1347 1763 1557 1798 concubinam
1592 1763 1741 1808 dimittat,
1763 1771 1793 1797 et
1821 1764 1845 1797 si
1870 1761 1956 1796 illam

1203 1825 1265 1848 non
1301 1813 1475 1858 dimiserit,
1499 1812 1544 1848 vel
1582 1813 1744 1848 dimissam
1780 1825 1835 1847 seu
1863 1812 1955 1847 aliam

1205 1863 1332 1911 publice
1359 1863 1579 1910 resumpserit,
1602 1862 1750 1897 iubemus
1786 1870 1821 1897 ut
1853 1862 1956 1909 ipsum

1205 1915 1235 1948 in
1263 1913 1412 1948 omnibus
1428 1914 1495 1948 suis
1516 1912 1679 1947 beneficiis
1701 1913 1831 1947 omnino
1847 1912 1957 1959 privet.

1204 1964 1244 1998 Et
1279 1963 1484 1998 nibilominus
1524 1963 1542 1997 ii
1573 1963 1690 2010 publici
1719 1961 1958 2001 concubinarii,

1206 2031 1305 2066 usque
1327 2031 1389 2066 quo
1412 2030 1484 2052 cum
1509 2019 1567 2062 eis,
1592 2030 1647 2064 per
1668 2030 1745 2053 suos
1767 2018 1959 2065 superiores,

1206 2081 1277 2121 post
1301 2074 1437 2121 ipsarum
1462 2073 1713 2108 concubinarum
1736 2072 1959 2107 dimissionem

1207 2128 1468 2175 manifestamque
1487 2128 1568 2162 vitae
1584 2127 1850 2174 emendationem,
1869 2125 1962 2160 fuerit

1207 2182 1439 2230 dispensatum,
1475 2181 1512 2217 ad
1542 2181 1776 2230 susceptionem
1805 2191 1961 2228 quorum-

1208 2249 1346 2284 cumque
1370 2237 1537 2281 bonorum,
1564 2236 1764 2283 dignitatum,
1787 2233 1963 2269 beneficio-

1209 2305 1277 2328 rum
1314 2292 1531 2327 officiorumve
1558 2292 1619 2327 sint
1642 2289 1825 2331 inhabiles;
1847 2289 1901 2337 qui
1924 2289 1963 2332 si,

1211 2356 1280 2394 post
1312 2347 1599 2395 dispensationem,
1623 2345 1761 2380 recidivo
1784 2344 1902 2378 vomitu
1924 2342 1962 2378 ad

1210 2402 1394 2437 huiusmodi
1418 2401 1583 2449 publicum
1598 2399 1843 2435 concubinatum
1860 2398 1964 2433 redie-

1212 2457 1284 2497 rint,
1318 2457 1387 2492 sine
1415 2468 1470 2504 spe
1492 2455 1626 2490 alicuius
1652 2453 1898 2500 dispensationis
1925 2452 1962 2487 ad

1213 2511 1371 2558 praedicta
1394 2523 1523 2558 prorsus
1538 2509 1692 2545 inhabiles
1705 2508 1852 2550 existant;
1866 2506 1964 2555 quod·

1213 2578 1273 2613 que
1296 2566 1322 2600 si
1346 2566 1389 2610 bi,
1411 2566 1448 2601 ad
1471 2578 1550 2613 quos
1577 2565 1686 2600 talium
1709 2563 1863 2599 correctio
1891 2574 1965 2610 per-

1250 2646 1289 2680 (t)
1307 2646 1368 2673 Vide
1379 2647 1470 2673 concil.
1485 2646 1569 2679 Trid.,
1581 2653 1647 2673 sess.
1658 2652 1728 2672 xxtv
1740 2664 1747 2677 ,
1769 2645 1805 2671 De
1831 2644 1946 2679 Reform.
1955 2664 1962 2677 ,

1215 2693 1237 2712 c.
1251 2686 1287 2719 83
1307 2690 1334 2713 et
1349 2694 1414 2714 sess.
1428 2694 1497 2719 xxv,
1515 2687 1551 2713 De
1571 2687 1707 2720 Requtar„
1727 2692 1786 2720 cap.
1805 2685 1847 2712 tu.

1979 768 2149 790 Concubitu-rio-

1962 807 2008 823 rum
2023 800 2098 828 potnit
2107 799 2144 826 (1).
