2281 3251
221 263 269 288 Αη.
289 261 316 288 C.
337 261 401 289 1³57

249 801 369 823 Exordium.

229 1095 324 1117 racana·
359 1095 400 1116 eli-

216 1126 279 1151 cendi
295 1125 333 1145 sibi
347 1131 400 1146 con-

215 1155 317 1180 lentorem

466 251 512 284 30

455 333 495 339 —
518 317 544 346 7.
570 316 695 346 Ordines
718 325 731 345 a
755 325 813 354 quo
838 315 958 345 libuerit
985 312 1165 352 suscipiendi

456 362 607 400 episcopo;
631 377 669 383 —
697 361 723 390 8.
746 360 809 390 Alia
833 358 1003 398 acquirendi
1029 358 1101 386 loca.
1129 373 1167 379 —

456 406 483 436 9.
503 404 653 443 Derogatio
675 404 899 434 contrariorum.

416 481 548 517 eugenius
571 481 714 517 episcopus
732 486 826 508 servus
837 484 977 506 sorvorum
988 476 1044 509 net.
1057 475 1168 504 dilectis

460 529 526 558 sslils
545 529 630 558 fratri
646 528 772 557 Bartholo
791 528 823 556 de
842 527 967 557 caesena.
985 532 1016 553 ac
1032 524 1168 554 universis

461 579 587 608 eremitis
605 579 636 607 do
660 578 795 607 societate
819 575 950 612 quondam
969 573 1069 603 {ratris
1094 574 1167 602 Patri

460 630 492 658 de
510 628 589 660 risis.
606 625 799 663 praesoattbus
818 626 847 653 et
862 623 978 656 tuturis,
998 623 1118 652 salntem
1137 625 1167 652 ot

460 677 639 714 apostoticam
655 674 878 704 benedictionem.

466 747 611 784 Provenit
634 760 671 781 ex
695 756 812 780 restrae
835 744 1013 779 devotionis
1038 744 1165 784 affectu,

415 811 478 846 qno
502 810 558 832 nos
585 805 612 831 et
636 796 810 830 Romanam
840 794 1010 828 Ecclesiam
1042 806 1166 829 revere-

416 848 506 891 mini,
531 855 561 880 ut
585 845 750 892 petitiones
774 854 903 887 vestras,
932 843 1000 877 illas
1022 856 1165 890 praeser—

416 899 482 937 tim,
508 908 589 944 qnae
611 895 785 929 animarum
816 902 992 928 vestrarum
1022 893 1167 928 videntur

414 947 545 981 salntem
567 944 736 991 respicere,
755 951 908 990 quantum
925 955 997 976 cum
1017 941 1082 977 Deo
1098 955 1166 990 pos-

413 1007 536 1038 sumus,
558 993 766 1029 favorabiliter
791 1004 979 1027 annuamus.

462 1046 482 1093 g
511 1047 541 1079 l.
565 1043 647 1078 Hinc
669 1050 727 1081 est,
754 1041 838 1088 qnod
869 1053 937 1080 nos,
966 1041 1076 1076 vestris
1090 1054 1166 1088 snp-

416 1093 638 1142 plicationibns
671 1091 823 1134 inclinati,
847 1091 935 1125 vobis
961 1091 1110 1125 omnibns
1136 1099 1167 1125 et

414 1143 561 1190 singuliS,
578 1141 762 1177 auctoritate
777 1140 1165 1187 apostolica,tenoreprae-

414 1194 563 1234 sentium,
590 1190 792 1236 indulgemus
815 1198 848 1223 ut
875 1189 1074 1224 confessores
1097 1189 1166 1224 ido-

415 1244 484 1282 nei,
517 1253 599 1289 quos
631 1240 784 1274 duxeritis
818 1238 998 1285 eligendos,
1039 1239 1069 1273 in
1106 1239 1165 1274 vita

414 1291 631 1328 confessiones
651 1289 763 1324 audire
789 1297 819 1323 et
841 1289 984 1323 omnium
1007 1296 1036 1322 et
1059 1288 1167 1334 singu·

414 1342 528 1381 lorum,
551 1340 603 1387 qni
629 1340 659 1373 in
684 1339 750 1384 ipsa
772 1338 921 1372 societate
945 1349 1000 1384 pro
1025 1346 1166 1383 tempore

414 1391 542 1432 fuerint,
557 1389 596 1424 ab
611 1388 761 1423 omnibus
779 1387 915 1430 casibus,
938 1398 1035 1434 super
1049 1386 1167 1434 quibus

413 1441 507 1475 etiam
530 1438 631 1474 Sedes
653 1435 834 1484 Apostolica
858 1436 971 1471 merito
992 1445 1075 1471 esset
1096 1449 1166 1471 con-

412 1489 562 1532 sulenda,
585 1499 641 1535 pro
667 1486 765 1521 semel
795 1494 915 1520 tantum
945 1493 1111 1532 postquam
1136 1486 1166 1521 in

411 1539 559 1574 societate
581 1547 743 1572 remanere
759 1535 1014 1575 deliberaverint,
1043 1535 1072 1570 in
1097 1535 1168 1571 aliis

411 1584 904 1633 verocasibus,quandocumque
917 1584 1079 1620 absolvere
1101 1597 1167 1632 pos-

411 1638 486 1681 sint,
512 1637 557 1672 eis
579 1635 725 1682 imposita
749 1634 940 1681 poenitentia
963 1634 1112 1675 salutari;
1137 1642 1168 1669 et

413 1688 442 1721 in
462 1686 572 1721 mortis
594 1684 741 1728 articulo,
753 1684 849 1718 semel
862 1691 1000 1728 tantum,
1022 1685 1166 1719 omnium

414 1743 613 1784 peccatorum
647 1742 841 1771 vestrorum,
863 1733 902 1768 de
929 1733 1046 1780 quibus
1072 1733 1168 1768 corde

414 1785 540 1820 contriti
568 1791 599 1818 et
628 1795 682 1817 ore
713 1782 848 1817 confessi
873 1781 1013 1824 fueritis,
1042 1782 1166 1828 plenam

415 1834 636 1870 remissionem
660 1831 759 1873 vobis,
785 1831 1012 1866 insinceritate
1039 1831 1110 1866 fidei
1137 1840 1168 1866 et

417 1884 535 1919 unitate
571 1882 706 1917 Sanctae
741 1880 903 1915 Romanae
939 1880 1099 1916 Ecclesiae
1133 1892 1169 1916 ac

416 1933 596 1968 obedientia
618 1939 649 1966 et
677 1930 846 1965 devotione
880 1938 985 1964 nostra
1014 1930 1060 1965 vel
1087 1942 1168 1965 suc—

417 1999 578 2023 cessorum
602 1993 780 2021 nostrorum
802 1983 1017 2019 Romanorum
1036 1983 1169 2019 Pontifi-

417 2053 489 2077 cum
502 2040 654 2077 canonice
681 2038 879 2083 intrantium,
903 2037 1146 2085 persistentibus
1159 2066 1168 2083 ,

417 2094 526 2130 eadem
558 2093 744 2129 auctoritate
765 2091 941 2127 concedere
969 2091 1100 2126 valeant.
1125 2091 1168 2127 lta

418 2157 523 2184 tamen
545 2147 628 2195 quod
661 2147 719 2196 ipsi
743 2145 943 2181 confessores
965 2145 1003 2179 de
1038 2146 1104 2186 liis,
1131 2146 1170 2181 de

419 2202 535 2250 quibus
547 2201 641 2238 fuerit
652 2201 740 2237 alteri
761 2199 929 2235 satisfactio
946 2199 1170 2246 impendenda.

419 2269 487 2293 eam
516 2256 604 2292 vobis
627 2268 682 2304 per
708 2267 774 2299 vos,
799 2255 825 2289 si
849 2253 1095 2300 supervixeritis,
1117 2262 1169 2288 aut

420 2322 476 2358 per
507 2322 706 2345 successores
736 2316 876 2351 vestros,
911 2308 936 2343 si
967 2315 1043 2343 tunc
1066 2308 1170 2344 forsan

420 2363 620 2407 transieritis,
656 2362 830 2398 faciendam
855 2362 1041 2408 iniungant.
1076 2374 1170 2409 quam

421 2430 476 2453 vos
499 2417 544 2452 vel
568 2417 611 2452 illi
640 2417 740 2453 facere
763 2415 942 2452 teneamini.
973 2415 1011 2449 Et
1035 2427 1085 2459 ne,
1101 2427 1172 2462 pro-

422 2479 491 2519 pter
517 2471 700 2507 huiusmodi
729 2471 872 2518 gratiam,
901 2469 1076 2504 reddamini
1097 2482 1171 2516 pro-

421 2525 566 2561 cliviores
587 2525 626 2561 ad
654 2525 758 2561 illicita
782 2525 812 2559 in
837 2532 999 2572 posterum
1028 2524 1174 2559 commit-

422 2579 529 2621 tenda,
563 2579 708 2615 volumus
741 2579 826 2627 quod
861 2579 900 2622 si,
921 2591 959 2613 ex
982 2577 1172 2613 confidentia

422 2634 620 2670 remissionis
642 2633 834 2674 huiusmodi,
862 2632 964 2681 aliqua
1000 2631 1174 2668 commise-

997 257 1185 281 acuatum!
1212 257 1373 280 nonaum

1974 255 2027 282 Aa.
2045 254 2077 282 C.
2091 255 2168 282 tn57·

1208 313 1294 352 ritis,
1315 310 1417 358 quoad
1442 310 1504 354 illa,
1532 310 1675 345 remissio
1697 310 1765 357 ipsa
1786 309 1874 346 vobis
1887 308 1959 344 nul-

1209 361 1332 395 latenus
1354 360 1555 405 suffragetur.

1256 414 1271 453 g
1293 412 1326 443 2.
1349 409 1442 451 Quod
1465 409 1582 455 singuli
1604 407 1707 442 dictae
1727 408 1885 443 societatis
1899 419 1955 442 sen
1979 402 2157 452 augentque..-

1208 458 1257 492 alii
1285 458 1463 493 saeculares
1486 459 1531 492 vel
1562 457 1720 503 regulares
1749 456 1795 492 vel
1820 457 1955 504 religiosi
1971 457 2078 507 gffffl‘ss
2096 456 2157 506 αξξ-ἰ

1208 507 1405 546 sacerdotes,
1430 519 1511 554 quos
1537 506 1684 540 similiter
1709 506 1860 542 duxeritis
1891 505 1958 542 eli-
1971 518 2049 542 areni.
2091 517 2158 537 mini-

1207 557 1348 603 gendos‚
1378 557 1406 590 in
1437 564 1536 591 vestra
1559 563 1590 590 et
1620 555 1783 590 vobiscum
1815 567 1959 590 commo·
1972 551 2090 602 {¹:322ssss
2122 553 2158 568 '³‘

1209 606 1344 640 rantinm
1375 617 1581 650 personarum
1606 605 1793 651 praesentia,
1826 605 1857 639 in
1887 616 1959 640 ora-

1209 656 1309 693 tortis,
1328 654 1479 689 Ecclesiis
1494 663 1524 689 et
1540 654 1616 688 locis
1634 653 1779 689 eiusdem
1799 653 1959 688 societatis

1209 717 1293 739 nnnc
1324 717 1378 751 per
1406 716 1459 738 ros
1487 704 1650 750 acquisitis
1676 712 1707 738 et
1737 704 1766 737 in
1789 710 1879 737 antea
1905 715 1960 737 ac-

1207 754 1394 800 quirendis.
1423 753 1602 787 dioecesani
1636 753 1715 795 loci,
1748 765 1803 786 seu
1831 752 1960 787 alterius
2002 747 2006 750 ’

1207 804 1436 850 cuiuscumque
1471 803 1595 837 lieentia
1619 802 1749 836 minime
1785 801 1933 848 requisita
1951 829 1959 843 ,

1209 853 1320 887 missas
1342 862 1370 887 et
1401 853 1461 886 aba
1485 852 1590 886 divina
1613 851 1730 894 ollicia,
1757 861 1818 885 tam
1842 850 1960 886 feriatis

1207 915 1301 949 qnam
1331 902 1399 937 aliis
1421 902 1550 939 diebus,
1574 911 1715 948 tempore
1737 912 1878 947 congruo
1904 913 1961 936 ce-

1209 951 1345 989 lebrare.
1375 964 1497 985 necnon
1534 950 1768 993 Eucharistiae,
1799 957 1960 985 extremae

1209 1001 1366 1035 unctionis
1381 1010 1411 1035 et
1427 1001 1484 1035 alia
1507 1012 1728 1047 quaecumque
1747 999 1959 1034 ecclesiastica

1207 1060 1412 1088 sacramenta,
1440 1050 1559 1097 absque
1582 1049 1764 1096 parochiani
1788 1048 1865 1084 iuris
1888 1060 1964 1095 prae-

1209 1100 1336 1138 inilicio,
1360 1100 1549 1138 ministrare,
1571 1100 1609 1134 ad
1632 1110 1712 1146 qnae
1737 1100 1831 1133 etiam
1858 1097 1962 1133 susci-

1209 1149 1320 1197 pienda
1343 1157 1429 1183 extra
1450 1149 1529 1189 loca,
1551 1161 1608 1184 seu
1633 1148 1766 1182 oratoria
1789 1147 1892 1182 dictae
1913 1158 1962 1182 so-

1208 1199 1330 1233 cietatis
1351 1198 1498 1245 compelli
1528 1210 1588 1232 non
1619 1197 1758 1245 possitis.

1256 1252 1320 1291 55.
1333 1247 1489 1295 Quodque
1502 1247 1684 1283 sacerdotes
1706 1246 1865 1281 societatis
1881 1257 1962 1292 prae·
1988 1251 2092 1274 aremius
2121 1251 2161 1286 {b-

1207 1296 1322 1341 dictae,
1349 1310 1421 1332 cum
1443 1297 1592 1332 omnibus
1614 1305 1645 1331 et
1665 1296 1799 1342 singulis
1821 1294 1961 1330 eremitis
1975 1282 2161 1341 ssgffisshssi'ssb

1209 1346 1308 1393 ipsius
1330 1346 1499 1386 societatis,
1521 1359 1619 1393 snper
1647 1345 1878 1392 irregularitate
1907 1356 1963 1390 per

1209 1396 1294 1442 ipsos
1326 1396 1552 1443 quoquomodo
1580 1395 1626 1430 vel
1661 1407 1699 1430 ex
1730 1393 1841 1441 quavis
1867 1404 1963 1427 causa

1208 1453 1379 1488 contracta,
1411 1453 1444 1479 nt
1466 1445 1582 1479 divinis
1608 1444 1720 1479 officiis
1752 1453 1782 1478 et
1808 1442 1963 1490 obsequio

1209 1494 1324 1528 missae
1360 1495 1511 1528 interesse
1546 1495 1679 1540 possint,
1702 1493 1906 1539 dispensare,
1933 1499 1965 1526 et

1209 1543 1354 1579 infamiae
1378 1544 1534 1579 maculam
1561 1543 1687 1578 abolere
1710 1542 1832 1590 possint
1853 1550 1884 1576 et
1909 1552 1964 1575 va-

1209 1593 1303 1628 leant.

1257 1643 1278 1690 g
1300 1647 1331 1677 4.
1363 1642 1506 1690 Insuper,
1533 1641 1618 1688 quod
1646 1654 1718 1676 cum
1741 1639 1964 1676 excommuni-
1992 1649 2054 1675 nem.
2076 1649 2165 1670 neena.

1209 1693 1285 1727 catis
1316 1701 1346 1726 et
1381 1691 1556 1727 interdictis
1591 1704 1645 1726 seu
1681 1691 1790 1738 quavis
1829 1700 1963 1723 censura
1977 1681 2164 1738 ξζζζῗοῗρζζξξζ

1210 1741 1332 1788 ligatis,
1366 1754 1421 1787 pro
1447 1740 1656 1788 eleemosynis
1690 1739 1729 1774 ad
1757 1737 2096 1774 sustentatio-interdictu

1210 1802 1281 1826 nem
1311 1791 1391 1824 vitae
1427 1799 1547 1824 vestrae
1573 1791 1735 1824 dumtaxat
1761 1787 1964 1834 acquirendis

1209 1848 1241 1875 et
1269 1852 1330 1875 non
1354 1840 1443 1882 alias,
1465 1840 1660 1878 conversari.
1684 1839 1724 1873 ita
1740 1838 1823 1885 quod
1849 1837 1908 1872 boc
1927 1837 1965 1872 ad

1209 1888 1334 1935 culpam
1358 1889 1446 1924 vobis
1466 1888 1595 1924 minime
1618 1889 1804 1934 imputetur,
1827 1886 1965 1934 possitis.

1259 1938 1279 1985 S
1315 1942 1348 1973 5.
1383 1938 1555 1985 Quodque,
1591 1939 1622 1972 in
1656 1937 1734 1972 locis
1769 1946 1800 1972 et
1821 1935 1968 1972 oratoriis
1990 1947 2166 1976 Aiimpomuu

1211 2000 1267 2035 per
1295 2000 1348 2023 vos
1375 1996 1405 2023 et
1432 1999 1634 2023 successores
1656 1994 1776 2022 vestros
1797 1985 1966 2033 acquisitis
1981 1979 2064 2005 ⁰²⁸³⁶⁵³

1211 2047 1239 2072 et
1262 2037 1478 2084 acquirendis,
1501 2036 1597 2072 altare
1619 2035 1776 2083 portatile,
1793 2047 1848 2082 pro
1862 2034 1971 2070 missis

1211 2090 1409 2126 celebrandis
1430 2099 1461 2125 et
1477 2091 1546 2125 aliis
1565 2090 1681 2125 divinis
1701 2089 1812 2125 officiis
1835 2089 1865 2124 in
1887 2088 1968 2124 locis

1211 2144 1249 2179 ad
1286 2145 1314 2178 id
1341 2145 1491 2190 congruis
1519 2152 1550 2179 et
1571 2144 1733 2188 honestis,
1760 2156 1834 2179 cum
1862 2142 1966 2178 debita

1212 2199 1385 2234 reverentia
1414 2198 1530 2232 babere
1558 2198 1694 2245 possitis.

1260 2252 1281 2299 S
1302 2255 1335 2286 6.
1359 2251 1441 2287 Loca
1464 2261 1568 2287 autem
1598 2264 1653 2298 pro
1675 2250 1870 2298 sepeliendis
1896 2261 1968 2286 ere·
1989 2263 2168 2287 Cometen-in„

1213 2306 1298 2340 mitis
1315 2314 1345 2340 et
1360 2305 1429 2340 aliis
1443 2305 1653 2341 servientibus
1670 2304 1770 2348 vobis,
1784 2316 1840 2351 per
1858 2315 1971 2351 quem·
1981 2295 2055 2321 ⁵⁶⁸⁶*

1213 2372 1349 2407 cumque
1371 2372 1426 2395 seu
1455 2371 1677 2408 quoscumque
1699 2357 1873 2394 catholicos
1899 2358 1970 2405 epi·

1214 2412 1362 2460 scopos,'
1379 2414 1509 2460 gratiam
1533 2422 1563 2448 et
1589 2412 1848 2448 communionem
1877 2412 1968 2459 Apo-

1214 2468 1344 2503 stolicae
1378 2467 1471 2503 Sedis
1498 2466 1662 2510 babentes,
1699 2466 1877 2501 consecrari
1911 2477 1968 2501 seu

1215 2522 1360 2557 benedici
1389 2521 1520 2569 possint.

1263 2581 1278 2620 g
1296 2580 1326 2610 7.
1349 2575 1509 2623 Quodque
1532 2585 1643 2610 omnes
1663 2581 1695 2608 et
1716 2573 1835 2621 singuli
1860 2580 1974 2608 vestm

1215 2630 1387 2672 societatis,
1413 2630 1467 2678 qui
1495 2628 1572 2664 alias
1594 2628 1715 2664 habiles
1740 2635 1771 2664 et
1790 2627 1897 2663 idonei
1918 2638 1971 2662 re-
