2281 3251
74 328 123 355 An.
144 327 253 355 casto

74 1822 213 1844 -Paratnieum
230 1827 252 1845 οι

67 1854 174 1880 leprosum
189 1861 251 1876 cura—

67 1887 96 1906 vit
104 1893 109 1911 3

85 2667 160 2688 Mutum
173 2674 185 2688 a
198 2668 254 2688 nati-

70 2698 135 2720 vitate
149 2698 253 2725 liberum

939 328 998 350 [EO
1021 329 1042 350 X
1066 328 1113 350 ΡΡ.

267 381 326 416 sibi
347 381 480 416 afferret.
499 381 582 415 Dum
608 381 700 415 frater
715 381 766 416 ille
781 381 923 416 mandata
939 395 1014 417 exe-

267 432 383 479 quitur,
400 434 508 465 beatus
524 431 568 464 vir
586 431 622 465 ad
648 432 855 478 propinquam
872 432 1011 466 crucifixi

267 482 432 527 imaginem
462 493 632 515 conversus
658 482 755 516 oravit
787 490 816 515 nt
841 481 961 525 baroni,
984 483 1012 516 in

266 543 342 565 suae
361 531 529 565 divinitatis
555 532 650 576 gratia
683 530 865 573 confidenti,
894 531 1013 566 iniseri-

265 580 402 615 cordiam
431 592 518 614 suam
543 581 700 626 aporii-013
725 592 781 614 nec
805 581 904 615 multo
934 590 1013 628 post,

266 629 346 663 soliis
377 642 412 664 ac
448 630 629 676 pulveribus
661 630 842 664 huiusmodi
871 630 947 670 sibi,
983 639 1014 665 ut

267 679 410 722 iusserat,
429 680 612 726 apportatis,
636 679 714 713 lacto
728 680 819 724 signo
833 680 946 721 crucis,
963 680 1015 714 ali—

265 729 451 776 quantulum
467 730 505 763 de
524 729 616 764 dictis
631 729 810 775 pulveribus
833 730 927 764 ulceri
957 730 1015 764 im-

267 779 381 826 posuit,
398 778 539 825 illudque
562 778 660 812 tribus
681 791 718 812 ex
741 778 927 813 soliisdictis
941 792 1015 814 coo-

267 830 380 876 peruit,
397 837 425 862 ct
445 829 548 862 onmia
571 828 811 874 circumligavit,
828 829 856 862 iu
876 829 1014 864 Domino

267 890 354 925 spem
384 890 540 925 reponens=
568 878 650 925 quod
680 879 844 912 sanitatem
875 891 1014 925 recupe-

266 937 356 963 raret.
375 928 420 962 llli
444 940 530 974 ergo,
555 927 757 966 benedicens,
773 928 862 961 iussit
886 937 917 962 ut
932 929 1014 963 illico

266 990 355 1012 suam
384 986 537 1024 repeteret
560 978 702 1017 domum,
719 977 756 1011 ad
779 978 1014 1024 quartumdeci-

266 1040 351 1062 mum
376 1027 474 1061 ferme
497 1027 630 1073 lapidem
656 1026 728 1060 inde
751 1027 930 1061 distantem.
952 1027 1014 1070 Qui

266 1090 336 1112 cum
364 1076 554 1124 aliquamdiu
583 1077 777 1123 equitassct,
811 1077 847 1110 ad
885 1090 1013 1111 uxorem

265 1127 427 1170 Ioannam,
444 1139 524 1173 quae
546 1127 632 1160 illurn
649 1138 774 1172 semper
795 1127 825 1159 iu
849 1138 885 1160 eo
903 1127 1014 1161 itinere

265 1177 410 1211 comitata
434 1176 532 1210 suerat
547 1203 554 1216 ,
581 1187 762 1215 conversus,
784 1177 866 1209 Mihi
885 1178 1015 1218 videtur,

267 1227 387 1273 inquit,
414 1228 496 1271 quod
516 1228 572 1259 sim
607 1237 725 1263 sanus,
768 1226 841 1269 quia
873 1228 1015 1260 acerbum

263 1279 398 1311 <lotorem
419 1284 444 1309 et
467 1277 629 1320 pessimum
650 1276 793 1319 foetorem
807 1276 940 1318 amplius
955 1288 1015 1309 non

264 1327 377 1365 sermo,-
411 1333 440 1359 et
474 1337 545 1358 cum
570 1324 629 1358 iam
653 1332 773 1357 certum
805 1324 1013 1359 monticulum

265 1382 466 1420 superasset,
501 1373 654 1417 lacobus,
682 1373 774 1407 avide
805 1375 937 1420 cupiens
966 1375 1015 1408 in-

264 1424 406 1469 telligere
429 1436 465 1457 an
484 1432 588 1469 posset
610 1423 783 1467 ambulare,
807 1435 843 1456 ex
860 1436 942 1470 equo
958 1424 1014 1459 de-

264 1473 432 1516 scendens,
456 1472 589 1519 propriis
612 1472 745 1519 pedibus
765 1472 925 1507 ambulare
940 1486 1015 1508 coe-

264 1523 318 1569 pit,
334 1531 364 1557 et
380 1524 465 1558 calce
482 1531 594 1556 terram
611 1522 800 1569 percutiens,
821 1535 879 1557 nec
895 1523 1012 1569 aliquid

265 1573 382 1607 doloris
404 1573 555 1612 sentiens,
574 1584 606 1606 se
631 1572 765 1606 liberum
784 1580 813 1605 et
836 1584 947 1606 sanum
966 1574 1014 1606 in-

265 1623 392 1657 tellexit.
420 1623 488 1657 Deo
522 1622 618 1667 igitur
649 1630 678 1656 et
704 1622 741 1656 B.
775 1621 943 1656 Francisco
977 1623 1016 1657 de

264 1671 360 1707 Paula
383 1673 497 1719 gratias
520 1679 649 1717 agentes
671 1672 833 1717 coniugeS,
856 1672 916 1705 voti
933 1684 1015 1706 com-

265 1730 365 1769 potes,
381 1722 418 1757 ad
439 1722 563 1768 propria
585 1721 716 1755 rediere.

313 1776 328 1816 ξ
358 1775 413 1806 18.
437 1772 551 1806 lisdem
571 1771 667 1804 ferme
689 1770 813 1813 diebus,
837 1770 865 1804 in
890 1771 1015 1805 civitate

265 1821 458 1856 Consentina
480 1821 537 1855 fuit
559 1820 687 1868 quidam
701 1820 869 1854 Marcellus
885 1821 922 1855 de
936 1820 1014 1855 Car-

265 1871 358 1916 dilla,
381 1871 516 1918 pedibus
539 1879 569 1904 et
596 1870 742 1904 manibus
765 1879 956 1911 contractus,
980 1883 1016 1905 ac

265 1929 348 1956 totus
376 1923 532 1968 leprosus,
559 1921 637 1954 adeo
661 1929 692 1954 ut
716 1921 774 1954 iam
792 1932 898 1954 vocem
927 1921 1014 1967 quasi

264 1983 390 2005 omnem
407 1971 576 2014 amisisset,
599 1970 730 2017 eiusque
750 1969 874 2016 loquela
899 1970 946 2004 vix
964 1983 1016 2004 au-

264 2021 394 2061 diretur,
416 2022 470 2068 qui
498 2033 568 2055 cum
593 2032 647 2065 per
674 2020 925 2064 consanguineos
940 2032 1015 2054 suos

264 2071 300 2105 ad
316 2071 430 2105 Paulae
444 2070 670 2104 monasterium
694 2069 851 2104 adductus
873 2077 902 2103 ct
926 2069 1016 2104 beato

264 2120 329 2154 viro
353 2128 568 2167 praesentatus
589 2119 709 2161 suisset,
724 2118 786 2162 illc,
802 2119 1016 2154 misericordia

265 2183 380 2214 motus,
410 2186 518 2221 parum
547 2182 668 2207 secreto
696 2173 820 2217 oravit,
844 2186 915 2207 mox
942 2186 1015 2206 vero

265 2228 406 2269 rediens,
422 2240 493 2262 eum
517 2239 610 2262 manu
628 2226 811 2270 sublevavit,
829 2235 859 2262 et
874 2227 912 2261 ab
931 2228 1015 2261 omni

266 2283 480 2317 membrorum
500 2290 659 2316 contractu
678 2289 708 2314 ct
722 2280 805 2327 lepra
824 2282 1016 2315 incolumem

265 2336 411 2371 reddidit.
430 2335 609 2371 Gnidonem
627 2335 941 2382 ‹pioqueLipanttun,
959 2347 1016 2369 no-

267 2391 358 2425 bilem
382 2390 626 2433 Consentinum,
654 2389 836 2435 gravissima
865 2390 1015 2424 infectum

266 2446 351 2492 lepra
373 2446 403 2480 in
427 2446 521 2480 domo
544 2445 689 2484 Paterni,
712 2456 804 2491 quam
835 2444 880 2478 vir
908 2444 1017 2479 beatus

268 2508 341 2535 tunc
364 2500 560 2541 aedificabat,
576 2499 614 2533 ad
627 2511 660 2534 se
676 2499 870 2543 venientem,
892 2499 1016 2534 sanitati

269 2555 414 2589 restituit.

316 2610 335 2656 g
363 2611 419 2643 19.
442 2607 523 2643 Cum
548 2608 631 2642 idem
660 2607 769 2642 beatus
802 2607 848 2641 vir
869 2606 1016 2642 fabricam

268 2664 380 2699 domus
410 2665 492 2698 iuxta
520 2663 634 2697 Paulae
661 2663 814 2710 oppidum
838 2662 1017 2709 incepisset,

269 2718 420 2754 adductus
447 2726 492 2750 est
521 2717 547 2750 ei
576 2717 703 2763 quidam
727 2729 743 2751 a
767 2717 925 2750 nativitate
948 2729 1018 2750 mu-

348 2775 421 2805 Ball.
446 2774 520 2804 Hom.
547 2774 601 2804 Vol.
629 2773 656 2802 V.
861 2774 895 2803 91

1686 316 1747 349 721

1056 392 1116 426 tus,
1140 393 1234 429 quem
1258 394 1328 416 cum
1359 387 1503 428 parentes
1517 380 1683 415 ciusiuxta
1699 381 1805 416 eccle-

1056 433 1132 467 siam
1163 432 1352 478 posuissent,
1379 431 1456 465 dixit
1479 431 1524 465 cis
1554 430 1598 465 vir
1621 431 1747 476 beatus,
1772 439 1805 465 ut

1056 482 1115 516 alte
1143 494 1250 516 secum
1281 490 1328 516 ter
1358 482 1453 515 lesum
1469 480 1690 524 acclamarent,
1712 489 1741 515 et
1766 481 1804 514 ita

1056 532 1227 578 aperiretur
1250 531 1290 565 illi
1304 543 1427 565 sensus.
1445 530 1540 565 Beato
1560 530 1624 564 viro
1640 529 1805 565 inchoante

1056 581 1209 628 dictisque
1239 580 1421 627 parentibus
1445 580 1721 627 prosequentibus,
1741 593 1805 614 mu-

1057 638 1106 664 tus
1121 630 1334 675 similiterjalta
1352 642 1424 664 voce
1444 630 1522 664 dixit
1539 632 1631 673 Iesus,
1647 637 1676 663 et
1690 629 1804 663 deinde

1058 680 1135 714 liber
1156 688 1249 726 atque
1270 680 1391 725 integer
1419 691 1518 727 usque
1541 679 1578 714 ad
1602 680 1670 714 eius
1684 679 1803 714 obitum

1057 730 1087 763 in
1111 730 1233 776 loquela
1258 729 1438 773 permansit.

1120 780 1140 825 g
1167 781 1223 813 ⁶20.
1252 778 1375 813 Rursus
1403 778 1636 818 Iulia,Antonii
1663 778 1803 813 Catalani

1059 828 1087 862 in
1112 829 1196 863 dicto
1219 829 1335 875 oppido
1355 828 1469 862 Paulae
1490 828 1658 863 habitantis
1681 828 1805 873 filia,ab

1057 886 1124 911 ortu
1153 890 1244 912 caeca
1267 887 1296 911 et
1323 878 1398 911 nibil
1429 890 1556 924 prorsus
1579 878 1708 918 videns,
1731 891 1804 913 cum

1057 940 1071 960 a
1097 927 1279 973 parentibus
1306 928 1344 961 ad
1369 928 1490 961 beatum
1520 928 1633 968 virum,
1653 929 1705 975 qui
1727 929 1805 963 sorte

1059 986 1132 1011 tunc
1155 977 1183 1011 in
1205 978 1296 1011 liorto
1315 978 1427 1011 dumus
1442 985 1516 1021 crat,
1534 978 1667 1012 adducta
1685 978 1805 1022 fuisset,

1059 1027 1140 1060 idem
1166 1027 1276 1061 beatus
1291 1027 1347 1066 vir,
1362 1027 1490 1061 herbam
1513 1027 1683 1074 quamdam
1697 1028 1805 1062 emul-

1057 1078 1108 1116 sit,
1123 1077 1366 1123 eamque,signo
1380 1077 1483 1111 crucis
1497 1077 1692 1123 l'act0,super
1707 1078 1806 1123 ipsius

1059 1126 1180 1172 puellae
1195 1127 1472 1172 oculosapposuit,
1485 1139 1564 1173 quac
1580 1128 1684 1161 statim
1701 1127 1806 1161 videre

1057 1176 1171 1221 coepit,
1199 1188 1234 1209 ac
1264 1188 1376 1209 sensus
1399 1177 1485 1210 visus
1513 1176 1631 1210 tamdiu
1655 1177 1804 1223 quamdiu

1058 1233 1163 1271 postea
1192 1225 1267 1259 vixit
1289 1225 1380 1259 fruita
1407 1233 1467 1259 est.

1106 1274 1125 1321 g
1148 1276 1204 1308 ⁶21.
1229 1274 1262 1308 Iu
1280 1274 1394 1308 fabrica
1414 1275 1516 1309 dictae
1535 1274 1649 1309 domus
1668 1275 1806 1318 Paterni,

1058 1335 1127 1357 cum
1138 1323 1201 1357 duo
1211 1324 1387 1358 laborantes
1396 1333 1506 1359 terram
1517 1324 1694 1359 effodiendo
1703 1324 1806 1359 obruti

1057 1373 1202 1416 fuissent,
1214 1374 1252 1407 ita
1268 1382 1299 1407 ut
1312 1374 1369 1407 iam
1387 1387 1442 1421 pro
1460 1374 1590 1408 mortuis
1606 1374 1806 1420 haberentur,

1057 1423 1094 1457 ad
1122 1423 1372 1458 succurrendum
1401 1425 1561 1459 invocatus
1589 1424 1633 1458 vir
1655 1424 1765 1458 beatus
1791 1437 1806 1458 a

1057 1472 1182 1507 duobus
1211 1474 1350 1519 partibus
1373 1481 1487 1508 terram
1510 1473 1603 1507 effodi
1632 1473 1722 1519 fecit,
1744 1486 1807 1521 quo

1058 1522 1150 1562 sacto,
1178 1523 1250 1557 dicti
1281 1523 1456 1558 laborantes
1485 1523 1543 1557 vivi
1570 1531 1600 1557 et
1633 1524 1730 1559 illaesi
1752 1536 1805 1558 sua

1057 1574 1101 1615 (ut
1123 1572 1271 1615 creditur)
1299 1573 1396 1619 gratia
1421 1581 1493 1607 sunt
1517 1573 1642 1619 reperti.

1106 1622 1125 1668 g
1152 1624 1209 1656 22.
1237 1622 1321 1656 Dum
1344 1623 1471 1669 quidam
1495 1622 1653 1658 Antonius
1675 1623 1803 1658 archite-

1056 1680 1125 1706 ctus
1155 1673 1192 1705 ad
1221 1672 1322 1707 dictae
1359 1673 1472 1707 domus
1497 1673 1622 1707 Paterni
1658 1672 1803 1708 fabricam

1057 1722 1251 1765 accessisset,
1267 1731 1295 1756 et
1318 1722 1426 1757 beatus
1450 1723 1506 1765 vir,
1530 1730 1563 1756 ut
1585 1735 1641 1769 pro
1669 1723 1740 1758 cibo
1762 1723 1804 1757 illi

1057 1772 1263 1805 ministrando
1296 1772 1464 1806 nonnullae
1487 1771 1574 1807 fabae
1594 1781 1806 1820 coquerentur

1057 1821 1182 1855 cuidam
1199 1821 1284 1855 fratri
1310 1822 1426 1856 iuniori
1446 1822 1522 1856 inibi
1544 1822 1689 1857 existenti
1716 1835 1807 1857 man-

1058 1870 1174 1913 dasset,
1190 1870 1282 1905 frater
1296 1871 1348 1906 ille
1370 1871 1461 1906 ollam
1480 1884 1552 1906 cum
1568 1871 1661 1906 dictis
1678 1871 1758 1907 fabis
1778 1882 1807 1907 et

1058 1932 1136 1967 aqua
1159 1920 1280 1966 frigidis
1303 1922 1334 1955 in
1362 1921 1496 1968 coquina
1524 1922 1683 1956 cineribus
1697 1934 1807 1969 supcr-

1058 1971 1176 2017 posuit,
1190 1971 1371 2018 oblitusque
1387 1971 1504 2018 ignem,
1527 1984 1589 2019 quo
1608 1973 1743 2019 coquina
1758 1985 1808 2007 ca-

1059 2020 1155 2061 rebat,
1182 2020 1310 2055 aliunde
1326 2022 1447 2065 asserre,
1474 2022 1632 2062 discessit;
1659 2022 1714 2056 sed
1735 2034 1805 2056 cum

1058 2070 1104 2104 vir
1125 2070 1248 2110 beatus,
1275 2071 1375 2105 dictas
1405 2071 1489 2106 fabas
1523 2071 1583 2106 iam
1607 2080 1711 2106 coctas
1738 2084 1807 2107 esse

1058 2119 1201 2165 credens,
1225 2133 1285 2155 una
1304 2133 1376 2155 cum
1392 2121 1512 2168 bospite
1531 2121 1560 2155 in
1581 2122 1725 2169 coquina,
1741 2122 1809 2156 nul-

1059 2173 1171 2220 lusque
1201 2174 1242 2208 ibi
1273 2175 1353 2220 ignis
1374 2175 1510 2220 adesset,
1532 2175 1635 2210 dictus
1650 2177 1809 2211 Antonius

1820 325 1869 351 An,
1888 325 1916 351 C.
1937 325 2001 351 l519

1833 790 1917 811 Puellae
1936 797 2004 811 σαντα

1819 823 1886 843 visum
1904 823 2002 847 reddidit3

1833 1288 1924 1309 obrutos
1943 1289 2004 1309 ittae-

1821 1326 1856 1340 sos
1871 1321 1969 1347 reperiit;

1830 1636 1893 1656 fabas
1901 1637 1946 1656 sinc
1955 1642 2001 1662 :gie

1059 2228 1188 2263 subrisit
1211 2229 1249 2264 de
1271 2230 1346 2263 dicti
1376 2229 1456 2263 beati
1493 2239 1660 2277 praecepto
1682 2239 1713 2264 et
1740 2231 1809 2266 eius
1834 2240 1837 2241 ’

1059 2283 1199 2325 ferculo,
1232 2284 1316 2331 quod
1346 2283 1486 2318 noudum
1515 2284 1608 2330 coqui
1636 2285 1808 2331 coepisset;

1058 2338 1108 2372 cui
1138 2338 1183 2372 vir
1218 2338 1328 2373 beatus
1350 2338 1503 2372 ferculum
1532 2338 1635 2385 ipsum
1666 2347 1808 2386 paratum

1059 2404 1127 2426 esse
1140 2392 1314 2439 respondit,
1328 2392 1490 2439 tetigitque
1503 2404 1596 2426 manu
1608 2392 1713 2438 ollam,
1729 2405 1809 2440 quae

1059 2446 1143 2481 illico
1160 2447 1279 2481 fervere
1298 2447 1360 2481 visa
1383 2455 1441 2490 est,
1464 2447 1632 2494 statimque
1652 2447 1740 2482 fabae
1755 2460 1810 2482 co-

1059 2509 1127 2535 ctae
1154 2501 1252 2546 suere,
1274 2502 1313 2535 ita
1337 2510 1368 2535 ut
1391 2501 1473 2535 idem
1497 2502 1651 2535 Antonius
1667 2500 1706 2535 de
1733 2502 1810 2548 ipsis

1060 2555 1229 2601 prandium
1249 2567 1373 2590 sumere
1390 2555 1537 2602 potuerit,
1552 2568 1612 2602 qua
1634 2555 1673 2589 de
1697 2567 1727 2589 re
1743 2556 1810 2590 dic-

1060 2618 1110 2644 tus
1136 2610 1293 2645 Antonius
1320 2618 1350 2645 et
1374 2610 1516 2645 nonnulli
1546 2609 1596 2644 alii
1620 2618 1695 2644 tnnc
1719 2622 1810 2653 prae-

1060 2674 1177 2709 sentes,
1202 2665 1333 2699 maxima
1361 2672 1434 2699 sunt
1461 2663 1667 2698 admiratione
1694 2664 1806 2699 affecti.

1109 2723 1123 2762 ἕ
1146 2721 1203 2753 25.
1232 2719 1317 2754 Idem
1341 2719 1434 2753 etiam
1456 2717 1568 2753 heatus
1590 2717 1635 2752 vir
1654 2717 1704 2752 die
1729 2731 1809 2766 qua-
