2281 3251
238 243 287 268 an.
305 242 324 267 c
351 242 416 268 isto
481 229 549 262 482

473 296 508 325 tis
532 300 599 326 tunc
618 295 765 334 expressis
788 293 907 323 casibus
931 302 979 321 eos
1006 292 1176 321 absolveret.

471 357 509 363 —
526 341 544 371 t
567 340 602 370 ad
624 340 650 369 6.
669 338 821 378 Deputatio
837 336 1035 367 commissarii
1052 335 1088 366 ad
1101 335 1179 364 elee—

472 394 609 424 mosynas
626 383 805 422 colligendas
828 387 855 411 et
874 382 928 411 alia
946 381 980 411 ad
1000 382 1096 420 ipsum
1114 389 1180 419 spe-

473 431 590 465 ctantia;
628 429 695 458 -7.
718 427 985 466 Eleemosynasque
1011 424 1179 462 elargienti-

472 474 528 504 bus
559 473 719 513 plenariam
749 475 934 510 peccatorum
975 469 1179 499 remissionem

472 518 614 553 concedit,
632 534 670 539 —-
683 517 709 546 8.
728 515 947 554 Licentiamque
967 513 1096 552 eligendi
1113 522 1181 542 con-

474 565 625 598 sessorem,
648 561 697 600 qui
726 560 930 595 absolvatelc.‚
946 558 1057 588 eisdem
1075 558 1182 596 impar-

474 609 552 643 titur;
574 623 612 629 —
639 608 666 636 a.
692 605 870 635 Facultatem
904 604 952 634 dat
979 603 1074 632 eidem
1097 611 1180 632 com-

472 652 609 682 missario
636 649 830 690 componendi
863 657 953 687 super
980 647 1054 677 male
1076 647 1180 676 ablatis

473 696 601 733 incertis,
623 696 666 725 vel
687 703 772 734 prave
791 693 942 734 quaesitis,
956 709 994 715 —-·
1017 693 1064 723 110.
1088 692 1179 722 Debi-

471 742 507 772 tis
541 741 608 771 aliis
630 740 766 770 ecclesiis
801 739 847 768 cui
874 738 1002 768 Romana
1029 737 1180 774 succedat,

470 803 508 808 —
548 786 593 815 11.
626 783 825 814 Restituendis
858 783 914 819 iis,
950 791 1076 822 quorum
1110 790 1179 820 per-

472 839 542 860 sona
559 830 710 868 ignoratur
727 828 770 857 vel
791 827 878 857 dubia
905 832 967 862 est;
990 844 1027 848 —-
1058 826 1102 856 1-2.
1130 826 1183 855 Le-

471 875 544 913 gatis
571 874 644 904 locis
676 873 718 902 vel
741 873 875 912 personis
905 872 1042 907 incertis,
1067 888 1106 893 —-
1136 871 1181 900 13.

474 919 614 949 lnexactis
633 923 698 947 ante
717 917 946 956 publicationem
967 916 1075 952 bullae,
1094 916 1180 945 etiam

473 963 631 994 ordinariis
655 961 780 997 donatis,
802 965 852 991 etc.
878 977 916 983 —
936 961 971 990 14
995 960 1030 989 ad
1052 960 1099 990 20.
1122 959 1180 989 Fa-

473 1008 597 1038 cultates
613 1007 710 1037 variae
731 1005 937 1036 commissario
963 1013 1184 1034 concessae.—

473 1053 520 1083 21.
533 1052 670 1082 lnbibitio
681 1056 779 1081 contra
792 1059 995 1090 quoscumque
1009 1049 1079 1079 dicti
1098 1058 1181 1078 com-

474 1097 603 1127 missarii
626 1095 852 1135 perturbatores,
871 1099 899 1124 et
927 1094 993 1123 aliis
1017 1094 1184 1132 quaestori-

475 1142 530 1172 bus
549 1142 697 1172 licentiam
720 1141 833 1171 dantes.
851 1157 889 1162 —
901 1139 947 1169 22.
964 1138 1100 1168 Facultas
1114 1138 1183 1168 dicti

474 1185 671 1216 commissarii
684 1185 757 1215 alios
771 1183 982 1222 subdelegandi
1005 1187 1054 1212 etc.
1077 1199 1117 1204 —
1133 1182 1182 1212 ⁶23.

475 1230 634 1260 Declaratio
646 1230 723 1268 quod
734 1229 898 1268 praedictae
911 1227 1112 1266 indulgentiae
1121 1226 1184 1256 sus-

476 1275 626 1314 sragentur
647 1273 802 1303 animabus
826 1273 854 1303 in
868 1273 1035 1312 purgatorio
1058 1272 1185 1302 existen-

477 1320 566 1350 tibus.
585 1336 623 1342 —
644 1319 691 1349 ⁶24.
719 1318 872 1357 Derogatio
899 1317 1122 1347 contrariorum.

436 1396 521 1426 tutius
539 1396 680 1432 episcopus
699 1401 795 1423 servus
814 1400 955 1422 servorum
973 1393 1029 1426 Dei.
1053 1392 1187 1421 universis

483 1447 511 1475 et
528 1445 646 1481 singulis
666 1445 825 1480 praesentes
840 1443 939 1472 literas
954 1442 1128 1478 inspecturis,
1142 1448 1187 1470 sa-

481 1496 567 1524 lntem
585 1495 616 1523 et
630 1493 807 1530 apostoticam
829 1493 1050 1522 benedictionem.

488 1567 601 1614 Liquet
623 1565 771 1601 omnibus
798 1565 985 1600 christianae
1015 1564 1086 1599 fidei
1115 1563 1186 1598 cul-

250 1629 324 1650 rum*
340 1632 425 1656 mno-
440 1617 561 1653 toribus
597 1616 722 1651 beatum
748 1615 877 1650 Petrum
911 1614 950 1649 ab
986 1615 1053 1661 ipso
1075 1614 1187 1649 Salva-

237 1662 302 1711 ¹,”4'.',¹¹''
321 1662 422 1688 ⁹‘*'‘¹²‘'¹'‘
443 1677 508 1703 tore
530 1674 637 1701 nostro
658 1665 796 1700 Domino
819 1665 887 1699 lesu
910 1663 1037 1699 Christo
1059 1672 1188 1711 aposto-

444 1718 543 1752 lorum
572 1715 744 1763 principem
772 1714 866 1749 fuisse
892 1714 1112 1754 constitutum,
1139 1714 1187 1747 ei-

443 1778 505 1814 que
528 1765 643 1812 ligandi
657 1772 749 1812 atque
770 1763 908 1799 solvendi
923 1764 1044 1798 animas
1059 1763 1187 1799 coelesti

444 1814 607 1863 privilegio
630 1813 772 1849 traditam
795 1825 863 1849 esse
886 1821 1067 1860 potestatem
1085 1841 1092 1855 ‚
1116 1825 1185 1848 cum

444 1866 470 1900 ei
493 1865 628 1900 dicitur:
645 1865 692 1898 Tu
712 1876 740 1898 es
762 1865 881 1907 Petrus,
903 1871 1030 1909 etsuper
1042 1865 1121 1898 hanc
1135 1875 1187 1909 pe-

445 1923 526 1950 tram
551 1915 718 1960 aedificabo
749 1914 917 1947 Ecclesiam
945 1925 1054 1957 meam,
1082 1920 1107 1946 ec
1135 1914 1189 1947 tibi

444 1966 524 2000 dabo
545 1966 642 1999 claves
663 1965 750 2009 requi
774 1964 947 2007 coelorum,
967 1971 993 1996 el
1019 1965 1188 2008 quodcum-

444 2029 499 2062 que
525 2017 667 2062 ligaveris
693 2026 783 2060 super
808 2022 943 2055 terram,
970 2016 1027 2048 erit
1059 2015 1188 2058 ligatum

444 2076 471 2102 et
491 2070 524 2103 in
549 2070 648 2108 coelis,
672 2075 698 2102 et
720 2068 927 2113 quodcumque
954 2067 1080 2100 solveris
1100 2077 1189 2110 super

446 2130 570 2165 terram,
592 2121 647 2154 erit
664 2120 795 2153 solutum
820 2126 846 2151 et
867 2119 899 2151 in
919 2117 1018 2151 coelis.

493 2171 512 2219 ἓ
536 2175 566 2206 t.
601 2169 693 2205 Unde
720 2180 789 2208 nos,
820 2167 891 2215 qui,
919 2166 990 2202 licet
1018 2164 1189 2212 imparibus

257 2230 295 2253 flio
313 2231 360 2265 ³400
376 2229 427 2250 Pon·
445 2221 576 2266 meritis,
597 2219 739 2255 eiusdem
761 2219 920 2254 coelorum
942 2215 1086 2262 clavigeri
1114 2227 1189 2250 suc—

243 2262 429 2319 ξ’ζζωξζωωῖἓξζ
444 2283 585 2306 cessores
618 2281 748 2307 snmus,
782 2277 811 2303 et
838 2269 907 2302 eius
934 2267 1002 2302 loco
1027 2267 1055 2299 in
1084 2273 1187 2299 sancta

243 2324 429 2377 zufssssbssffkje
443 2321 499 2356 Dei
538 2320 679 2355 Ecclesia
714 2318 917 2362 residemus,
951 2316 1189 2351 considerantes

244 2389 374 2414 mmo-en.
398 2370 526 2418 re-quod
549 2370 670 2405 diffusis
693 2382 747 2416 per
774 2368 881 2403 orbem
905 2376 1056 2402 terrarum
1087 2364 1189 2399 ecele-

247 2419 371 2445 ’‘¹³⁶⁶⁸'⁰’
443 2421 511 2461 siis,
529 2432 566 2455 ex
590 2420 731 2454 iniuncto
754 2418 844 2454 nobis
865 2430 879 2452 a
902 2417 970 2452 Deo
996 2415 1190 2463 apostolatus

444 2475 547 2511 officio
574 2474 737 2524 providere
765 2481 951 2516 teneamur,
979 2478 1013 2505 ut
1039 2469 1189 2504 ecclesiae

445 2532 542 2579 ipsae,
555 2542 634 2578 quae
656 2529 769 2564 domus
786 2527 843 2562 Dei
867 2534 954 2567 sunt,
977 2526 1005 2560 in
1029 2524 1095 2560 suis
1112 2532 1191 2558 stru-

445 2586 543 2621 cturis
564 2591 594 2620 et
615 2583 766 2620 aedificiis
788 2594 848 2617 non
871 2581 973 2617 solum
1001 2591 1190 2615 conserven-

446 2649 507 2686 tur,
530 2639 583 2676 sed
612 2639 718 2681 etiam,
744 2638 769 2673 si
791 2649 872 2686 opus
898 2635 1012 2678 suerit,
1041 2645 1192 2684 reparen-

1020 236 1120 260 BULLA
1127 234 1206 258 ntum
1237 233 1394 256 ROMANFM

1985 234 2036 260 An.
2056 234 2085 261 C.
2102 233 2170 260 ¹510

1223 300 1282 330 tur,
1297 290 1377 325 circa
1402 299 1504 324 tamen
1528 290 1687 324 basilicam
1711 289 1749 323 de
1771 288 1856 324 Urbe
1872 289 1970 335 ipsius

1223 339 1303 374 Petri
1331 339 1480 385 principis
1503 339 1715 386 apostolorum
1740 339 1888 373 maiorem
1914 350 1971 373 cu-

1224 402 1286 424 ram
1310 397 1338 423 et
1367 388 1558 435 diligentiam
1586 388 1735 424 adbibere
1764 401 1820 424 nos
1853 400 1972 423 conve-

1224 440 1279 477 nit,
1309 447 1352 482 nt,
1374 438 1456 473 sicut
1484 440 1550 485 ipse
1573 438 1682 473 beatus
1709 439 1820 474 Petrus
1841 438 1880 473 ab
1903 439 1972 486 ipso

1223 488 1382 523 Salvatore
1406 497 1513 522 nostro
1534 488 1678 535 princeps
1697 488 1909 534 apostolorum
1925 496 1971 523 est

1223 538 1425 581 constitutus,
1449 538 1486 572 ita
1507 537 1599 572 ctiam
1616 538 1714 584 ipsius
1733 538 1873 578 basilica,
1892 550 1972 584 quae

1225 601 1284 623 non
1310 600 1399 634 parra
1424 588 1618 634 reparatione
1643 587 1760 634 indiget
1779 589 1859 622 inter
1886 596 1972 622 cete-

1225 651 1272 673 ras
1298 637 1392 672 Urbis
1414 645 1445 672 et
1466 636 1551 671 orbis
1577 636 1746 678 ecclesias,
1773 638 1974 683 congruenti-

1225 688 1282 722 bus
1305 699 1339 722 ac
1361 688 1452 722 etiam
1477 687 1662 721 necessariis
1689 686 1839 722 aedificiis
1866 687 1971 722 reaedi-

1225 738 1345 782 licetur,
1367 744 1566 772 construatur
1589 745 1619 771 et
1640 736 1822 783 amplietur,
1843 748 1879 771 ac
1896 748 1973 771 reae-

1224 787 1346 822 dificata
1369 786 1558 833 etampliata
1585 795 1799 821 conservetur.

1271 843 1287 880 3·
1313 840 1346 871 2.
1373 836 1413 871 Et
1435 848 1506 871 cum
1530 848 1646 881 nuper,
1673 847 1711 870 ex
1739 835 1919 882 praemissis
1941 845 1973 871 et

1225 886 1318 921 certis
1333 886 1402 920 aliis
1417 885 1657 920 rationabilibus
1673 885 1788 924 causis,
1811 885 1896 920 iuxta
1916 896 1974 919 uo·
1989 880 2173 938 ζζῇῗξῐῗζζζζζ

1225 937 1278 971 stri
1302 935 1407 971 cordis
1429 935 1633 979 desiderium,
1656 934 1692 969 ad
1712 934 1812 970 dictae
1836 934 1974 969 basilicae
1990 947 2074 979 weram
2090 943 2174 970 *0¹⁹²-

1227 986 1484 1021 restaurationem
1506 998 1618 1020 manus
1631 985 1791 1032 operarias
1806 985 1974 1032 apposuis-
1989 976 2173 1033 221¹¹³⁰ssmffifff

1225 1048 1345 1079 semus,
1362 1045 1591 1081 cognoscentes
1610 1035 1757 1069 fabricam
1778 1034 1973 1072 huiusmodi.
1991 1043 2047 1064 ‘⁰¹¹¹-

1225 1086 1344 1133 absque
1373 1086 1431 1131 piis
1453 1093 1482 1119 et
1499 1085 1590 1132 largis
1614 1084 1754 1119 fidelium
1783 1083 1975 1130 erogationi-

1227 1138 1297 1177 bus,
1316 1139 1353 1170 ad
1371 1136 1463 1170 linem
1481 1143 1620 1181 optatum
1641 1133 1770 1180 perduci
1789 1145 1849 1168 nou
1871 1145 1975 1180 posse,

1228 1198 1281 1232 per
1307 1184 1459 1231 quasdam
1482 1186 1582 1231 primo
1612 1185 1767 1218 universis
1790 1182 1977 1218 christifide-

1228 1234 1310 1270 libus
1334 1235 1497 1281 utriusque
1519 1247 1624 1273 sexus,
1644 1235 1711 1281 qui,
1727 1233 1805 1268 infra
1820 1246 1938 1268 annum
1960 1244 1977 1267 a

1227 1284 1277 1320 die
1294 1284 1502 1332 publication.
1515 1283 1700 1319 earumdem
1714 1282 1977 1330 computandum,

1229 1335 1258 1369 in
1274 1346 1364 1382 capsa
1378 1333 1416 1369 ad
1430 1333 1531 1368 hocin
1545 1334 1626 1369 dieta
1640 1332 1767 1368 basilica
1794 1331 1977 1367 collocanda

1230 1396 1283 1431 per
1296 1384 1418 1431 seipsos
1433 1383 1605 1428 mitterent,
1618 1382 1665 1418 vel
1682 1395 1736 1430 per
1749 1381 1826 1417 alios
1849 1381 1929 1417 mitti
1947 1390 1977 1417 et

1230 1434 1302 1481 poni
1326 1434 1475 1476 facerent,
1499 1442 1617 1468 tantum
1633 1440 1787 1479 quantum
1803 1443 1912 1467 eorum
1929 1430 1976 1479 pia

1228 1484 1354 1519 devotio
1376 1483 1421 1518 eis
1437 1482 1580 1522 dictaret,
1604 1484 1634 1516 in
1659 1482 1791 1529 pecunia
1814 1489 1979 1516 numerata

1229 1541 1281 1567 aut
1309 1533 1402 1567 rebus
1416 1532 1484 1567 aliis
1506 1532 1543 1567 ad
1567 1544 1648 1580 opus
1672 1533 1774 1578 ipsum
1798 1538 1979 1566 converten-

1228 1582 1287 1627 dis,
1309 1583 1357 1618 vel
1380 1582 1461 1617 circa
1488 1594 1569 1629 opus
1595 1594 1628 1617 se
1659 1579 1863 1629 personaliter
1885 1592 1977 1615 exer-

1229 1641 1348 1674 cerent,
1370 1644 1425 1667 seu
1450 1631 1550 1667 bonae
1578 1631 1749 1667 memoriae
1771 1629 1908 1665 Henrico
1926 1642 1979 1665 ar-

1229 1682 1433 1730 chiepiscopo
1455 1681 1628 1717 Tarentino
1645 1708 1654 1726 ,
1681 1679 1820 1728 generali
1849 1679 1979 1714 thesau-

1230 1732 1309 1767 rario
1324 1740 1442 1771 nostro,
1465 1744 1498 1766 se
1519 1731 1557 1766 ad
1577 1731 1627 1779 pie
1645 1729 1838 1777 erogandum
1862 1729 1978 1777 aliquid

1229 1782 1266 1816 ad
1286 1794 1366 1828 opus
1388 1781 1491 1828 ipsum
1506 1809 1514 1822 ‚
1542 1781 1627 1816 iuxta
1648 1792 1757 1816 eorum
1781 1779 1862 1827 piam
1891 1779 1980 1814 devo-

1231 1831 1360 1876 tionem,
1380 1831 1546 1866 efficaciter
1572 1830 1758 1877 obligarent,

1278 1881 1299 1928 S
1326 1884 1358 1917 5.
1383 1881 1425 1917 Ut
1448 1880 1596 1915 idoneum
1617 1887 1746 1928 possent
1764 1878 1881 1926 eligere
1902 1890 1981 1914 con·
2007 1902 2118 1924 cmm„
2144 1902 2176 1924 h,

1230 1930 1393 1972 fessomm,
1415 1930 1469 1977 qui
1488 1941 1543 1965 eos
1568 1942 1585 1964 a
1608 1930 1702 1965 certis
1728 1937 1802 1963 tunc
1823 1928 1981 1976 expressis
1994 1935 2177 1971 0⁰¹¹⁸²0ms⁶⁰¹31

1229 1980 1353 2016 casibus
1379 1979 1541 2015 absolvere
1557 2007 1566 2019 ,
1597 1987 1626 2014 et
1653 1990 1749 2026 super
1771 1978 1864 2013 certis
1885 1979 1978 2013 etiam
1995 1965 2115 2025 ἓῗξζῖῗζῗυῑ
2132 1969 2178 2019 ἓζὶἶ

1231 2038 1304 2065 tunc
1327 2029 1496 2078 expressiS,
1513 2030 1544 2064 in
1560 2029 1626 2064 soro
1649 2028 1861 2064 conscientiae
1882 2028 1979 2064 dum·
1995 2030 2082 2051 ΨΜ
2094 2036 2175 2057 ⁵¹⁹¹&-

1995 2060 2024 2079 sis
2040 2061 2122 2081 casibus
2140 2067 2178 2083 ent

1232 2094 1323 2126 taxat,
1346 2085 1529 2133 dispensare
1558 2092 1665 2132 posset
1691 2083 1906 2120 concessimus
1932 2082 2124 2119 sat-absolveret·

1230 2140 1388 2175 cultatem.

1279 2195 1298 2241 S
1332 2198 1365 2229 4.
1406 2194 1445 2229 Et
1475 2193 1590 2229 deinde
1627 2192 1754 2241 provide
1782 2192 1980 2228 attendentes
2008 2206 2177 2233 postes-nhu-

1995 2240 2026 2259 ius
2053 2242 2178 2262 concessio-

1231 2248 1358 2284 difficile
1382 2249 1447 2285 fore
1462 2249 1648 2296 praedictas,
1664 2247 1741 2282 infra
1757 2259 1874 2282 annum
1891 2259 1908 2282 a
1927 2246 1979 2283 die
1995 2271 2027 2290 n„
2043 2272 2104 2291 „mm
2115 2272 2177 2292 unffi.

1232 2304 1352 2339 illarum
1377 2304 1611 2352 publicationis,
1633 2303 1670 2338 ad
1689 2303 1827 2337 notitiam
1850 2301 1979 2337 cbristi-
1994 2303 2179 2360 iissssfflsffiff

1232 2358 1372 2393 fidetium
1398 2359 1474 2394 ultra
1498 2366 1621 2393 montes
1647 2357 1887 2392 consistentium
1917 2369 2070 2404 per-annum
2085 2366 2109 2385 ad
2132 2366 2178 2387 eius

1232 2413 1338 2448 venire
1362 2426 1468 2462 posse,
1491 2414 1585 2461 ipsas,
1614 2424 1669 2461 per
1695 2411 1772 2446 alias
1794 2419 1916 2446 nostras
1940 2395 2178 2453 li-iggact-''siscstffit‘ifi

1994 2459 2111 2479 mit-arium
2121 2465 2140 2479 tn
2151 2459 2177 2478 il-

1232 2478 1324 2510 teras,
1343 2468 1381 2504 ad
1405 2472 1550 2503 nostrum
1569 2466 1803 2514 beneplacitum
1828 2477 1980 2513 proroga·
1994 2491 2019 2510 „s
2037 2490 2128 2516 „ambus
2143 2492 2175 2511 aa*

1233 2522 1359 2565 vimus,
1383 2530 1412 2558 et
1434 2530 1619 2558 cunctorum
1647 2520 1899 2556 christifidelium
1929 2532 1980 2555 sa·
1994 2523 2177 2575 ffiffisssffissp-

1233 2577 1330 2612 lutem
1345 2605 1354 2620 ,
1382 2577 1548 2625 praecipue
1571 2575 1693 2612 illorum
1712 2604 1720 2617 ‚
1747 2575 1800 2622 qui
1823 2575 1853 2610 in
1877 2574 1979 2622 vigin-
1995 2559 2176 2612 eieemosynu'.“

1235 2633 1400 2681 tiquinque
1432 2631 1622 2681 provinciis,
1651 2631 1680 2665 in
1710 2629 1826 2678 quibus
1849 2629 1980 2665 vicarius

2004 849 2042 868 l'm
2055 849 2173 868 subventio·
