2281 3251
86 287 263 314 An.t;.tth7

102 2139 213 2165 Dei-ogatin
222 2146 272 2160 con-

90 2172 207 2191 trartmnmi

883 284 1026 307 CALLtsIt
1040 286 1052 306 ,ἦ

283 342 422 377 ctoribus
445 350 474 377 et
496 341 731 389 receptoribus,
764 354 817 376 seu
843 341 880 375 ad
913 341 1027 375 huius-

283 392 365 427 modi
398 391 619 429 collectiones,
654 391 852 438 receptiones
875 390 919 425 vel
949 403 1027 425 exa-

281 442 400 476 ctiones
427 440 665 487 quomodolibet
688 441 844 487 ‹ltputatis
868 448 895 473 vt
925 440 1029 486 ‹lepu—

283 491 384 525 tandis
406 490 601 529 officialibus,
629 491 812 525 auctoritato
847 490 1028 536 ιψο5ιοῐιοι,ι

282 549 388 575 tenore
418 541 643 587 praesentiunt,
660 553 788 587 pintsus
816 552 982 573 eximimus
1000 548 1030 574 et

282 590 418 625 totaliter
436 590 616 629 liberamus;
634 602 756 624 necnon
773 589 830 623 sub
846 588 924 623 beati
945 588 1026 624 l‘ctri

281 648 311 673 rt
333 639 433 674 dietae
459 639 551 674 Sedis
577 647 669 686 atque
693 647 794 674 nostra
825 638 1030 686 protectione,

282 689 439 724 imitantes
463 688 723 736 praedecessores
756 696 897 727 nostros,
920 701 1028 723 susci-

282 739 396 786 pimus
416 748 509 786 atque
532 739 589 785 ipsi
613 738 686 773 Sedi
710 739 853 773 tolonnis
871 747 898 772 et
919 737 1030 773 decei-

282 789 388 824 nimus
412 788 592 823 immediate
615 788 790 824 subiacere.
810 788 848 821 ita
872 787 956 834 qnod
981 801 1030 821 ιιι-

282 838 508 885 cliiepiscopus
538 846 565 871 «t
606 838 755 872 ordinatii
781 850 814 871 ιι(-
837 837 888 871 alii
914 851 1001 884 supi.
994 851 1028 871 ιι-

282 887 370 927 dicti,
393 888 486 922 etiarn
512 888 630 922 ratione
647 887 753 922 delicti
769 900 823 922 seu
852 895 1029 921 contractus

282 945 333 971 aut
357 937 399 972 rei
427 938 465 972 de
489 950 548 984 qua
573 938 697 983 agitur,
721 937 914 983 ubicumque
941 949 1030 970 com—

283 987 423 1022 mittatur
446 987 608 1026 delictum,
633 987 756 1022 ineatur
774 995 966 1026 contractus,
984 985 1029 1020 vel

282 1049 332 1071 res
347 1036 412 1083 ipsa
431 1037 592 1074 consistat,
617 1036 733 1070 nnllam
758 1036 875 1082 possint
904 1035 933 1069 in
954 1047 1031 1070 con-

283 1094 423 1131 ventum,
453 1098 618 1125 monacos,
652 1094 830 1125 ministros,
860 1097 1030 1132 personas,

283 1136 521 1176 monasterium,
537 1135 688 1179 membra,
704 1136 769 1170 loca
793 1144 821 1169 et
838 1134 917 1169 bona
939 1147 1031 1181 prae—

283 1185 376 1223 dicta.
400 1193 509 1233 utpote
529 1185 655 1232 penitus
672 1193 700 1219 et
721 1184 850 1219 omnino
872 1193 1031 1231 exempta,

284 1236 308 1269 si
337 1243 368 1269 et
395 1243 487 1282 prout
508 1234 547 1269 ab
563 1234 743 1282 Apostolica
758 1234 852 1274 Sede,
868 1247 922 1280 per
941 1246 1031 1280 prae—

283 1284 465 1319 decessores
489 1293 611 1319 nostros
632 1296 819 1319 concessum
848 1283 947 1318 extitit
975 1296 1029 1318 seu

284 1333 454 1379 indultum,
468 1334 575 1381 eisque
592 1334 704 1368 melius
724 1334 769 1368 usi
787 1333 913 1378 fuerint,
935 1346 1032 1380 supe-

285 1383 467 1427 rioritatem,
490 1383 740 1418 iurisdictionem
761 1395 817 1418 seu
835 1390 1031 1429 potestatem,

284 1433 329 1468 vel
357 1433 482 1481 aliquod
506 1433 681 1468 dominium
716 1445 861 1468 exercere
879 1460 886 1469 ,
911 1445 971 1467 nec
994 1433 1032 1467 ab

283 1483 340 1522 eis,
357 1483 474 1518 ratione
498 1482 966 1530 impositionum,collectarum
985 1482 1031 1517 vel

283 1531 497 1568 subsidiorum
515 1533 708 1575 huiusmodi,
724 1532 897 1579 quidquam
916 1539 1032 1579 petere,

283 1581 420 1628 exigere,
449 1582 589 1629 recipere
613 1582 658 1617 vel
682 1582 797 1621 levare,
822 1581 878 1616 nisi
902 1594 1031 1616 censum

283 1631 445 1667 dumtaxat
470 1631 630 1667 Ecclesiae
657 1631 853 1666 Messanensi
877 1630 1032 1672 debitum,

284 1681 309 1715 si
332 1689 362 1715 et
386 1690 477 1728 prout
501 1682 530 1716 in
560 1681 732 1728 privilegiis
766 1681 893 1727 praefati
918 1693 1033 1715 mona-

284 1731 383 1771 sterii,
411 1739 441 1765 et
464 1731 577 1766 melius
606 1731 651 1765 usi
680 1740 767 1773 sunt,
787 1730 903 1765 dicitur
925 1731 1034 1765 conti-

285 1781 363 1825 neri,
391 1781 513 1816 indulto
534 1780 728 1828 apostolico,
758 1788 790 1814 ut
814 1781 1034 1828 praemittitur

284 1829 322 1864 ad
345 1843 438 1877 quem
464 1843 521 1866 nos
543 1830 723 1874 referimus,
751 1831 882 1877 ipsaque
906 1838 936 1864 et
957 1843 1036 1864 con-

286 1887 367 1914 tenta
396 1880 426 1914 in
455 1881 513 1919 eis.
537 1879 695 1915 observari
732 1879 878 1915 volumus
907 1881 1035 1926 penitus

284 1937 314 1962 et
337 1930 477 1965 omnino.
503 1930 720 1965 Decet-nentes
749 1929 870 1964 irritum
889 1938 919 1963 et
943 1930 1035 1964 inane

285 1978 439 2026 quidquid
481 1980 510 2014 in
551 1979 744 2014 contrarium
791 1979 1033 2026 praemissorum

285 2028 524 2075 quomodolibet
559 2029 725 2076 contigerit
759 2029 914 2064 attentari.

334 2082 398 2122 54.
415 2078 483 2114 Non
500 2078 700 2114 obstantibus
717 2078 789 2119 iltis,
806 2079 930 2126 quaein
947 2092 1036 2127 prae-

285 2132 379 2168 dictis
407 2133 540 2168 indultis
562 2133 744 2181 apostolicis
766 2143 893 2168 cautum
919 2143 965 2169 est
982 2135 1037 2168 nii-

286 2187 371 2222 nime
393 2187 509 2222 debere
532 2187 668 2228 obstare,
692 2195 721 2222 et
742 2188 811 2223 aliis
826 2188 1037 2235 quibuscum-

286 2254 356 2289 que.

335 2296 418 2331 Nulli
442 2309 518 2343 ergo
551 2304 602 2330 etc.

336 2349 368 2384 Si
393 2351 466 2398 quis
489 2359 593 2386 autem
622 2359 674 2385 etc.

337 2403 451 2439 Datum
476 2404 595 2440 Romae
618 2405 701 2452 apud
726 2406 878 2440 Sanctum
898 2405 1038 2448 Petrum,

288 2471 370 2493 auno
397 2459 627 2494 lucarnationis
655 2459 832 2494 dominicae
870 2460 1038 2495 millesimo

288 2513 602 2561 quadringentesimo
616 2514 879 2562 quinquagesimo
894 2514 1038 2561 septinm,

289 2579 336 2601 xii
379 2567 527 2603 kalendas
567 2568 639 2603 maii
658 2596 666 2613 7
697 2568 898 2616 pontificatus
941 2570 1037 2604 nostri

288 2635 370 2657 anno
393 2635 441 2658 ιιι.

312 2683 373 2714 Dat.
397 2684 442 2714 die
462 2684 499 2715 ΞΟ
521 2684 621 2724 aprilis
645 2685 727 2722 1457,
749 2685 850 2725 pontis.
875 2694 949 2714 :inno
971 2694 1010 2715 ιιι.

1081 285 1115 307 ιιι
1142 285 1189 307 ιϊ.
1704 274 1769 305 153

1414 339 1478 374 Vll.

1074 423 1368 467 Transfiqm‘ationis
1391 424 1497 466 festum
1514 423 1689 456 Salvatorts
1704 422 1817 465 vulqu-

1120 473 1192 505 rr'ler
1221 480 1429 517 nuttcupatwn
1458 484 1477 505 a
1494 472 1750 516 christifidelibus,
1767 483 1818 503 cn-

1120 523 1239 555 lendum
1263 523 1392 555 instituit
1414 533 1470 566 pro
1492 522 1541 553 die
1573 528 1658 553 sarta
1682 521 1819 564 augusti.

1121 572 1384 616 indulqenti'asque
1405 572 1567 615 elarqi'lur.

1337 649 1549 681 stntitAttttnt

1073 721 1259 752 l'rooetniuin.
1276 739 1314 744 —
1336 723 1358 751 l.
1379 721 1462 751 Ratio
1482 721 1571 751 liuius
1596 721 1771 751 festivitatis.
1788 738 1823 742 -

1112 768 1139 795 ξ).
1161 766 1322 795 Turcaruni
1350 767 1456 796 minae.
1484 783 1523 788 —
1546 765 1662 795 festum
1689 764 1822 794 Transti-

1112 811 1274 849 gurationis
1298 811 1345 840 die
1369 811 1386 839 ι’)
1406 811 1522 849 augusti
1546 811 1697 840 indicitur.
1720 827 1759 832 —
1777 810 1824 839 [li-

1112 856 1175 885 vina
1205 865 1258 894 ope
1281 855 1443 885 Turcaruin
1463 856 1607 885 exereitus
1645 855 1824 894 profligatur.

1111 899 1526 938 —QuadragintaTurearum
1545 900 1634 930 millia
1653 900 1824 931 caeduntur.

1112 949 1234 978 caeteris
1263 949 1290 977 in
1315 948 1413 987 sugam
1438 949 1521 978 actis.
1553 966 1590 971 —
1623 949 1741 978 Adriani
1766 950 1823 978 iin-

1112 993 1256 1034 peratoris
1291 1002 1369 1023 mors
1397 993 1504 1032 qualis.
1535 1010 1573 1015 —
1609 993 1635 1022 3.
1659 993 1823 1022 Gratiarum

1113 1039 1197 1069 actio.
1215 1055 1253 1059 —
1275 1038 1302 1067 4.
1326 1037 1529 1075 Indulgentiae
1553 1037 1766 1066 conceduntur
1789 1054 1827 1059 —

1112 1083 1138 1112 5.
1159 1082 1272 1112 Literae
1292 1081 1467 1120 apostolicae
1488 1081 1597 1121 ubique
1627 1081 1825 1120 publicantur.

1112 1144 1149 1148 —
1167 1127 1193 1156 o.
1214 1126 1332 1156 Sanctio
1356 1126 1499 1165 poenalis.

1123 1202 1256 1231 Callistus
1274 1202 1416 1238 opiscopus
1438 1208 1534 1230 servus
1560 1208 1699 1229 servorum
1717 1201 1773 1232 Dei.

1207 1252 1240 1280 ad
1269 1252 1431 1288 perpetuam
1461 1250 1501 1278 rei
1525 1250 1690 1279 memoriam.

1122 1330 1206 1364 Inter
1223 1328 1347 1363 (livinae
1361 1327 1581 1375 dispositionis
1605 1339 1729 1371 areana,
1744 1340 1822 1374 quar

1074 1378 1287 1414 inscrutabilis
1307 1378 1498 1426 providentia
1514 1377 1695 1412 Conditoris
1714 1378 1742 1411 in
1761 1379 1823 1411 lio—

1074 1429 1213 1464 minibus
1240 1436 1364 1475 operata
1388 1436 1454 1472 est,
1483 1427 1632 1461 liodierna
1663 1426 1823 1465 festivitas,

1074 1480 1103 1513 in
1127 1491 1188 1527 qua
1206 1477 1399 1525 Unigenitus
1421 1477 1477 1512 Dei
1496 1476 1596 1512 Filius
1615 1489 1670 1524 pro
1693 1476 1821 1511 humani

1073 1529 1199 1576 generis
1222 1528 1419 1575 reparatione
1447 1527 1553 1562 trabea
1590 1535 1714 1561 nostrae
1738 1539 1823 1561 mor-

1074 1578 1201 1614 talitatis
1221 1578 1361 1618 indutus,
1377 1577 1525 1612 claritatis
1546 1589 1620 1612 suae
1637 1576 1824 1611 divinitatis-

1074 1641 1135 1676 que
1158 1628 1329 1675 potentiam
1358 1627 1597 1671 demonstravit,
1620 1626 1766 1674 stupendi
1796 1636 1822 1661 et

1074 1677 1249 1713 admirandi
1270 1677 1360 1713 nobis
1374 1689 1435 1712 non
1461 1677 1586 1723 indigna
1602 1688 1694 1711 cansa
1709 1676 1824 1711 existit.

1075 1728 1153 1763 Nam
1176 1735 1206 1762 et
1244 1727 1268 1762 si
1303 1727 1444 1762 ciusdem
1475 1726 1700 1773 Redetnptoris
1728 1727 1824 1760 nostri

1077 1777 1234 1826 praeclara
1259 1777 1421 1833 miracula,
1446 1776 1641 1811 eruditncnta
1666 1775 1782 1823 pariter
1797 1786 1825 1810 et

1075 1827 1217 1883 exempla
1243 1839 1322 1875 pene
1351 1827 1513 1861 ἱιιιιιιιιιιιιι
1544 1826 1581 1860 ad
1607 1835 1742 1860 nostram
1767 1825 1825 1860 do-

1076 1879 1230 1917 ctrinam
1267 1885 1470 1924 nostramque
1516 1876 1655 1923 profecto
1693 1875 1824 1909 salutem

1076 1927 1156 1962 edita
1181 1905 1323 1962 oninium
1345 1927 1553 1961 admiratione
1577 1936 1671 1973 atque
1696 1937 1826 1960 venera-

1079 1978 1161 2012 tione
1176 1977 1362 2024 dignissima
1383 1977 1465 2017 sint;
1488 1975 1702 2011 admirandam
1724 1983 1825 2009 tamen

1077 2027 1220 2063 eiusdem
1256 2027 1426 2062 Salvator-is
1449 2026 1546 2061 nostri
1578 2025 1827 2071 transfiguratio-

1079 2091 1162 2117 nem,
1186 2077 1400 2123 singularibus
1416 2076 1594 2122 insignitam
1616 2075 1781 2123 mysteriis.
1796 2084 1825 2109 ct

1078 2128 1283 2162 sacramentis
1307 2126 1520 2161 ineffabilibus
1542 2133 1773 2169 coruscantem,
1790 2137 1826 2160 eo

1079 2178 1222 2212 devotius
1246 2190 1301 2225 pro
1326 2177 1543 2211 universorum
1567 2176 1666 2210 salutc
1686 2175 1825 2210 fidelium

1079 2240 1137 2262 nos
1152 2228 1296 2262 convenit
1316 2227 1488 2264 celebrare,
1510 2233 1605 2272 atque
1623 2225 1743 2260 devotis
1758 2226 1827 2260 ani-

1081 2278 1138 2312 mis
1152 2278 1200 2324 pia
1214 2277 1380 2312 dovotione
1395 2275 1544 2319 recolere,
1558 2287 1622 2323 quo
1639 2275 1826 2322 interipsius

1078 2327 1302 2374 Redemptoris
1323 2326 1498 2361 salutiferas
1519 2326 1659 2361 actiones
1682 2325 1757 2360 baec
1773 2337 1827 2359 ea—

1079 2377 1150 2412 dem
1180 2378 1353 2424 praesentis
1376 2377 1435 2411 diei
1453 2376 1530 2410 visio
1546 2375 1717 2422 redemptis
1740 2388 1827 2411 mor-

1080 2427 1194 2462 talibus
1218 2429 1247 2461 in
1264 2440 1322 2461 nna
1345 2426 1519 2473 eademque
1542 2438 1673 2472 persona
1695 2424 1827 2460 Deitatis

1081 2478 1251 2524 potentiani
1295 2485 1323 2511 et
1360 2489 1461 2511 ieram
1509 2475 1647 2510 bominis
1683 2482 1825 2510 naturam

1080 2527 1233 2562 ostendit:
1263 2540 1298 2561 ac.
1321 2527 1349 2560 ἰιι
1374 2525 1464 2560 nobis
1491 2525 1583 2564 fidei,
1606 2524 1671 2572 spei
1695 2533 1722 2559 et
1745 2524 1826 2559 clia—

1081 2577 1179 2612 ritatis
1202 2577 1282 2611 dona
1306 2576 1509 2615 confirmans
1524 2585 1668 2610 aeternae
1690 2574 1827 2609 beatitu-

1080 2627 1162 2662 dinis
1191 2625 1341 2673 praestitit
1366 2626 1556 2661 cautionem.
1581 2623 1665 2659 Haec
1680 2631 1727 2658 est
1742 2636 1825 2658 enim

1082 2677 1130 2712 illa
1153 2676 1276 2711 cunctis
1303 2675 1491 2711 christicolis
1531 2673 1703 2709 veneranda
1739 2672 1827 2708 festi-

1833 284 2012 309 An.t..tt57

1867 1341 1988 1362 Pruvmium
