2281 3251
132 261 181 288 Αη.
194 257 222 283 C.
245 257 308 284 tti77

141 1358 249 1380 Clausulas
260 1364 311 1385 prn-

128 1391 252 1410 servativae.

0 2141 18 2304 ,
138 2216 248 2242 Dei-ugano
259 2221 312 2236 con-

18 2260 20 2262 *
130 2250 248 2269 trax-torum.

0 2316 5 2324 .

2 2367 5 2374 i

0 2534 25 2742 affl
16 2499 18 2502 .

968 251 1017 271 Slx’
1027 250 1079 272 rtts
1102 249 1133 270 Μ’
1158 249 1203 270 ΙΨ.

1741 231 1805 263 ⁶251

326 309 386 342 sint
403 319 587 355 pauperum,
610 306 824 352 languentium
853 315 880 340 ct
909 307 1070 352 exposito-
1091 310 1094 327 '
1116 318 1180 337 rnni
1207 302 1277 336 totis
1300 300 1457 335 tenoribus
1479 298 1622 346 specialis
1649 305 1678 331 et
1713 309 1858 343 expressa

328 370 394 392 rum
415 357 590 397 infantium,
614 364 740 403 propter
756 355 825 396 boc,
842 355 945 390 adhuc
967 355 1073 389 viren-

328 418 383 448 tes,
406 415 467 442 tam
485 406 542 454 ipsi
565 417 766 441 successores
781 406 995 452 nostri,quam
1016 405 1068 452 qui

327 457 400 491 illud
425 458 453 491 in
470 456 687 491 commendam
708 455 755 490 vel
770 455 1070 490 administrationem

327 506 505 541 huiusmodi
525 505 675 552 recipient
690 513 719 539 et
735 506 933 540 consentient
955 504 1071 548 eidem,

326 556 547 603 omnipotentis
564 554 620 589 Dei
638 555 885 601 indignationem
902 555 1071 596 incurrcnt3

326 614 355 640 et
379 613 500 652 praeter
523 605 572 639 illa
591 633 598 644 ‚
625 617 705 651 qnae
734 605 939 651 permissione
967 605 1070 639 divina

327 655 356 689 in
380 656 438 690 lioc
460 655 586 690 saeculo
610 655 806 689 incommoda
831 663 992 701 propterea
1022 654 1072 688 in-

326 704 506 739 dubitanter
529 703 696 751 perferent,
718 704 757 738 de
775 704 868 738 buius
887 704 981 738 nostri
1007 711 1072 738 sta—

326 755 381 787 tnti
406 753 664 800 transgressione,
688 754 716 787 in
739 762 877 788 extremo
908 752 1071 788 tremendo

327 803 442 838 iudicio
464 811 494 837 et
515 802 657 837 districto
684 803 831 837 examine
854 803 988 842 animae,
1015 814 1072 836 ra-

326 853 441 887 tionem
471 852 601 886 reddere
637 853 827 887 tenebuntur
861 864 964 886 coram
995 851 1069 885 Deo.

325 902 416 944 Quod
451 902 533 936 enim
570 901 660 936 nobis
696 902 789 936 licere
821 914 881 935 non
926 901 1070 947 patimur,

326 951 443 985 eisdem
471 951 587 986 nostris
613 950 850 986 successoribus
884 951 1069 984 indicamus.

326 999 410 1035 Haec
429 1001 512 1035 enim
538 1001 643 1035 onmia
667 1000 873 1047 infrascripta,
888 1012 942 1046 per
956 999 1070 1033 viscera

328 1050 560 1084 misericordiae
574 1049 714 1084 eiusdem
725 1049 958 1096 Redemptoris,
970 1048 1070 1083 obser-

328 1100 388 1133 vari
413 1100 625 1146 iniungimns3
651 1108 681 1133 et
703 1098 939 1133 observantibus
960 1098 998 1131 sit
1015 1110 1070 1144 pax

327 1156 357 1183 et
378 1148 506 1183 dilectio
529 1149 558 1183 in
581 1149 695 1190 Deum3
724 1147 966 1194 infringentibus
1001 1159 1071 1181 vero

327 1210 364 1233 ex
386 1198 513 1239 malitia,
539 1198 619 1233 adsit
638 1198 684 1232 eis
706 1197 881 1244 indignatio
903 1208 1005 1244 usque
1033 1196 1069 1231 ad

326 1247 514 1293 condignam
539 1247 777 1294 poenitentiam.

374 1299 394 1344 5
416 1299 474 1331 21.
498 1297 709 1331 Decernentes
735 1305 765 1331 et
786 1295 979 1330 declarantes
1008 1307 1070 1329 no—

324 1354 405 1382 strae
433 1346 614 1382 intentionis
649 1358 737 1390 esse,
772 1357 829 1392 per
856 1356 1071 1392 quascumque

325 1396 474 1430 similium
499 1396 666 1441 gratiarnm
687 1403 717 1430 et
744 1395 935 1429 indultorum
960 1394 1069 1428 Eccle-

325 1445 379 1480 siis
399 1453 430 1480 et
451 1445 616 1492 quibusvis
642 1445 782 1491 collegiis
809 1457 863 1479 seu
899 1443 1071 1478 confrater-

326 1495 475 1529 nitatibus
493 1507 716 1529 concessorum
749 1493 912 1540 generales
935 1493 979 1527 vel
1000 1506 1073 1540 spe—

325 1544 420 1579 ciales
441 1545 678 1591 suspensiones,
706 1556 762 1591 per
792 1556 849 1578 nos
884 1543 931 1578 vel
955 1542 1070 1577 Sedern

326 1594 467 1629 eamdem
485 1595 636 1629 hactenus
663 1593 771 1638 saetas,
794 1593 852 1627 sub
875 1592 991 1639 quibus
1008 1592 1072 1627 for—

325 1656 379 1679 san
404 1652 582 1690 praesentes
611 1644 717 1678 literae
736 1652 765 1677 et
788 1644 818 1677 in
843 1642 905 1677 illis
927 1650 1071 1676 contenta

325 1693 443 1728 includi
460 1693 651 1734 viderentur,
666 1702 695 1727 et
708 1693 746 1728 de
758 1701 881 1728 caetero
903 1692 1072 1733 faciendas,

327 1751 505 1791 praesentes
533 1743 639 1777 literas
660 1751 690 1777 et
707 1743 828 1777 illarum
851 1742 995 1776 effectum
1011 1754 1071 1776 non

325 1793 487 1840 suspendi,
522 1801 552 1826 et
590 1793 620 1826 in
662 1792 722 1826 illis
757 1791 981 1839 comprehendi
1011 1804 1072 1825 non

326 1855 417 1889 posse
450 1851 501 1877 aut
531 1841 663 1883 debere;
686 1841 740 1876 sed
768 1842 872 1876 omnia
897 1841 925 1874 in
954 1841 1071 1876 eisdem

327 1892 423 1926 literis
456 1900 600 1926 contenta
630 1903 755 1938 semper
781 1899 811 1926 et
834 1891 1021 1926 inconcusse
1043 1891 1072 1923 in

326 1953 384 1976 suo
400 1940 511 1976 robore
529 1953 721 1988 permanere,
738 1953 771 1975 ac
791 1941 912 1975 irritum
926 1949 954 1974 et
971 1941 1072 1979 inane,

326 1991 349 2024 si
369 2003 462 2025 secus
483 2002 578 2037 super
597 1990 656 2030 tiis,
672 2003 686 2024 a
703 2002 874 2037 quoquam,
889 1990 996 2037 quavis
1017 2002 1071 2024 au-

326 2041 479 2084 ctoritate,
512 2039 646 2074 scienter
678 2040 724 2074 vel
757 2040 936 2086 ignoranter
969 2040 1074 2074 conti-

325 2094 404 2141 gerit
425 2094 580 2128 attentari.

374 2152 389 2192 ξ
411 2151 468 2183 22.
492 2148 561 2183 Non
584 2147 780 2183 obstantibus
799 2147 1074 2182 constitutionibus

326 2212 356 2238 et
382 2202 635 2238 ordinationibus
667 2214 702 2237 ac
737 2201 835 2236 literis
870 2201 1073 2248 apostolicis,

327 2269 449 2292 necnon
486 2257 659 2305 privilegiis
686 2264 715 2290 et
751 2254 883 2289 indultis
910 2255 1074 2302 quibusvis

328 2311 534 2359 hospitalibus
557 2323 591 2346 ac
612 2310 679 2345 aliis
698 2309 849 2344 Ecclesiis
871 2317 900 2344 et
920 2309 996 2344 locis
1010 2310 1073 2344 sive

327 2365 467 2413 collegiis
495 2374 523 2400 et
547 2364 853 2400 confraternitatibns
880 2375 936 2412 per
966 2376 1022 2398 nos
1044 2373 1072 2398 ct

326 2419 441 2454 Sedem
457 2419 600 2455 eamdem
618 2419 779 2454 concessis
804 2419 956 2453 hactenns
982 2426 1012 2452 et
1043 2419 1071 2452 in

328 2483 485 2521 posterum
510 2473 733 2517 concedendis,
755 2485 835 2520 quae
858 2472 930 2516 (illis
951 2473 1027 2507 alias
1042 2474 1072 2507 in

327 2541 385 2563 suo
407 2529 518 2564 robore
547 2529 786 2576 permansuris),
809 2536 965 2575 quatenus
983 2527 1072 2562 alicui

329 2584 571 2630 praemissorum
600 2583 834 2626 contrarIarent,
862 2582 965 2629 quoad
1002 2582 1073 2626 hoc,

329 2637 447 2673 viribus
474 2650 656 2679 vacuamus,
679 2637 799 2673 etiamsi
823 2636 861 2672 de
883 2636 945 2671 illis
963 2648 999 2672 ac
1021 2648 1073 2671 eo-

1116 370 1151 392 ac
1172 357 1211 391 dc
1240 356 1334 391 terlio
1349 355 1384 390 ad
1410 354 1537 388 verbnm
1567 351 1683 386 mentio
1706 350 1782 385 soret
1807 350 1863 384 lia-

1116 412 1229 451 bcnda,
1252 411 1444 457 caeterisque
1465 407 1627 443 contrariis
1654 406 1863 454 quibuscum-

1115 478 1187 512 que.
1211 465 1250 500 Et
1272 475 1302 500 ut
1329 463 1539 511 praesentium
1569 461 1727 495 literarum
1744 469 1773 494 ct
1792 471 1863 505 gra-

1115 521 1225 554 tiarnm
1246 529 1337 553 tenor
1361 518 1483 565 plenius
1504 515 1651 551 omnibns
1679 515 1864 549 innotescat.

1114 574 1261 608 volumus
1283 573 1367 620 quod
1384 572 1487 606 dictus
1508 578 1691 618 praeceptor
1715 579 1864 615 praesen-

1114 637 1158 662 tes
1191 628 1296 662 literas
1322 635 1351 661 et
1394 626 1514 660 illarum
1547 631 1777 669 transumptum
1805 634 1861 656 au-

1114 682 1291 717 thenticum
1308 683 1336 715 in
1355 681 1448 715 valiis
1463 680 1536 713 dicti
1554 677 1713 725 hospitalis
1735 675 1865 721 singulis

1112 737 1202 770 aunis
1221 736 1306 770 dicta
1331 734 1465 769 secunda
1488 734 1537 767 die
1555 731 1760 767 solemnitatis
1779 730 1864 764 Pen-

1113 798 1248 823 tecostes
1270 790 1352 834 affigi
1373 789 1472 822 facere
1495 796 1523 821 et
1546 786 1652 820 affixas
1668 795 1772 819 tenere
1801 783 1859 817 de-

1114 844 1182 877 beat
1210 852 1273 878 tota
1302 844 1362 876 die.

1161 898 1245 931 anli
1264 910 1337 942 ergo
1353 897 1483 931 omnino
1507 895 1670 929 liominum
1695 894 1785 928 liceat
1810 901 1862 927 ecc.

1164 952 1275 986 Datum
1294 952 1412 985 Romae
1434 949 1517 996 apud
1542 949 1694 983 Sanctum
1719 947 1862 985 Petrum,

1113 1019 1194 1040 anno
1234 1004 1459 1040 incarnationis
1489 1002 1666 1037 dominicae
1695 1001 1862 1035 millesimo

1112 1060 1423 1108 quadringentesimo
1455 1057 1689 1104 septuagesimo
1717 1056 1863 1102 septimo,

1114 1126 1161 1147 xii
1197 1113 1345 1147 kalendas
1380 1111 1498 1159 aprilis,
1537 1110 1736 1157 pontificatus
1766 1108 1861 1143 nostri

1113 1180 1194 1201 anno
1224 1179 1267 1201 vr

1145 1228 1206 1258 Dat.
1225 1228 1271 1258 die
1287 1227 1320 1257 21
1343 1226 1439 1257 martii
1457 1227 1542 1263 1477,
1563 1225 1666 1264 pontis.
1684 1234 1761 1254 anno
1790 1232 1827 1254 vl.

1406 1346 1493 1380 xvn
1514 1348 1568 1390 (i).

1115 1421 1275 1454 Innovatio
1299 1421 1416 1464 colleqit'
1435 1419 1681 1452 abbreviatorum
1705 1418 1864 1450 literarum

1162 1475 1418 1519 apostolicarum,
1445 1485 1512 1506 cum
1535 1473 1740 1516 assiqnatione
1762 1471 1865 1504 indul-

1163 1536 1262 1562 torum
1285 1535 1310 1562 et
1337 1529 1618 1561 emolumentorum.

1388 1596 1600 1628 SttatnAtttUn

1116 1653 1305 1683 Prooemium.
1329 1670 1366 1674 —
1394 1654 1417 1682 l.
1442 1652 1524 1681 Pauli
1547 1651 1569 1680 ll
1589 1651 1624 1680 de
1652 1650 1865 1680 abbreviatori-

1155 1698 1210 1727 bus
1234 1698 1457 1737 dispositiones.
1481 1713 1519 1718 —
1537 1696 1563 1725 ⁹2.
1583 1695 1634 1725 llic
1653 1700 1748 1725 autem
1770 1694 1866 1724 Ponti-

1157 1743 1212 1779 fex,
1232 1747 1296 1781 post
1315 1743 1379 1771 eius
1398 1741 1433 1771 ad
1457 1741 1658 1779 pontificatum
1681 1740 1866 1775 electionem,

1155 1787 1255 1816 eadem
1283 1785 1480 1816 emolumenta
1511 1785 1568 1814 alio
1591 1785 1677 1814 modo
1706 1783 1866 1814 distribuit.

1154 1847 1192 1852 —
1214 1831 1241 1860 3.
1267 1830 1333 1867 Sed,
1355 1829 1391 1859 ob
1411 1829 1608 1868 pestilentiam
1629 1833 1656 1858 et
1675 1828 1760 1864 bella,
1780 1828 1867 1857 dimi-

1154 1880 1223 1904 nuta
1252 1874 1370 1904 suerunt
1392 1874 1589 1903 emolumenta
1622 1873 1866 1907 abbreviatorum,

1156 1925 1183 1949 et
1202 1919 1309 1949 solutio
1329 1920 1405 1948 iuxta
1430 1919 1536 1948 dictam
1557 1918 1794 1948 distributionem
1813 1918 1867 1946 ini-

1155 1965 1233 1993 nime
1253 1964 1417 1993 executioni
1437 1963 1611 1993 demandata
1635 1963 1699 1991 suit.
1718 1962 1798 1991 -4,
1815 1961 1865 1991 llic

1155 2009 1219 2038 ideo
1242 2007 1322 2037 Pont.
1354 2012 1461 2037 statum
1485 2008 1601 2045 collegii
1629 2007 1865 2036 abbreviatorum

1156 2053 1283 2089 innovat,
1310 2061 1375 2081 cuni
1403 2051 1636 2081 ordinationibus
1660 2051 1866 2090 infrascriptis.

1153 2115 1192 2120 —-
1206 2099 1232 2127 5.
1253 2097 1478 2127 Abbreviatores
1502 2097 1560 2125 sint
1578 2104 1699 2124 numero
1721 2095 1766 2124 72.
1781 2111 1820 2116 —-—
1838 2095 1865 2124 6.

1154 2141 1253 2172 Officia
1273 2143 1403 2180 ipsorum
1421 2140 1618 2178 compatibilia
1639 2141 1697 2168 sint
1713 2148 1779 2168 cum
1800 2139 1866 2168 aliis

1154 2186 1257 2216 Curiae
1280 2186 1393 2216 officiis.
1419 2203 1458 2207 —
1497 2186 1521 2214 7.
1546 2184 1632 2214 Probi
1668 2184 1720 2213 viri
1750 2184 1865 2222 eligan-

1155 2236 1202 2261 tur
1237 2231 1266 2261 in
1303 2231 1532 2260 abbreviatores.
1570 2245 1607 2252 —-
1642 2229 1668 2258 8.
1705 2228 1841 2258 Habitum
1860 2252 1866 2261 ,

1155 2281 1240 2316 prout
1265 2277 1422 2315 scriptores
1445 2274 1619 2313 apostolici,
1639 2273 1780 2303 deserant.
1811 2273 1866 2302 Ad-

1155 2322 1306 2351 mittantur
1335 2320 1563 2355 abbreviatores‚
1585 2319 1679 2358 primo
1702 2318 1737 2348 ad
1767 2318 1864 2347 mino-

1154 2375 1226 2403 rem,
1249 2370 1347 2406 postea
1371 2365 1406 2394 atl
1434 2364 1572 2393 maiorem
1602 2371 1734 2402 parrum,
1767 2367 1863 2391 extra-

1154 2412 1220 2440 neis
1257 2411 1396 2440 exclusis.
1433 2426 1472 2431 —-
1509 2409 1537 2438 9.
1580 2408 1782 2437 Emolumenta
1821 2407 1864 2436 eis

1156 2456 1353 2494 assignantur.
1386 2471 1424 2476 —
1452 2452 1715 2491 =10.Exigendique
1744 2451 1862 2481 modum

1154 2501 1289 2541 praefinit
1304 2500 1385 2529 Pont.
1408 2516 1447 2521 -
1472 2499 1517 2527 ll.
1536 2497 1774 2527 Distributionein
1792 2504 1864 2534 qno-

1154 2555 1211 2585 que
1237 2544 1406 2575 eorumdem
1437 2543 1702 2572 emolumentorum
1722 2541 1862 2571 decernit.

1150 2607 1189 2642 (1)
1215 2607 1283 2633 Haec
1309 2605 1377 2632 bulla
1403 2605 1453 2632 snb
1474 2613 1546 2631 num.
1575 2612 1621 2630 xix
1645 2604 1668 2630 in
1694 2603 1771 2630 Rom.
1791 2603 1860 2630 Edit.

1115 2648 1226 2675 habetur
1247 2647 1285 2683 (a.
1302 2646 1349 2682 r.).

1879 239 1927 265 An.
1944 238 1973 265 C.
1995 238 2060 265 tti78
