2281 3251
230 264 280 290 Aa.
297 262 326 288 C.
346 259 414 288 ¹n76

238 713 259 733 Et
275 714 415 733 cornmumndr

231 746 362 765 restituitou
378 745 417 764 de-

231 776 285 796 brias
315 780 393 802 person
383 776 414 795 uis

232 810 328 827 incutit.

234 1257 421 1278 Prohibitiotran-

235 1289 308 1309 usundi
326 1288 350 1308 ad
366 1288 419 1308 alios

233 1319 324 1341 Ordines
341 1319 380 1345 (Ξ).

478 251 551 284 242

429 328 501 352 nem
517 324 611 364 atque
624 324 829 362 augmentum
848 315 990 351 tendunt.
1006 314 1184 350 statuimus

429 378 506 413 ergo
527 378 563 401 ac
580 365 910 400 similiterordinamus
933 373 965 399 ut
983 376 1106 405 omnes,
1128 365 1181 412 qui

430 424 535 451 votum
582 415 768 462 simpliciter
812 413 1009 461 ingrediendi
1048 414 1182 461 aliquam

429 465 521 501 aliam
542 465 753 511 Religionem,
766 465 860 499 etiam
877 464 1057 502 arctiorem.
1073 464 1183 498 emise-

431 515 550 556 rint,ad
565 515 841 561 congregationem
857 522 884 547 et
895 513 1047 547 Ordinem
1061 514 1186 560 praesa-—

431 573 511 609 tum,
526 565 715 610 illorumque
732 562 958 610 professionem
974 562 1071 597 libere
1087 571 1116 596 et
1141 562 1185 596 li-

431 614 492 649 cite
516 613 650 660 ingredi,
664 613 740 647 inibi
760 612 856 659 recipi
871 620 900 646 et
915 612 1036 646 admitti
1053 612 1184 646 valeant.

480 663 500 710 g
527 665 584 698 50.
609 662 647 697 Et
664 663 734 708 quia
751 662 855 696 forsan
885 661 1026 696 nonnulli
1050 673 1185 707 congre-

431 713 565 760 gationis
600 720 630 746 et
663 711 796 746 Ordinis
824 710 1006 745 huiusmodi
1044 711 1184 745 habitum

432 764 631 817 assumere(l
642 765 664 805 ),
678 760 809 795 diversis
823 760 978 807 personis,
994 772 1074 807 quae
1097 761 1187 806 igno-

433 812 492 846 rari
519 820 549 846 et
572 822 633 845 non
658 810 788 857 reperiri
816 818 963 856 possent,
979 810 1009 843 in
1028 810 1188 857 aliquibus

433 860 527 896 rebus
553 872 608 895 seu
632 859 723 894 bonis
753 859 882 894 obnoxii
911 867 1030 900 essent
1065 859 1185 894 eisdem

433 910 560 951 rectori,
585 908 744 956 prioribus
773 921 808 944 ac
830 920 939 943 eorum
963 908 1047 944 vices
1072 921 1188 955 geren-

433 959 519 994 tibus
544 958 751 994 concedimus
774 965 806 992 ut
830 958 972 1004 ipsorum
996 958 1125 1004 singuli,
1157 959 1186 992 in

433 1009 510 1044 locis
538 1007 597 1043 sibi
621 1007 822 1048 commissis,
860 1006 942 1042 bona
975 1007 1040 1054 ipsa
1065 1008 1095 1041 in
1121 1008 1189 1054 pios

434 1070 509 1093 usus
536 1057 633 1092 libere
675 1069 710 1091 ac
738 1057 820 1091 licite
848 1065 1032 1091 convertere
1055 1057 1187 1104 possint,

433 1115 538 1155 prout,
563 1106 741 1142 secundum
765 1105 880 1150 Deum,
904 1105 1018 1141 melius
1052 1106 1187 1141 viderint

432 1157 591 1205 expedire.

482 1207 502 1253 g
524 1209 581 1240 51.
611 1204 786 1252 Cupientes
809 1217 881 1239 vero
908 1205 1186 1252 congregationem

435 1241 602 1292 eamdem
596 1267 625 1289 in
658 1267 716 1289 suo
731 1254 849 1290 salubri
878 1262 961 1289 statu
985 1254 1187 1301 multiplicari

435 1315 465 1342 et
483 1304 674 1348 conservari,
697 1305 867 1339 statuimus
889 1304 1006 1350 pariter
1024 1316 1060 1339 ac
1076 1304 1188 1339 decer-

436 1356 543 1390 nimus
569 1353 653 1401 quod
682 1353 721 1388 de
743 1362 860 1393 cetero,
881 1354 1045 1400 perpetuis
1074 1353 1189 1388 futuris

411 1401 655 1451 ‘temporibus,
689 1402 796 1437 nullus
823 1414 860 1436 ex
893 1402 984 1437 dictis
1016 1403 1187 1443 canonicis

436 1452 670 1507 praesentibus.
672 1460 702 1487 et
721 1451 846 1495 futuris,
862 1460 1001 1486 transeat
1017 1452 1056 1487 de
1082 1452 1188 1499 aliquo

435 1501 691 1558 congregationis
719 1509 748 1536 et
770 1500 901 1535 Ordinis
915 1501 1096 1536 huiusmodi
1114 1514 1189 1536 mo-

437 1553 574 1588 nasterio
597 1552 662 1586 sive
683 1550 753 1586 loco
773 1550 809 1584 ad
826 1550 952 1597 aliquod
974 1550 1058 1585 aliud
1082 1550 1186 1586 Sancti

436 1601 611 1640 Benedicti
648 1600 678 1634 in
714 1612 777 1647 quo
810 1599 963 1646 regularis
991 1612 1052 1634 non
1089 1600 1188 1646 rigeat

435 1650 631 1686 observantia
650 1677 657 1691 ,
685 1662 741 1684 seu
770 1648 878 1684 Sancti
901 1649 1070 1695 Augustini
1096 1661 1188 1696 prae-

435 1700 511 1736 dicti
527 1699 574 1734 vel
588 1699 716 1734 alterius
733 1698 964 1745 cuiuscumque
979 1698 1111 1734 Ordinis
1124 1711 1187 1733 mo-

436 1749 606 1785 nasterium
628 1749 692 1783 sive
711 1748 920 1783 monasticum
941 1748 1059 1792 locum,
1082 1748 1188 1794 vigore

436 1800 670 1845 cuiuscumque
694 1798 925 1835 concessionis,
959 1797 1107 1832 licentiae
1130 1810 1186 1833 seu

435 1848 616 1892 facultatis,
648 1847 740 1882 etiam
776 1858 831 1893 per
853 1848 1041 1894 apostolicas
1068 1847 1186 1887 literas

434 1910 496 1933 non
514 1897 666 1933 facientes
686 1896 809 1944 plenam
833 1906 864 1932 et
886 1908 1065 1942 expressam
1095 1908 1131 1931 ac
1150 1897 1187 1932 de

434 1947 530 1982 verbo
555 1946 594 1981 ad
619 1946 748 1981 verbum
768 1945 807 1980 de
837 1945 996 1980 voluntate
1018 1958 1054 1981 ac
1070 1954 1187 1984 statuto

434 1996 615 2032 huiusmodi
631 1996 836 2040 mentionem,
852 1995 1016 2042 quibusvis
1030 1995 1186 2042 personis,

433 2046 666 2093 cuiuscumque
679 2045 807 2093 gradus,
831 2054 930 2080 status
947 2054 976 2079 et
995 2045 1187 2080 conditionis

433 2096 587 2137 existant;
623 2108 692 2136 nec,
713 2103 874 2142 praetextu
910 2094 1043 2129 alicuius
1078 2094 1187 2139 oflicii,

433 2146 526 2180 etiam
537 2145 773 2193 cappellanatus
787 2146 1020 2191 cuiuscumque
1044 2144 1186 2191 praelati,

434 2195 664 2250 cuiuscumque
682 2202 781 2229 status
796 2203 825 2229 et
847 2194 1039 2229 conditionis
1059 2194 1186 2235 suerint,

435 2245 555 2280 etiamsi
581 2244 780 2292 patriarchili
804 2243 852 2278 iel
868 2243 1080 2279 cardinalatus
1096 2256 1187 2291 prae-

437 2295 573 2341 fulgeant
589 2295 742 2351 dignitate
761 2303 790 2329 et
810 2294 941 2338 honore,
954 2293 1014 2327 sub
1029 2305 1186 2349 quacum-

434 2359 496 2394 que
517 2346 723 2393 expressione
755 2346 784 2378 in
808 2355 924 2391 genere
951 2344 999 2378 iel
1029 2344 1058 2377 in
1079 2346 1187 2390 specie

434 2408 602 2431 concessas
611 2403 664 2430 aut
681 2395 798 2430 forsan
794 2407 824 2429 in
836 2402 996 2442 posterum
1007 2395 1145 2429 concede
1141 2407 1187 2427 ·n-

434 2444 1187 2493 das;quodquenullusalteriusmonasteriisirc

435 2496 492 2531 loci
519 2496 688 2543 praelatus,
710 2503 762 2529 aut
790 2495 869 2529 alius
891 2494 1085 2542 quicumque
1108 2494 1135 2527 in
1151 2505 1188 2529 eo

434 2546 570 2593 aliquem
589 2545 815 2580 canonicorum
841 2544 1055 2591 praesentium
1085 2551 1114 2578 et
1139 2544 1187 2577 su-

470 2619 492 2653 (t
500 2618 509 2653 )
517 2617 675 2645 Addendum
684 2616 771 2643 forsan
781 2618 890 2642 calcum
899 2616 940 2643 vel
952 2618 1083 2648 cupientes
1091 2614 1127 2650 (n.
1138 2623 1162 2641 τ.
1170 2618 1186 2644 ι.

470 2659 508 2691 (9)
527 2658 590 2685 Vide
610 2657 728 2684 eamdem
747 2657 857 2683 constit.
879 2657 913 2683 l'ii
931 2656 962 2688 V,
983 2664 1055 2683 nuni.
1074 2663 1172 2682 xxmx.

1048 260 1233 283 anLAle
1257 260 1417 284 ROMANCM

1227 323 1366 350 turorum
1383 315 1566 350 eorumdem
1595 315 1624 348 in
1642 315 1831 350 monasteria
1850 316 1978 361 recipiat

1227 364 1273 399 vel
1283 364 1507 409 admittat,sub
1521 364 1856 399 excommunicationis
1867 375 1979 411 poena.

1227 426 1320 460 quam
1350 424 1411 449 tam
1436 414 1552 460 recepti
1589 425 1683 461 quam
1714 414 1903 461 recipientes
1919 413 1980 448 liu-

1228 463 1362 498 iusruodi
1394 476 1449 510 pro
1473 472 1614 511 tempore
1641 475 1678 498 eo
1708 463 1775 509 ipso
1810 464 1980 501 incurrant,

1227 514 1253 547 si
1277 512 1428 548 admoniti
1464 524 1526 547 non
1553 512 1742 553 destiterint;
1761 521 1790 547 et
1819 524 1913 559 quam
1942 524 1979 546 ex

1230 574 1313 596 nuuc
1326 570 1434 597 contra
1446 561 1622 609 quemlibet
1636 570 1901 608 transgressorem
1914 574 1983 608 pro-

1230 611 1256 646 st
1251 623 1370 651 rimus
1385 620 1440 646 eta
1456 623 1518 658 qua
1535 623 1550 645 a
1567 611 1655 646 nullo
1670 611 1744 666 alio,
1761 620 1980 665 praeterquam

1229 672 1244 695 a
1267 660 1412 695 Romano
1435 660 1603 700 Pontifice,
1628 661 1688 695 nisi
1718 660 1748 695 in
1777 660 1887 695 mortis
1908 660 1983 694 arti-

1230 710 1314 754 culo,
1329 709 1447 744 absolvi
1471 711 1607 757 possint,
1629 710 1748 756 absque
1771 709 1902 744 rectoris
1922 721 1985 744 ma-

1231 760 1304 794 ioris
1332 769 1361 794 et
1376 759 1503 794 alterius
1517 771 1554 794 ex
1569 759 1696 794 duobus
1717 758 1846 794 Ordinis
1861 768 1891 794 et
1906 771 1984 793 con-

1229 809 1423 855 gregationis
1458 808 1639 844 huiusmodi
1675 807 1890 843 visitatoribus
1929 821 1984 854 pro

1231 868 1374 905 tempore
1389 858 1600 893 existentibus
1615 858 1739 892 licentia
1754 857 1896 904 speciali.
1915 857 1986 892 De-

1230 916 1399 943 cernentes
1417 907 1538 942 irritum
1554 916 1585 942 et
1599 908 1691 942 inane
1708 906 1859 954 quicquid
1876 914 1984 941 contra

1232 957 1402 1004 praemissa
1426 969 1482 1004 per
1494 968 1726 1004 quoscumque,
1748 956 1860 1004 quavis
1881 965 1986 991 aucto-

1231 1007 1331 1048 ritate,
1359 1007 1496 1042 scienter
1533 1006 1578 1041 vel
1603 1007 1785 1053 ignoranter
1816 1005 1984 1052 contigerit

1230 1056 1388 1091 attentari.

1279 1105 1300 1152 S
1327 1108 1384 1140 32
1410 1104 1558 1152 Cumque
1581 1105 1796 1152 acceperimus
1817 1112 1848 1139 et
1870 1104 1984 1150 reipsa

1231 1155 1449 1197 didicerimus,
1476 1155 1751 1201 congregationem
1786 1154 1820 1189 S.
1846 1153 1963 1188 lustina

1232 1255 1268 1289 lis
1296 1253 1448 1288 Romanis
1462 1253 1671 1288 Pontificibus
1687 1252 1984 1300 praedecessoribus

1232 1303 1359 1347 nostris,
1386 1315 1481 1350 quam
1509 1302 1655 1350 pluribus
1673 1302 1870 1349 dignissimis
1889 1302 1984 1349 privi-

1231 1353 1333 1399 legiis,
1349 1352 1481 1388 indultis
1503 1361 1533 1387 et
1554 1352 1663 1399 gratiis
1678 1352 1856 1387 decoratam
1875 1352 1985 1395 fuisse,

1231 1411 1260 1437 et
1283 1414 1471 1437 censeamus
1487 1402 1764 1449 congregationem
1781 1400 1985 1437 Lateranen—

1231 1464 1296 1486 sem
1320 1451 1442 1486 meritis
1455 1459 1485 1486 et
1500 1451 1670 1486 virtutibus
1691 1451 1758 1486 suis
1775 1462 1838 1485 non
1863 1450 1985 1486 minora

1233 1502 1418 1556 promereri,
1447 1501 1583 1535 maxime
1619 1501 1671 1535 ubi
1695 1513 1774 1547 quos
1810 1512 1867 1547 par
1898 1499 1986 1534 labor

1231 1551 1406 1597 coniungit,
1422 1550 1506 1597 paria
1523 1562 1650 1597 quoque
1674 1550 1835 1597 privilegia
1856 1549 1987 1585 coniun-

1230 1612 1304 1646 gere
1332 1599 1469 1644 debent,
1496 1599 1600 1634 eidem
1637 1599 1875 1646 congregationi
1890 1599 1986 1634 Late-

1232 1661 1339 1684 ranen.
1363 1650 1456 1684 etiam
1472 1649 1679 1684 concedimus
1699 1657 1731 1683 ut
1752 1649 1901 1684 omnibus
1927 1648 1988 1695 pri-

1232 1698 1370 1744 vilegiiS,
1399 1699 1524 1745 gratiis,
1551 1697 1722 1743 favoribus,
1746 1697 1898 1742 indultis,
1925 1705 1986 1732 tam

1230 1748 1450 1795 spiritualibus
1481 1760 1576 1795 quam
1618 1747 1861 1794 temporalibus,
1883 1759 1899 1782 a
1926 1745 1988 1782 Ro-

1231 1798 1332 1833 manis
1361 1796 1572 1833 Pontificibus
1600 1797 1900 1845 praedecessoribus
1928 1807 1987 1831 no-

1230 1847 1314 1888 stris,
1335 1859 1389 1882 seu
1412 1847 1487 1881 alias
1506 1846 1609 1881 eidem
1633 1847 1870 1894 congregationi
1887 1845 1921 1881 S.
1937 1845 1987 1880 Iu-

1230 1896 1329 1931 stinae
1352 1897 1524 1940 concessis,
1548 1896 1614 1943 ipsa
1636 1907 1765 1943 quoque
1777 1895 1986 1943 congregatio

1230 1945 1417 1981 Lateranen.
1441 1945 1650 1992 pariformiter
1678 1945 1770 1993 potiri
1798 1953 1828 1980 et
1849 1944 1986 1992 gaudere

1230 1995 1328 2041 possit
1356 2003 1386 2030 et
1408 1995 1520 2039 valeat,
1543 1995 1663 2050 absque
1687 1995 1747 2029 ulla
1777 2007 1906 2042 prorsus
1930 1993 1988 2029 dis-

1230 2043 1372 2089 serentia,
1401 2045 1532 2092 perinde
1554 2056 1590 2079 ac
1614 2045 1639 2078 si
1664 2056 1698 2079 ea
1722 2043 1826 2080 dictae
1848 2055 1985 2091 congre-

1229 2094 1346 2149 gationi
1369 2094 1557 2129 Lateranen.
1575 2093 1757 2140 specialiter
1784 2101 1814 2129 et
1838 2094 1984 2129 nomina-

1231 2144 1283 2178 tim
1307 2156 1456 2179 concessa
1473 2144 1618 2187 luissent,
1637 2155 1772 2191 quorum
1790 2152 1914 2178 tenores
1935 2143 1985 2178 liic

1231 2206 1286 2241 pio
1309 2194 1501 2228 sufficienter
1524 2194 1683 2240 expressis
1698 2193 1804 2228 habiri
1826 2193 1983 2230 volumus

1230 2251 1258 2277 et
1283 2256 1343 2278 non
1368 2255 1459 2278 secus
1481 2255 1516 2278 ac
1539 2243 1564 2278 si
1590 2243 1810 2290 praesentibus
1832 2242 1871 2277 de
1887 2243 1983 2278 verbo

1229 2292 1266 2327 ad
1296 2293 1427 2327 terbum
1452 2293 1567 2328 inserta
1588 2292 1700 2332 forent,
1717 2304 1796 2339 quae
1820 2292 1856 2326 ad
1882 2293 1981 2338 ipsam

1230 2343 1506 2389 congregationem
1525 2342 1768 2377 Lateranensem
1786 2342 1926 2386 extendi,
1948 2354 1982 2376 a(-

1231 2392 1313 2427 illam
1339 2393 1403 2440 pari
1424 2392 1520 2428 modo
1538 2391 1814 2439 comprehendere
1837 2391 1983 2426 volumus

1230 2455 1265 2476 ac
1284 2443 1496 2477 decernimus.

1280 2492 1299 2539 g
1322 2495 1379 2526 55.
1417 2492 1576 2537 Quodque
1604 2492 1662 2538 ipsi
1699 2491 1842 2526 canonici
1879 2490 1982 2526 officio
1997 2501 2105 2555 dtmogua
2122 2508 2184 2554 μέν,

2012 2540 2058 2555 leun
2075 2540 2080 2553 1
2095 2539 2132 2555 '01'
2148 2540 2181 2555 11Ιῆ

1998 2565 2025 2585 De
2016 2567 2034 2586 ei
2051 2565 2076 2589 ζζ1

1232 2542 1431 2589 praedicindi
1446 2541 1575 2575 verbum
1593 2541 1649 2575 Dei
1665 2541 1706 2575 uti
1724 2542 1858 2588 possint,
1870 2553 1982 2588 quem-

1231 2592 1404 2626 admodum
1429 2589 1576 2626 l'ratribus
1603 2590 1857 2626 praedicatorum
1877 2600 1907 2626 et
1923 2590 1982 2625 Mi-

1267 2655 1307 2688 tt)
1326 2653 1442 2689 intellige
1460 2654 1533 2681 iuxta
1555 2652 1645 2680 Const.
1665 2661 1726 2679 xxii
1743 2652 1836 2679 Leonis
1852 2652 1887 2679 X.

1996 262 2045 289 An.
2063 261 2092 288 C.
2112 260 2179 287 11176

2018 1118 2184 1138 Commutato-tto
2235 1137 2239 1139 .
2252 1115 2260 1150 Σ

1966 1165 1984 1188 e
2000 1156 2034 1176 gr
2032 1150 2067 1169 tia
2056 1154 2114 1170 arum
2130 1153 2186 1169 cou-

1999 1184 2175 1205 censarnmeong

1231 1204 1270 1240 de
1289 1204 1408 1248 Padua,
1427 1204 1562 1239 Ordinis
1577 1204 1610 1239 S.
1627 1203 1804 1248 Benedicti,
1816 1216 1831 1238 a
1846 1203 1984 1238 nonnul·
1998 1211 2019 1233 s
2035 1211 2068 1232 1ιιι
2071 1213 2113 1231 ιιι·
2116 1216 2136 1231 e
