2281 3251
256 281 306 308 An.
327 280 355 307 C.
370 280 436 308 15¹6

499 264 568 299 666
1021 268 1207 292 aurearum
1236 267 1396 291 nonaum
2005 266 2054 293 Αη,
2071 265 2102 293 c,
2121 267 2187 295 ¹516

451 331 497 367 vel
522 330 666 378 precihus
690 342 741 376 per
763 340 795 362 se
822 326 866 361 vel
896 338 950 374 per
971 324 1066 359 alium
1097 324 1195 358 inter-

452 382 571 429 positis,
599 380 783 415 electionem
808 387 974 424 procurare
997 373 1194 413 didicissent,

451 432 565 477 eligere
587 438 697 477 sponte
720 429 867 470 iurarent,
895 426 1104 459 iuramentum
1128 423 1194 457 hu—

452 480 585 516 iusmodi
610 492 670 514 non
703 484 874 516 servarenn
901 475 969 519 sed,
991 482 1098 509 contra
1123 485 1194 519 pro-

451 532 551 579 prium
575 527 753 564 huiusmodi
778 527 999 568 iuramentum,
1022 524 1052 558 in
1072 523 1194 558 animae

450 593 524 616 suae
548 578 772 627 praeiudicium
796 576 950 619 venirent,
973 582 1005 608 ut
1024 573 1115 609 nobis
1137 584 1194 607 no-

451 630 526 665 torie
549 636 670 664 constat
692 640 730 662 cx
752 626 870 662 crebris
897 623 1149 660 absolutionibus
1164 631 1194 658 et

451 677 756 715 rehabilitationibus
783 688 797 711 a
829 675 920 710 uobis
947 683 977 709 et
1001 673 1194 721 praedeces-

449 729 572 765 soribus
595 728 710 763 nostris
744 726 848 774 petitis
874 733 905 761 et
932 723 1085 765 obtentis,
1110 722 1192 758 idem

449 779 635 815 Franciscus
670 789 721 812 rex
751 776 865 811 nostris
893 775 1031 822 paternis
1054 773 1194 818 monitis,

450 839 606 876 tamquam
637 839 727 862 verus
749 826 946 861 obedientiae
969 823 1064 869 filius,
1087 835 1194 870 parere

450 879 568 919 volens,
588 887 647 913 tam
672 889 727 924 pro
750 876 831 911 hono
853 874 1063 917 obedientiae,
1079 874 1108 908 in
1132 885 1194 920 qua

451 940 596 975 magnum
631 927 775 961 meritum
811 937 881 960 vere
915 925 1076 963 consistit,
1099 935 1193 970 quam

451 990 506 1025 pro
524 977 721 1012 communiet
740 975 863 1023 publica
877 974 963 1021 regni
980 975 1027 1008 sui
1049 973 1194 1017 utilitate,

452 1030 481 1062 in
510 1027 613 1062 locum
630 1026 729 1061 dictae
746 1025 955 1072 pragmaticae
970 1023 1144 1059 sanctionis
1159 1035 1195 1058 ac

451 1078 645 1124 singulorum
669 1075 875 1123 capitulorum
905 1075 935 1108 in
963 1086 997 1108 ea
1031 1081 1195 1109 contento-

452 1140 541 1169 rum,
559 1127 800 1162 constitutiones
827 1124 1039 1171 infrascriptas
1062 1123 1194 1157 invicem

454 1185 598 1212 tractatas
616 1184 646 1211 et
667 1174 901 1210 cumfratribus
921 1174 1035 1208 nostris
1051 1173 1084 1208 S.
1101 1172 1140 1207 R.
1156 1172 1194 1207 E.

452 1226 662 1262 cardinalibus
684 1225 850 1271 diligenter
875 1224 1078 1268 examinatas,
1105 1231 1134 1257 et
1157 1223 1196 1257 de

452 1288 558 1311 eorum
584 1275 715 1310 consilio
730 1287 800 1309 cum
818 1274 954 1321 praefato
971 1285 1043 1319 rege
1065 1284 1196 1308 concor-

451 1326 549 1369 datas,
561 1326 771 1372 perdilectum
786 1324 881 1358 filium
897 1324 1069 1370 Rogerium
1086 1322 1197 1358 Earnae

451 1388 513 1423 reg.
537 1376 742 1418 advocatum,
765 1383 918 1410 oratorem
947 1386 1053 1417 suum,
1076 1373 1113 1408 ad
1138 1373 1196 1407 hoc

450 1426 488 1460 ab
516 1425 624 1460 eodem
661 1424 828 1459 Francisco
851 1436 923 1471 rege
952 1424 988 1458 ad
1014 1436 1070 1458 nos
1097 1422 1197 1457 desti-

450 1483 570 1514 natum,
599 1474 765 1509 habentem
789 1475 825 1508 ad
854 1474 913 1509 hoc
936 1473 1070 1520 speciale
1088 1481 1118 1507 et
1136 1472 1198 1507 sus-

451 1524 558 1559 ficiens
586 1524 984 1571 mandatnm,acceptavit;
1008 1523 1046 1557 dc
1070 1535 1197 1558 eorum-

450 1574 520 1609 dem
536 1574 664 1610 fratrum
681 1574 812 1610 consilio
828 1583 855 1608 et
872 1574 1010 1608 unanimi
1027 1585 1196 1617 consensu,

450 1636 486 1659 ex
509 1635 591 1660 certa
615 1633 717 1660 nostra
745 1624 873 1658 scientia
896 1632 925 1658 et
953 1623 1116 1671 potestatis
1131 1623 1197 1670 ple-

450 1675 592 1710 nitudine
613 1675 780 1709 statuimus
800 1682 830 1708 et
851 1674 1036 1708 ordinamus
1057 1673 1141 1720 quod
1158 1672 1197 1708 de

451 1733 584 1768 caetero,
601 1725 761 1772 perpetuis
776 1724 889 1758 suturis
902 1723 1110 1770 temporibus,
1128 1722 1197 1758 loco

450 1773 550 1809 dictae
571 1776 778 1822 pragmaticae
809 1774 1044 1809 constitutionis
1070 1785 1106 1808 ac
1128 1785 1198 1808 om—

451 1824 538 1858 nium
573 1833 603 1859 et
643 1824 836 1870 singulorum
865 1823 1070 1870 capitulorum
1105 1824 1135 1858 in
1163 1835 1197 1858 ca

451 1882 685 1918 contentorum,
708 1875 738 1908 in
756 1874 839 1908 dicto
863 1885 970 1920 regno,
993 1872 1196 1920 Delphinatu,

451 1923 598 1958 comitatu
614 1923 704 1958 Dien.
725 1922 981 1963 acValentinen.‚
995 1922 1198 1971 infrascriptae

451 1972 656 2008 observentur
677 1973 933 2013 constitutiones,
955 1972 1113 2008 videlicet.

499 2027 514 2066 ἕ
542 2026 572 2057 7.
596 2023 689 2066 Quod
713 2023 946 2059 cathedralibus
969 2030 998 2057 et
1022 2023 1200 2071 metropoli-

1237 323 1266 356 in
1290 322 1388 357 altero
1411 320 1525 355 iurium
1545 319 1704 356 doctorem
1723 329 1775 356 aut
1791 321 1986 357 licentiatum

1237 373 1267 406 in
1298 371 1499 406 universitate
1518 370 1634 405 famosa
1657 379 1687 406 et
1709 383 1780 406 cum
1804 371 1907 418 rigore
1922 384 1988 408 exa-

1237 422 1350 465 minis,
1371 420 1446 456 etin
1462 420 1612 467 vigesimo
1627 421 1761 469 septimo
1781 433 1856 457 suae
1878 423 1990 458 aetatis

1236 483 1318 507 anno
1345 471 1383 506 ad
1412 471 1518 506 minus
1536 471 1745 507 constitutum
1768 480 1798 506 et
1820 471 1896 507 alias
1919 471 1990 508 ido-

1238 533 1346 566 neum,
1369 520 1448 556 infra
1475 532 1529 556 sex
1551 533 1676 556 menses
1711 534 1725 556 a
1754 521 1805 556 die
1819 522 1991 558 vacationis

1237 571 1443 607 ecclesiarum
1466 570 1647 606 earumdem
1671 571 1916 617 computandos,
1930 584 1989 608 no-

1237 621 1284 656 bis
1308 629 1339 657 et
1357 621 1594 656 successoribus
1609 621 1724 656 nostris
1742 621 1897 657 Romanis
1911 621 1990 658 Pon-

1238 670 1374 706 tificibus
1401 683 1456 706 seu
1493 670 1567 706 Sedi
1601 670 1778 718 praedictae
1801 671 1988 717 nominare,

1236 728 1267 756 et
1293 721 1332 757 de
1362 733 1494 768 persona
1513 732 1569 768 per
1592 733 1697 768 regem
1725 720 1908 756 huiusmodi
1931 734 1989 757 no-

1237 771 1365 812 minata,
1387 783 1441 818 per
1463 783 1521 806 nos
1535 778 1565 806 et
1580 782 1780 806 successores
1797 779 1919 806 nostros
1931 783 1987 807 seu

1235 820 1351 857 Sedem
1381 820 1571 868 praedictam
1604 820 1776 868 provideri;
1803 828 1834 856 et
1860 821 1886 856 si
1909 833 1988 857 con-

1238 871 1371 918 tingeret
1405 870 1578 918 praefatum
1614 882 1719 917 regem
1750 883 1915 918 personam
1939 880 1988 907 ta—

1236 921 1306 956 liter
1328 933 1390 955 non
1420 920 1628 968 qualificatam
1652 920 1690 955 ad
1713 920 1812 956 dictas
1838 921 1988 958 ecclesias

1236 971 1281 1007 sic
1302 979 1450 1006 vacantes
1471 970 1647 1012 nominare,
1664 982 1718 1017 per
1736 983 1793 1006 nos
1811 979 1842 1006 et
1863 983 1988 1007 succes-

1237 1033 1324 1056 sores
1344 1033 1400 1056 seu
1423 1020 1539 1055 Sedem
1564 1020 1745 1056 huiusmodi
1781 1020 1819 1055 de
1854 1033 1987 1069 persona

1236 1072 1281 1106 sic
1304 1071 1460 1105 nominata
1480 1070 1600 1106 eisdem
1616 1070 1757 1106 ecclesiis
1776 1071 1905 1107 minime
1920 1083 1988 1120 pro-

1237 1121 1334 1156 videri
1351 1120 1474 1165 debeat,
1491 1120 1545 1155 sed
1566 1129 1709 1155 teneatur
1725 1119 1807 1155 idem
1828 1133 1893 1167 rex,
1908 1121 1987 1157 infra

1239 1180 1302 1206 tres
1320 1171 1398 1206 alios
1421 1182 1558 1216 menseS,
1573 1183 1589 1205 a
1606 1170 1657 1205 die
1680 1171 1886 1206 recusationis
1908 1183 1989 1220 per-

1239 1233 1333 1256 sonae
1361 1221 1541 1256 nominatae
1566 1233 1627 1255 non
1652 1220 1860 1268 qualificatae,
1883 1221 1993 1256 solici-

1239 1272 1328 1306 tatori
1345 1271 1592 1306 nominationem
1610 1283 1673 1306 non
1697 1270 1906 1318 qualificatam
1925 1283 1994 1319 pro-

1238 1321 1382 1368 sequenti
1396 1321 1654 1356 consistorialiter
1669 1320 1768 1355 factae
1787 1321 1993 1367 intimandae,

1238 1370 1480 1419 computandOS,
1495 1370 1591 1405 alium
1615 1370 1796 1417 supradicto
1811 1371 1905 1406 modo
1920 1383 1995 1419 qua-

1238 1421 1387 1456 lificatum
1411 1421 1586 1462 nominare;
1621 1420 1774 1468 alioquin,
1797 1429 1832 1456 ut
1859 1420 1990 1469 dispen-

1239 1471 1346 1506 diosae
1380 1470 1584 1506 ecclesiarum
1615 1469 1800 1505 huiusmodi
1837 1472 1992 1506 vacationi

1239 1521 1380 1556 celeriter
1402 1520 1598 1566 consulatur,
1621 1520 1773 1555 ecclesiae
1789 1528 1866 1555 tunc
1885 1521 1929 1556 sic
1946 1533 1995 1557 va-

1239 1573 1322 1606 canti
1348 1583 1402 1618 per
1430 1583 1486 1605 nos
1509 1579 1538 1606 et
1564 1582 1766 1606 successores
1789 1579 1914 1606 nostros
1935 1583 1991 1607 seu

1239 1621 1356 1656 Sedem
1387 1620 1571 1656 huiusmodi
1594 1620 1633 1656 de
1661 1633 1792 1668 persona
1808 1647 1818 1666 ,
1846 1628 1880 1656 ut
1900 1633 1989 1669 prae-

1240 1671 1350 1715 fertur,
1372 1670 1562 1719 qualificata;

1289 1722 1308 1768 S
1330 1723 1364 1756 8,
1391 1721 1521 1756 Necnon
1538 1719 1681 1756 ecclesiis
1703 1732 1759 1768 per
1774 1719 1895 1756 obitum
1908 1721 1991 1769 apud
2021 1734 2046 1756 ει
2067 1735 2093 1756 ια
2119 1735 2192 1758 oecio-

1239 1770 1354 1806 Sedem
1391 1770 1582 1818 praedictam
1615 1770 1821 1814 vacantibus,
1854 1783 1992 1818 semper,
2007 1773 2050 1827 2¹0³:
2065 1769 2192 1820 „12⁰3”ss

1240 1821 1324 1855 nulla
1339 1821 1414 1856 dicti
1432 1822 1515 1867 regis
1537 1820 1745 1868 praecedente
1765 1820 1992 1863 nominatione,
2007 1814 2192 1865 rudssedemssro-

1240 1870 1338 1906 libere
1366 1871 1521 1918 provideri
1551 1870 1667 1918 possit,
1691 1870 1899 1906 decernentes
1925 1861 2120 1907 ele-‘²⁰¹¹‘m’

1240 1921 1361 1956 ctiones
1376 1929 1483 1956 contra
1501 1920 1670 1968 praemissa
1684 1928 1862 1965 attentatas,
1875 1932 1911 1956 ac
1924 1933 1994 1968 pro-

1241 1971 1377 2006 visiones
1410 1983 1464 2019 per
1488 1982 1545 2005 nos
1578 1979 1607 2005 et
1642 1982 1840 2005 successores
1867 1979 1992 2006 nostros

1240 2033 1295 2056 seu
1324 2020 1439 2056 Sedem
1475 2020 1655 2056 huiusmodi
1687 2020 1802 2062 factas,
1835 2020 1938 2056 nullas
1963 2029 1993 2056 et

254 2077 300 2129 MP?
314 2078 435 2131 'egeeettffiei-
452 2073 530 2107 tanis
552 2074 703 2114 ecclesiis,
718 2075 747 2108 iu
761 2085 870 2120 reguo,
886 2072 1075 2119 Delphinatu
1097 2082 1125 2107 et
1142 2086 1198 2108 co-
1241 2071 1394 2107 invalidas
1421 2071 1566 2106 existere.

254 2141 323 2161 arn„
347 2145 367 2162 ei
390 2147 435 2163 mo·
453 2129 558 2163 mitatu
585 2129 761 2175 praedictis,
791 2140 873 2163 nunc
899 2135 930 2162 et
958 2140 1013 2175 pro
1046 2135 1198 2175 tempore,
1290 2127 1310 2175 S
1332 2131 1364 2162 9.
1384 2126 1640 2174 Consanguineis
1665 2135 1767 2161 tamen
1797 2124 1926 2174 praefati
1942 2137 1993 2161 re·
2024 2138 2189 2167 monimini-sq.

255 2173 436 2199 tropotitnuasec-
484 2183 489 2188 ·
565 2184 570 2190 ·
745 2184 749 2189 -
870 2183 876 2188 ·
996 2183 1000 2187 -
1174 2183 1179 2188 ·
1264 2182 1270 2188 ·
1492 2182 1497 2187 ·
1619 2181 1624 2187 ·
1665 2181 1669 2186 -
2008 2171 2145 2197 consangutn.
2159 2176 2193 2193 re-

255 2203 337 2230 tum„
450 2193 571 2218 ellatltSt
597 2196 651 2231 pel·
672 2195 846 2219 cessionem
871 2196 899 2217 tn
920 2181 1064 2217 mallibus
1084 2191 1199 2218 noslt'ts
1241 2195 1289 2229 gis
1316 2194 1351 2217 {lc
1375 2194 1517 2230 pet'sontS
1543 2180 1745 2222 SUlJllmtlms,
1765 2193 1805 2216 ex
1825 2192 1919 2216 causa
1943 2192 1992 2216 1⁸³-
2007 2203 2038 2229 313
2065 2206 2101 2224 „n
2124 2203 2191 2224 mm,

451 2246 481 2273 et
509 2251 727 2273 successorum
765 2245 942 2272 nostrorum
982 2236 1197 2272 Romanorum

451 2292 639 2328 Pontificum
679 2293 830 2327 canonice
865 2292 1049 2326 intrantium
1089 2301 1199 2338 sponte

451 2349 575 2393 saetam,
595 2349 788 2388 vacantibus,
805 2347 928 2382 illarum
953 2346 1085 2394 capitula
1100 2355 1129 2381 et
1146 2360 1200 2383 ca-

451 2403 554 2438 nonici
587 2402 625 2437 ad
653 2403 840 2438 electionem
869 2415 925 2437 seu
957 2401 1197 2449 postulationem

454 2457 528 2492 inibi
562 2457 655 2492 futuri
686 2457 813 2505 praelati
838 2457 1007 2505 procedere
1036 2469 1097 2492 non
1127 2470 1199 2505 pos-

452 2513 536 2555 sint;
565 2513 619 2548 sed
655 2512 776 2548 illarum
808 2521 991 2548 occurrente
1019 2512 1199 2547 huiusmodi

453 2568 623 2609 vacatione,
646 2580 699 2604 rex
720 2567 870 2603 Franciae
894 2581 949 2616 pro
975 2576 1116 2615 tempore
1132 2567 1200 2603 exi-

453 2631 557 2664 stens,
581 2636 678 2658 unum
715 2635 839 2670 gravem
868 2624 1052 2671 magistrum
1076 2635 1132 2658 seu
1163 2624 1200 2658 li-

454 2677 622 2713 centiatum
639 2677 669 2713 in
688 2677 856 2726 theologia,
877 2679 975 2714 autin
1000 2685 1131 2728 utroque
1144 2691 1198 2715 seu

1243 2236 1384 2271 tionahili
1421 2244 1451 2271 et
1486 2235 1643 2283 legitima,
1666 2234 1696 2269 in
1721 2235 1934 2270 nominatione
1962 2235 2191 2287 etiiissmssf‘iissssss

1242 2291 1422 2338 apostolicis
1444 2290 1541 2326 literis
1560 2289 1780 2338 exprimenda,
1800 2302 1923 2325 necnon
1940 2301 1993 2325 re-
2007 2296 2191 2320 ‹tim-rotom-

1242 2346 1361 2393 ligiosis
1374 2345 1626 2382 Mendicantibus
1643 2343 1820 2380 reformatis
1852 2344 1992 2380 eminen-
2007 2331 2082 2356 'mm'

1243 2401 1280 2436 tis
1308 2402 1456 2437 scientiae
1478 2399 1715 2436 etexcellentis
1737 2399 1910 2445 doctrinae,
1925 2399 1991 2449 qui,

1242 2459 1329 2494 iuxta
1356 2457 1405 2492 sui
1434 2456 1564 2492 Ordinis
1599 2454 1751 2503 regularia
1782 2455 1921 2491 instituta
1953 2454 1991 2491 ad

1242 2514 1358 2562 gradus
1377 2512 1557 2549 huiusmodi
1572 2511 1689 2548 assumi
1705 2524 1766 2547 non
1783 2511 1917 2559 possint,
1931 2510 1990 2546 sub

1243 2569 1455 2617 prohibitione
1484 2567 1654 2617 praemissa
1688 2566 1817 2601 minime
1844 2578 1990 2614 compre-

1242 2623 1364 2670 hensis,
1385 2623 1439 2660 sed
1463 2623 1502 2659 de
1525 2635 1631 2659 corum
1656 2621 1808 2670 personis,
1829 2620 1924 2656 dictis
1938 2632 1991 2656 ec-

1243 2679 1348 2715 clesiis
1370 2691 1426 2729 pro
1449 2687 1590 2727 tempore
1612 2676 1820 2724 vacantibus,
1851 2675 1890 2713 ad
1914 2675 1988 2712 dicti
