2281 3251
497 276 567 310 790
1076 284 1229 308 aarum
1258 283 1386 308 noun-1

545 340 725 379 iustificent,
754 343 827 375 ibid.
852 342 880 381 ὸς
917 351 1034 375 annum
1061 341 1243 385 vigesimum
1280 342 1495 387 attingentes,
1532 352 1589 388 pro
1624 340 1798 376 maioribus
1830 339 1998 385 habentur,

545 394 615 426 490
638 404 667 425 a.
692 391 929 425 llomicidarum
954 399 982 424 et
1008 390 1159 424 similium
1185 390 1449 425 malefacientium
1475 402 1595 436 poenae
1617 392 1858 436 confirmantur,
1876 394 1942 426 757
1963 393 1998 429 b:

545 441 758 475 extenduntur
786 440 824 473 ad
855 452 916 474 non
947 449 1094 474 curantes
1119 440 1241 474 illorum
1272 448 1491 487 capturam‚ct
1518 440 1597 476 aliae
1626 441 1850 488 imponuntur,
1875 443 1944 475 758
1967 453 1998 475 α.

552 492 584 524 V.
609 491 732 535 insuper
754 489 945 535 rligidianac
974 490 1233 524 constitutiones.

446 539 609 586 Hospitale
637 539 671 574 S.
700 539 815 573 Mariae
838 539 876 573 ‹lc
900 538 1036 586 Populo.
1072 540 1104 572 Γ.
1134 539 1250 573 Mariae
1275 538 1331 581 (S.)
1359 538 1398 574 de
1422 538 1545 585 Populo
1571 547 1623 574 ecc.

446 587 610 636 Hospitale
633 590 665 623 5.
689 588 828 636 Spiritus
852 589 881 623 iu
905 588 1009 623 Saxia.
1039 589 1070 622 Γ.
1093 588 1232 636 Spiritus
1255 588 1312 633 (S.)
1342 588 1371 623 in
1400 588 1493 624 Saxia
1516 597 1568 623 ecc.

443 788 599 825 Iacobitae
621 787 750 834 AEgypti
783 799 854 821 cum
878 786 1020 821 Romana
1049 786 1190 821 Ecclesia
1221 786 1421 821 concordiam
1446 786 1572 828 ineunt,
1602 788 1647 821 59
1670 799 1700 821 α.
1730 786 1895 834 Expositio
1924 785 1997 822 fidei

543 836 752 871 Iacobitarum
776 835 878 882 legato
905 836 1003 880 facta,
1033 837 1107 870 ibid.
1132 838 1148 870 b
1171 844 1200 871 et
1232 849 1291 882 seq.
1320 835 1517 871 Catliolicam
1551 835 1728 871 doctrinam
1753 837 1818 884 ipse
1839 844 1998 884 acceptat,

544 888 589 921 6-1
618 888 646 921 b.

446 937 519 974 Iesu
543 935 661 971 Clu-isti
678 934 888 981 Sanguinem⁷
908 935 938 969 in
963 934 1068 969 triduo
1097 934 1263 982 passionis,
1278 934 1317 969 ab
1345 935 1412 982 ipsa
1428 935 1597 970 Divinitate
1619 943 1796 982 separatum
1821 935 2001 982 praedicare

547 994 578 1021 et
591 985 720 1020 credere
737 994 869 1027 ietatur,
886 987 946 1019 181
967 998 998 1019 a.
1021 984 1337 1020 Contrareuientium
1362 997 1493 1032 poenae,
1515 986 1590 1020 ibid.
1607 987 1634 1020 b.
1655 984 1730 1021 Sedi
1748 984 1950 1033 Apostolicae
1969 984 2000 1019 hi

546 1035 790 1078 denuncientur,
819 1036 892 1069 ibid.

446 1085 661 1134 Impedieutes
682 1085 899 1119 executionem
928 1083 1149 1119 mandatorum
1173 1085 1404 1131 cuiuscumque
1433 1084 1547 1119 iudicis
1573 1083 1689 1119 Curiae
1716 1083 1890 1130 Romanae,
1909 1083 2001 1119 variis

547 1135 658 1183 poenis
680 1134 903 1174 sufficiuntur,
924 1136 994 1169 540
1023 1135 1040 1168 b
1063 1142 1093 1168 ct
1119 1147 1178 1179 seq.

445 1185 617 1233 Impressio
640 1184 790 1219 librorum
819 1183 939 1231 absque
971 1184 1171 1231 superiorum
1201 1183 1326 1219 licentia
1351 1191 1491 1228 vetatur,
1520 1184 1592 1218 624
1619 1197 1649 1219 a.
1682 1181 2000 1219 Contravenientium

548 1245 681 1281 poenae,
703 1235 778 1268 ibid.
802 1235 830 1268 b.

447 1284 680 1319 lncantatorum
705 1292 734 1318 et
763 1282 976 1318 maleficorum
1003 1294 1134 1330 poenae,
1159 1284 1230 1317 615
1251 1296 1282 1317 a.

447 1333 627 1380 Incapaces.
659 1333 691 1366 V.
715 1332 869 1367 Cin-iales.

446 1383 581 1418 Indictio
610 1382 682 1417 belli
711 1390 818 1417 contra
847 1381 980 1426 Turcas,
1005 1384 1074 1417 189
1105 1384 1134 1416 b.
1162 1381 1248 1423 Quid
1282 1381 1396 1417 factum
1420 1382 1459 1416 sit
1483 1394 1539 1429 pro
1566 1382 1776 1417 conciliandis
1805 1381 2003 1430 principibus

547 1432 737 1472 christianis,
764 1433 840 1466 ibid.
871 1431 1034 1467 Plurimae
1057 1431 1233 1466 discordiae
1262 1431 1290 1465 in
1314 1431 1401 1466 Italia
1430 1431 1684 1478 componendae,
1717 1434 1783 1466 190
1806 1444 1837 1466 a.
1859 1431 2001 1467 Contro-

548 1482 718 1515 wrsiarum
743 1480 998 1515 difficillimarum
1016 1481 1135 1516 decisio
1154 1481 1191 1515 ad
1209 1480 1301 1516 Sum.
1327 1481 1512 1516 Pontificem
1530 1490 1662 1528 spectat,
1678 1482 1752 1516 ibid.
1772 1481 1926 1528 Perpetua
1944 1493 2002 1528 pax

548 1531 629 1565 inter
648 1530 742 1565 Italos
766 1531 928 1578 principes
951 1531 1080 1576 indicta,
1105 1532 1168 1565 191
1191 1543 1220 1566 α.
1234 1530 1434 1566 Concordiae
1456 1531 1611 1578 interpres
1635 1530 1780 1566 Pontifex
1803 1539 1862 1571 est,
1877 1532 1953 1566 ibid.
1972 1532 2000 1566 b.

546 1579 668 1615 Veteris
694 1580 881 1615 concordiae
910 1582 1073 1627 pactiones
1088 1580 1329 1626 redintegratae,
1355 1583 1422 1615 19⁶2
1446 1593 1476 1615 α.
1492 1580 1757 1615 Bartholomaeus
1779 1580 1890 1615 Colleo
1907 1580 2002 1616 italici

546 1630 576 1664 in
599 1629 720 1665 Turcas
736 1630 894 1665 exercitus
917 1631 1082 1671 dumibid.
1100 1632 1128 1664 b.
1145 1629 1282 1665 Centum
1301 1630 1394 1665 millia
1417 1642 1586 1665 aureorum
1610 1630 1760 1676 stipendii
1789 1630 2004 1665 attribuuntur

545 1680 587 1723 ei,
616 1682 684 1715 ’195
712 1693 742 1715 α.
767 1680 972 1715 Summarum
996 1680 1107 1715 divisio
1132 1692 1187 1726 pro
1211 1689 1274 1715 rata
1291 1680 1371 1715 iuter
1398 1680 1585 1720 foederatos,
1609 1681 1683 1715 ibid.
1702 1679 1829 1727 Oppida
1853 1679 2003 1715 nonnulla

547 1728 741 1765 Florentinis
756 1739 785 1765 et
798 1729 906 1765 Tadeo
923 1730 960 1765 de
977 1729 1150 1765 Manfredis
1164 1730 1468 1774 restittitiiittir‚i‘bid.
1481 1729 1658 1776 Foedifragi
1675 1729 2003 1771 excommunicantur,

546 1780 623 1814 ibid.
652 1781 680 1814 b.

448 1828 584 1864 Indictio
611 1830 805 1875 generalium
829 1829 1039 1865 conciliorum
1063 1829 1101 1865 ad
1125 1830 1306 1864 Romanum
1332 1829 1519 1865 Pontificem
1549 1829 1767 1865 tantummodo
1785 1837 1915 1876 spectat,
1933 1831 2004 1865 502

546 1880 576 1921 b;
592 1879 712 1914 etiamsi
735 1880 774 1915 de
788 1880 856 1915 eius
878 1891 973 1914 causa
995 1887 1119 1925 agatur,
1141 1881 1213 1914 505
1235 1892 1263 1914 a.
1288 1879 1401 1914 Pisana
1419 1879 1529 1914 civitas
1555 1891 1617 1913 non
1642 1887 1689 1913 est
1709 1879 1844 1914 concilio
1866 1878 2002 1926 generali

546 1929 749 1965 accommoda
765 1957 774 1974 ⁷
799 1930 876 1964 ibid.
905 1931 932 1970 b;
963 1941 1021 1963 uec
1045 1929 1133 1964 locus
1147 1930 1330 1970 tuttis‚ibid.
1347 1930 1375 1963 b.
1391 1928 1527 1964 Indictio
1550 1929 1675 1963 concilii
1695 1928 1802 1963 Pisani
1823 1927 2004 1969 damnatur,

548 1980 618 2013 504
646 1992 676 2013 a.
706 1979 809 2026 Ipsius
832 1986 996 2014 auctorum
1014 1987 1042 2012 et
1068 1978 1223 2013 fautorum
1249 1990 1380 2026 poenae⁷
1402 1980 1478 2013 ibid.
1501 1980 1529 2013 b.
1553 1977 1809 2013 OEcumeuicum
1830 1977 2002 2013 concilium

546 2027 759 2064 Lateranense
783 2028 946 2069 indicitur,
975 2031 1045 2063 505
1062 2030 1089 2062 b.
1110 2028 1244 2063 Praelati
1268 2040 1379 2063 omues
1405 2028 1443 2062 ad
1471 2027 1644 2063 concilium
1669 2027 1861 2068 invitantur,
1879 2028 1950 2062 506
1972 2039 2003 2068 a;

549 2089 672 2113 necnon
694 2079 875 2126 imperator,
898 2090 988 2124 reges
1002 2087 1032 2113 et
1054 2078 1104 2113 alii
1121 2078 1292 2125 principes,
1306 2079 1380 2112 ibid.
1397 2079 1425 2112 b.
1439 2077 1599 2113 Securitas
1614 2077 1764 2112 omnibus
1779 2076 2005 2112 accedentibus

550 2128 756 2174 promittitur,
770 2129 845 2163 ibid.
862 2126 1058 2163 Of'licialibus
1076 2127 1237 2163 Ecclesiae
1258 2127 1448 2175 praecipitur
1469 2127 1571 2163 dictae
1590 2127 1770 2162 securitatis
1792 2126 2005 2172 observantia,

550 2178 619 2212 507
647 2190 678 2212 α.

450 2225 668 2273 lndulgentiae
692 2238 747 2274 pro
762 2226 1006 2274 cooperantibus
1030 2226 1165 2262 fabricae
1188 2227 1338 2262 basilicae
1359 2226 1467 2262 Sancti
1492 2226 1575 2263 Petri
1599 2226 1638 2262 de
1661 2225 1758 2262 Urbe.
1783 2227 1820 2260 V.
1842 2225 1928 2262 Petri
1943 2225 2003 2272 (S.)

549 2276 589 2311 de
612 2276 697 2312 Urbe
719 2276 857 2312 basilica.

452 2325 612 2361 lnnovatio
636 2326 777 2361 omnium
807 2326 1068 2362 constitutionum
1096 2334 1204 2362 contra
1230 2326 1400 2363 violatores
1426 2326 1659 2362 ecclesiasticae
1688 2325 1853 2365 libertatis,
1873 2327 1945 2361 613
1972 2339 2003 2362 a.

452 2375 658 2423 lnquisitores
673 2376 847 2411 baereticae
866 2377 1024 2423 pravitatis
1039 2389 1099 2423 qua
1126 2377 1263 2424 polleant
1284 2377 1469 2412 auctoritate
1487 2377 1516 2411 in
1543 2376 1756 2411 maleficorum
1780 2383 1910 2417 sectam,
1932 2377 2002 2411 297

551 2427 579 2467 ὓς
603 2425 778 2461 facultatem
803 2426 919 2461 liabent
943 2426 1095 2473 puniendi
1119 2439 1175 2461 suo
1202 2426 1331 2461 arbitrio
1358 2436 1388 2461 ct
1423 2426 1567 2461 tradendi
1595 2427 1702 2461 curiae
1725 2426 1875 2460 saeculari
1905 2433 2002 2461 testes

551 2475 711 2510 falsidicos
738 2476 767 2510 in
791 2476 896 2511 causis
919 2476 1001 2516 fidei,
1020 2478 1088 2510 714
1115 2489 1146 2510 a.
1172 2476 1288 2511 Eorum
1313 2476 1488 2512 iurisdictio
1508 2488 1568 2510 nou
1593 2475 1745 2510 minuitur
1767 2476 1807 2510 ob
1823 2475 2004 2510 adiunctio-

552 2537 622 2560 nem
642 2525 771 2560 alterius
786 2525 912 2570 iudicis,
929 2527 996 2559 767
1011 2527 1039 2559 b.
1055 2524 1216 2561 Officiales
1227 2526 1405 2561 saeculares
1419 2525 1530 2573 exequi
1545 2533 1692 2560 tenentur
1718 2525 1842 2560 illorum
1872 2533 2003 2560 senten—

552 2574 610 2610 tias
625 2574 743 2621 absque
766 2575 932 2620 revisione,
956 2576 1026 2609 768
1053 2576 1081 2609 b.

455 2623 588 2658 loannes
606 2624 644 2658 ‹le
666 2623 867 2672 capistraiio.
891 2625 920 2659 in
945 2625 1058 2659 virtute
1085 2624 1188 2660 vexilli
1210 2624 1334 2667 Crucis,
1353 2624 1560 2672 quadraginta
1588 2624 1762 2659 Tui-carum
1788 2623 1883 2659 millia
1905 2624 2004 2672 fugat,

556 2675 622 2708 157
649 2675 676 2707 b.

2250 2579 2263 2604 -.
2236 2518 2274 2563 λς’
2237 2229 2270 2504 ..veneant-254-
