2281 3251
491 235 562 269 382

442 313 504 349 que
526 301 643 337 viribus
669 313 731 337 non
749 301 942 346 subsistere,
967 314 1022 349 pro
1044 315 1081 338 eo
1102 304 1187 351 quod

442 351 629 399 quamplura
651 351 778 398 speciali
801 359 873 387 nota
892 351 986 398 digna
1007 353 1067 387 sub
1092 366 1189 400 gene-

443 400 562 437 ralitate
595 401 761 436 verborum
797 402 826 436 in
862 402 981 437 eisdem
1010 403 1107 438 literis
1133 416 1189 439 ex-

444 463 550 498 pressa
572 451 733 486 dumtaxat
745 451 879 495 l'uerant,
902 452 984 487 idem
1003 453 1189 500 praedeces-

245 505 334 556 dssssffffl
358 507 427 555 ‘⁰³¹3‘
441 512 494 536 sor
515 513 571 549 per
591 500 667 536 alias
687 513 761 537 suas
781 501 996 543 donationem,
1016 504 1188 538 concessio-

246 542 428 594 .t‘'f”.⁸q.',‘2⁰‘l”...'„.1
443 562 527 591 nem,
542 550 784 596 ordinationem,
799 552 1070 597 constitutionem,
1084 553 1189 588 remis-

246 601 340 619 ¹¹‘¹²¹·'''*
442 601 575 644 sionem,
597 601 832 646 relaxationem,
859 601 999 642 indulta,
1022 603 1137 649 gratias
1159 611 1188 638 et

441 650 545 685 literas
568 650 696 697 praefati
711 651 954 699 archiepiscopi,
977 653 1145 699 omniaque
1159 662 1188 688 et

439 699 563 747 singula
587 700 617 735 in
644 701 692 736 eis
713 709 871 742 contenta,
889 710 950 736 tam
978 703 1061 737 circa
1088 703 1187 750 depu-

440 750 588 785 tationem
612 750 739 798 praefati
758 750 917 786 Francisci
933 752 962 786 in
978 752 1188 800 superiorem,

441 808 572 846 patrem,
595 809 747 836 rectorem
771 810 801 836 et
828 802 966 849 priorem
989 802 1091 837 dictae
1111 814 1188 837 con-

438 849 641 896 gregationis,
663 859 695 885 et
721 851 853 886 aliorum
876 852 1072 898 superiorum
1096 860 1125 887 et
1141 852 1189 886 os-

439 899 587 934 ficialium
615 900 801 936 electionem
818 929 827 944 ,
857 910 1044 936 statutorum
1072 901 1189 937 editio-

439 961 523 989 nem,
545 951 785 986 concessionem
815 950 1038 986 iurisdictionis
1066 952 1096 986 in
1125 952 1189 987 offi—

437 998 544 1040 ciales,
571 1012 620 1035 res
640 1008 671 1035 et
697 999 778 1036 bona
804 1000 904 1036 dictae
923 1002 1188 1049 congregationis,

247 246 423 274 An.c.150t

439 1049 469 1083 in
488 1049 707 1096 spiritualibus
722 1059 753 1086 et
768 1051 1005 1099 temporalibus,
1023 1052 1189 1087 correctio·
1231 1064 1364 1100 quorum
1392 1053 1622 1095 iurisdictione,
1644 1051 1822 1087 civitatibus
1843 1060 1873 1087 et
1895 1051 1983 1087 dioe-

439 1110 511 1134 netn
534 1098 717 1145 rebellium,
744 1101 994 1135 inobedientium
1022 1113 1057 1136 ac
1084 1101 1188 1137 delin-
1231 1102 1368 1141 cesibus,
1395 1103 1584 1145 eremitoria,
1617 1103 1695 1142 lora,
1723 1102 1874 1137 ecclesiae
1897 1103 1983 1148 ipsae

1023 249 1157 273 ttt'LtAm
1164 251 1206 274 CM
1231 251 1391 275 ROMANEM

1995 249 2178 279 An.c.tsot

1230 315 1353 353 recepta
1377 315 1407 341 et
1430 306 1459 340 in
1485 314 1646 353 posterum
1676 305 1856 353 recipienda
1875 333 1884 350 ‚
1906 317 1979 342 cum

1230 356 1380 390 omnibus
1403 355 1524 390 iuribus
1554 364 1585 390 et
1614 356 1811 403 pertiuentiis
1839 356 1918 400 suis,
1953 367 1981 391 e-

1232 406 1421 452 remitasque
1445 413 1474 439 et
1503 417 1652 452 personas
1680 407 1709 440 iu
1739 406 1799 440 illis
1822 418 1878 452 pro
1898 415 1981 442 tem-

1233 468 1306 501 pore
1329 455 1491 500 degentes,
1514 468 1548 489 ac
1577 468 1625 490 res
1647 464 1677 489 et
1704 455 1784 490 bona
1807 468 1981 502 quaecum-

1231 516 1293 551 que
1316 505 1441 539 mobilia
1466 513 1495 539 et
1519 504 1702 548 immobilia,
1724 506 1761 540 ad
1786 517 1839 540 eas
1860 517 1896 540 ac
1917 518 1981 540 ere—

1233 555 1321 588 mitas
1349 563 1378 589 et
1402 566 1552 601 personas
1567 582 1576 598 ,
1599 567 1635 589 ac
1657 567 1764 589 corum
1788 555 1980 602 quemlibet,

1231 616 1266 638 ac
1289 604 1367 647 loca,
1381 604 1559 639 eremitorio
1575 613 1605 639 et
1617 604 1766 639 ecclesias
1785 605 1981 645 huiusmodi,

1231 653 1701 700 quomodolibet,communiter
1715 654 1758 689 vel
1775 654 1898 689 divisim
1913 667 1982 701 spe-

1231 704 1344 738 ctantia
1373 712 1402 738 et
1431 703 1641 750 pertinentia,
1672 703 1711 738 al)
1733 705 1818 738 omni
1853 703 1982 739 iurisdi-

1231 753 1355 797 ctione,
1378 753 1520 788 dominio
1543 761 1573 788 et
1596 762 1765 799 potestate,
1788 754 1982 798 visitatione,

1231 803 1426 838 correctione
1453 811 1482 838 et
1497 804 1715 850 superioritate
1732 803 1904 849 praefatiac
1927 815 1982 850 pro

1232 862 1371 900 tempore
1398 853 1560 888 existentis
1595 853 1826 900 archiepiscopi
1855 851 1984 888 Cusen·

1232 902 1286 936 tiui
1321 911 1350 937 et
1379 903 1511 938 aliorum
1546 902 1881 949 archiepiscoporum,
1914 903 1982 950 epi-

1231 964 1411 1000 scoporum,
1427 953 1673 998 ordinariorum,
1690 952 1830 987 iudicum
1847 961 1874 987 et
1891 965 1983 1000 supe-

1232 1003 1350 1037 riorum
1379 1014 1668 1050 quorumcumque,
1685 1003 1776 1037 ctiam
1795 1002 1932 1043 illorum,
1951 1002 1981 1037 in

438 1149 602 1196 quentium
618 1159 649 1185 et
663 1150 788 1185 illorum
802 1150 1048 1196 absolutionem,
1064 1163 1186 1187 necnon
1207 1171 1210 1209 Ι
1230 1160 1259 1186 et
1282 1153 1432 1187 eremitae
1455 1165 1489 1187 ae
1513 1164 1677 1199 personae,
1700 1164 1750 1186 res
1769 1161 1799 1187 et
1822 1151 1903 1186 bona
1927 1151 1981 1186 liu-

439 1199 676 1235 concessionem
699 1201 803 1235 altaris
822 1201 994 1248 portatilis,
1022 1201 1187 1237 ministra-—

439 1248 556 1284 tionem
584 1258 851 1286 sacramentorum
879 1251 1187 1295 ecclesiasticorum,

439 1298 653 1335 consessiones
674 1300 861 1345 audiendas,
877 1300 1130 1348 dispensationes
1157 1310 1186 1336 et

438 1358 702 1385 commutationes
724 1358 880 1391 votorum,
896 1363 1020 1386 necnon
1037 1361 1188 1398 receptio—

440 1410 510 1433 nem
533 1410 686 1434 novorum
709 1399 936 1435 heremitarum
953 1429 961 1441 ,
983 1410 1012 1436 et
1035 1401 1186 1436 nonnulla

437 1447 498 1483 alia
523 1447 722 1485 salutiferum
745 1458 860 1485 statum
883 1451 984 1486 dictae
1011 1463 1186 1498 congrega-

439 1507 534 1533 tionis
559 1509 783 1535 concernentia
799 1527 808 1544 ,
836 1512 916 1546 quae
943 1510 1019 1535 tuuc
1041 1513 1185 1547 expressa

439 1547 576 1590 fuerunt,
598 1561 735 1597 suasque
757 1559 786 1584 et
809 1549 883 1584 dicti
906 1551 1136 1597 archiepiscopi
1154 1552 1185 1585 li-

439 1607 532 1643 teras,
564 1611 689 1635 necnon
716 1599 988 1647 approbationem.
1011 1600 1186 1635 confirma-

439 1648 556 1683 tionem
580 1657 610 1684 et
630 1650 863 1697 suppletionem
886 1650 1066 1686 defectuum
1097 1663 1187 1697 prae-

438 1697 489 1733 fati
512 1698 653 1747 episcopi
679 1699 786 1735 Sancti
809 1699 929 1746 Marci,
957 1712 1186 1748 processusque

438 1747 577 1796 desuper
598 1749 720 1784 habitos
741 1758 770 1784 et
788 1749 859 1784 inde
882 1760 986 1786 secuta
1014 1762 1187 1798 quaecum-

437 1810 512 1846 que,
537 1810 619 1846 quae
652 1811 708 1847 pro
741 1800 898 1846 expressis
932 1800 1040 1836 baberi
1068 1801 1186 1840 voluit,

438 1856 502 1883 rata
524 1857 555 1884 et
576 1856 660 1895 grata
684 1848 814 1894 liabens,
838 1850 888 1884 illa
910 1851 1015 1885 onmia
1039 1850 1187 1895 laudavit,

438 1897 648 1946 approbavit,
675 1899 869 1934 confirmavit
896 1908 925 1934 et
960 1901 1186 1945 communivit,

437 1960 509 1983 curn
531 1948 625 1984 simili
648 1947 829 1984 defectuum
852 1949 1066 1997 suppletione.

486 1998 506 2046 S
533 2000 566 2033 2.
593 1997 740 2034 Decrevit
774 2011 899 2046 quoquc
935 2000 1055 2046 priores
1084 2000 1187 2034 literas

249 2059 474 2093 mmmm-,wne
495 2059 663 2097 processus
685 2048 892 2094 huiusmodi,
915 2058 945 2084 et
982 2049 1054 2084 iude
1081 2058 1185 2084 secuta
1208 2069 1209 2074 =

241 2105 319 2124 sentin.
351 2103 424 2123 eccle-

241 2137 283 2155 sm
328 2134 374 2155 ,m
403 2138 424 2155 a
437 2114 656 2151 quaecumque
685 2103 819 2138 valorem
845 2113 873 2138 et
902 2103 1027 2138 roboris
1055 2104 1187 2139 firmita-

242 2151 298 2186 honl
317 2168 386 2186 omnia
402 2170 423 2187 et
438 2165 499 2192 tem
521 2157 678 2203 obtinere,
701 2158 830 2205 perinde
852 2170 887 2193 ac
915 2159 940 2193 si
965 2158 994 2192 in
1012 2158 1131 2193 eisdem
1151 2158 1187 2192 li-

242 2203 327 2224 penon.
344 2197 383 2217 noli
395 2197 424 2218 Α-

1207 1877 1210 1931 l

1231 1202 1366 1237 iusmodi
1399 1202 1608 1237 consisterent
1644 1211 1673 1237 et
1695 1202 1867 1236 consistere
1889 1209 1982 1248 pote-

1231 1260 1298 1286 rant
1321 1252 1559 1300 quomodolibet
1581 1251 1779 1292 infuturum,
1797 1251 1982 1287 auctoritate

1230 1303 1398 1349 apostolica
1421 1302 1460 1337 de
1484 1301 1611 1350 speciali
1634 1303 1731 1349 gratia
1760 1313 1890 1349 prorsus
1912 1313 1982 1336 exe·

1231 1352 1286 1386 mit
1312 1361 1341 1387 et
1373 1351 1507 1387 totaliter
1539 1352 1630 1387 etiam
1660 1351 1824 1392 liberavit,
1851 1363 1887 1386 ac
1922 1350 1982 1385 sub

1231 1401 1311 1436 beati
1340 1402 1423 1436 Petri
1452 1411 1480 1436 et
1508 1401 1603 1437 Sedis
1631 1410 1823 1437 memoratae
1852 1413 1887 1436 ac
1913 1400 1982 1436 Ro-

1230 1463 1339 1486 manae
1367 1451 1528 1487 Ecclesiae
1555 1459 1585 1487 et
1611 1463 1666 1486 sua
1701 1451 1895 1498 protectione
1925 1463 1981 1486 su-

1230 1501 1340 1548 scepit,
1368 1514 1403 1536 ac
1427 1509 1572 1549 exempta
1599 1510 1629 1535 et
1658 1501 1808 1536 immunia
1831 1512 1899 1536 esse
1926 1512 1981 1535 vo-

1231 1551 1299 1591 luit,
1316 1551 1440 1598 sibique
1463 1560 1491 1586 et
1514 1551 1753 1586 successoribus
1776 1550 1841 1586 suis
1861 1549 1982 1586 Roma-

1231 1601 1278 1635 nis
1306 1600 1517 1636 Pontificibus
1540 1602 1690 1636 canonice
1722 1600 1912 1636 intrantibus
1945 1612 1982 1635 ac

1230 1651 1330 1686 dictae
1353 1650 1428 1686 Sedi
1454 1651 1634 1686 immediate
1657 1650 1804 1686 subiecit:
1829 1651 1870 1685 ita
1896 1650 1980 1698 quod

1230 1701 1472 1749 archiepiscopi,
1493 1701 1650 1749 episcopi,
1675 1700 1837 1745 ordinarii,
1857 1700 1981 1736 iudices

1230 1750 1414 1798 supradicti,
1438 1751 1558 1786 ratione
1581 1751 1686 1786 delicti
1709 1762 1766 1785 seu
1787 1759 1981 1795 contractus,

1231 1810 1282 1835 aut
1297 1801 1354 1845 rei,
1373 1801 1410 1836 de
1424 1814 1483 1848 qua
1506 1809 1663 1847 ageretur,
1686 1801 1876 1848 ubicumque
1893 1812 1982 1835 com-

1231 1851 1405 1886 mitteretur
1427 1851 1599 1895 delictum,
1620 1850 1668 1885 vel
1697 1850 1830 1886 iniretur
1857 1857 1982 1885 contra·

1231 1909 1311 1945 ctus,
1333 1908 1385 1935 aut
1409 1913 1458 1936 res
1481 1901 1545 1948 ipsa
1568 1901 1773 1945 consisteret,
1806 1900 1926 1935 nullam
1950 1900 1980 1934 in

1231 1962 1264 1984 ea
1292 1950 1488 1995 eremitorio,
1523 1951 1590 1986 loca
1625 1959 1654 1985 et
1687 1949 1836 1986 ecclesias
1864 1950 1983 1985 eremi·

1233 2009 1340 2047 tasque
1362 2009 1391 2035 et
1419 2012 1571 2047 personas
1598 2000 1797 2045 huiusmodi,
1823 2012 1859 2035 ac
1881 2011 1932 2034 res
1953 2007 1982 2034 et

1233 2049 1311 2084 bona
1349 2050 1504 2097 praedicta
1533 2050 1785 2086 iurisdictionem
1806 2077 1815 2095 ,
1838 2057 1982 2098 potesta-

1232 2112 1291 2138 tem
1320 2113 1372 2139 aut
1394 2105 1571 2139 dominium
1602 2114 1730 2153 possent
1757 2103 1982 2152 quoquomodo

1231 2171 1388 2204 exercere,
1411 2159 1466 2194 sed
1492 2159 1656 2194 dumtaxat
1678 2171 1781 2194 coram
1798 2159 1879 2194 dicta
1898 2157 1982 2193 Sede

242 2229 359 2255 pontonem
375 2228 424 2249 sm
438 2211 536 2257 teris,
562 2211 666 2248 omnia
689 2224 745 2260 per
766 2212 884 2248 dictum
908 2212 1184 2260 archiepiscopum
1233 2212 1277 2247 vel
1301 2213 1369 2248 eius
1391 2213 1500 2260 legatis
1532 2214 1590 2261 ipsi
1620 2223 1650 2249 et
1678 2214 1826 2249 eremitae
1853 2221 1883 2248 et
1903 2213 1982 2248 aliae

242 2260 361 2280 immediate
373 2259 424 2280 nub-

242 2291 298 2311 ,em
327 2290 425 2311 mm„
437 2277 585 2302 concessa
601 2294 611 2312 ,
632 2267 811 2314 specialiter
834 2275 865 2302 et
886 2267 1088 2314 singulariter
1115 2280 1187 2302 nar-

242 2323 283 2347 '³⁸1
438 2327 502 2355 rata
524 2328 555 2355 et
575 2332 722 2368 expressa
737 2320 881 2363 fuissent,
897 2329 927 2357 et
945 2322 1073 2370 insuper
1087 2321 1187 2357 Fran—

437 2374 560 2410 ciscum
580 2383 610 2410 et
631 2375 778 2411 eremitas
806 2376 993 2423 praedictos,
1021 2389 1057 2412 ac
1078 2388 1185 2411 eorum

438 2428 639 2476 quemlibet,
684 2431 965 2478 eremitoriumque
992 2430 1056 2465 sire
1082 2431 1186 2465 eccle-

438 2483 516 2518 siam
539 2482 573 2518 S.
596 2482 755 2520 Francisci
784 2485 824 2520 de
851 2484 947 2520 Paula
980 2484 1160 2520 huiusmodi
1181 2513 1188 2523 ,

438 2549 474 2573 ac
495 2537 601 2574 omnia
623 2546 653 2574 et
674 2539 799 2586 singula
826 2539 1015 2584 eremitoria,
1038 2538 1187 2574 ecclesias

439 2599 469 2626 et
496 2591 563 2627 loca
587 2604 642 2640 per
671 2605 724 2628 eos
746 2593 776 2628 in
800 2593 1057 2641 quibuscumque
1079 2592 1188 2627 cirita-

440 2645 524 2682 tibus
547 2655 575 2682 et
599 2646 810 2690 dioecesibus,
847 2660 880 2684 ac
906 2647 1035 2684 ubilibet
1058 2655 1181 2683 cate-,1:-

1233 2280 1384 2314 personae
1407 2269 1437 2303 in
1461 2268 1550 2309 locis,
1572 2268 1716 2303 ecclesiis
1737 2277 1767 2303 et
1794 2267 1983 2303 eremitoriis

1233 2322 1428 2368 huiusmodi,
1457 2335 1511 2370 pro
1538 2331 1679 2369 tempore
1706 2322 1871 2370 degentes,
1892 2330 1984 2358 teue—

1232 2385 1340 2412 rentur
1362 2377 1400 2413 de
1428 2377 1543 2412 iustitia
1566 2377 1767 2425 respondere.

1280 2434 1295 2474 ἓ
1324 2433 1355 2466 5.
1383 2431 1421 2466 Ει
1438 2432 1565 2478 insuper
1579 2432 1623 2466 eis
1640 2431 1790 2467 omnibus
1807 2440 1836 2467 et
1851 2430 1983 2478 singulis
2005 2444 2069 2481 onam
2082 2443 2181 2465 ‹incim-

1231 2485 1369 2520 eremitis
1407 2497 1443 2520 ac
1465 2480 1625 2533 personis,
1649 2485 1726 2521 locis
1742 2514 1750 2530 ,
1786 2485 1929 2521 ecclesiis
1953 2494 1982 2520 et
1997 2476 2181 2534 {ssiss‘ss'ss'dsssssssj

1231 2539 1430 2583 eremitoriis,
1459 2548 1490 2574 ut
1521 2541 1669 2574 omnibus
1703 2548 1733 2574 et
1761 2539 1895 2586 singulis
1917 2539 2075 2587 pristmum
2101 2537 2182 2558 ‘'⁰¹¹¹‘'

1995 2569 2050 2590 toi-l·
2065 2571 2098 2590 ext
2115 2569 2167 2589 udlt.

1232 2593 1365 2640 vilegiis,
1386 2593 1598 2640 indulgentiis,
1626 2593 1893 2635 concessionibus,
1908 2606 1982 2640 gra-
2101 2575 2112 2591 ρ

1209 2644 1211 2685 ¹}
1234 2648 1299 2693 tiis,
1324 2648 1454 2683 indultis
1490 2649 1664 2696 ceterisque
1693 2648 1840 2685 otnuibtts
1863 2657 1891 2684 et
1915 2648 1980 2685 sitt-

1208 2690 1213 2709 l
