2281 3251
98 308 145 339 Ᾰῆ.
164 310 193 337 C.
210 308 277 338 1517

110 486 265 513 Regtstrauono

109 519 258 545 sci-Ipturarum

96 549 202 569 interesse
239 548 279 568 Ca-

96 585 167 601 merae
188 585 279 601 concer-

95 611 196 638 nentium,

111 1625 265 1653 Bullarumque,

111 2640 286 2670 Registrattonum

104 2676 210 2701 mercede,

978 299 1038 324 LEO
1061 301 1078 323 X
1100 299 1148 322 PP-

553 357 635 393 Ciu».
663 356 777 392 XXIV.

344 433 383 468 Et
406 432 521 479 primo,
544 431 678 466 inlibris
708 431 806 478 ipsius
828 428 979 465 Gamerae
1002 429 1039 462 ad

295 482 325 518 id
353 482 512 530 deputatis
539 482 705 528 registrent
727 489 857 515 extense
872 487 902 513 et
924 479 961 513 ad
978 478 1043 512 lon-

294 545 367 579 gum
396 545 506 567 (mines
533 541 564 566 et
586 532 729 577 singulos
754 538 934 565 contractus
963 537 1042 562 iuter

295 594 362 617 eam
379 589 408 616 et
426 593 659 629 quamcumque
684 592 859 626 personam,
875 578 1041 624 collegium
1063 594 1064 599 =

297 631 342 666 vel
372 631 608 666 universitatem
632 631 735 670 initos,
763 638 793 664 et
826 640 1042 676 quascumque

295 681 467 728 scripturas
482 681 519 715 ad
537 680 635 728 ipsam
650 679 815 715 Cameram
836 679 1042 725 pertinentes,

296 731 374 766 infra
398 743 452 766 sex
474 731 541 765 dies
563 743 578 764 a
606 730 656 765 die
679 729 893 776 stipulationis
919 727 984 761 sive
1001 740 1043 761 re-

297 781 424 815 visionis
446 780 570 814 illorum
595 792 649 826 per
670 780 832 822 clericum,
846 777 896 812 eui
918 776 947 811 id
962 789 1045 810 eom-

297 831 429 865 missum
454 830 557 874 suerit,
579 827 822 876 computandos,
845 827 898 873 qui
918 834 1044 861 contra—

296 887 366 914 etus
388 888 417 914 et
444 880 616 926 scripturae
640 891 693 925 per
716 877 852 912 notarios
874 877 971 923 ipsius
988 874 1046 910 Ca-

297 941 400 964 merae
422 938 453 963 et
480 941 542 963 non
567 941 620 975 per
646 928 723 962 alios
746 927 962 973 registrentur‚
985 924 1045 959 sub

298 991 396 1025 poena
424 978 634 1013 ducentorum
664 978 850 1012 ducatorum
889 975 955 1009 auri
989 986 1045 1021 pro

296 1027 436 1075 quaIIbet
474 1029 560 1073 rice,
591 1040 651 1075 qua
687 1036 899 1071 transgressus
931 1024 1045 1070 aliquis

296 1089 404 1113 eorum
433 1077 541 1122 suerit,
575 1089 630 1124 pro
662 1075 827 1110 medietate
858 1074 959 1108 eidem
984 1074 1046 1107 Ca-

298 1140 412 1171 merac,
429 1136 459 1162 et
483 1140 537 1174 pro
564 1126 621 1161 alia
649 1125 814 1160 medietate
836 1123 969 1171 collegio
987 1122 1047 1157 cle-

298 1178 432 1211 ricorum
455 1176 714 1224 applicandorum
732 1202 740 1215 ,
766 1176 859 1208 etiam
888 1174 913 1206 si
951 1185 1021 1219 pars
1037 1200 1044 1210 ,

296 1238 368 1261 cum
391 1239 452 1274 qua
480 1233 657 1261 contractus
684 1223 777 1259 suerit
801 1222 1045 1266 initus‚n0tario

297 1285 405 1322 rogato
432 1288 495 1310 non
517 1274 723 1314 satisfecerit3
747 1286 802 1320 pro
824 1273 918 1306 cuius
942 1280 1044 1305 tamen

297 1325 443 1360 mercede
470 1323 710 1370 consequenda,
744 1322 851 1357 cleriei
888 1329 1046 1368 praestent

296 1374 396 1409 eidem
427 1375 548 1408 notario
569 1385 696 1408 omnem
720 1371 870 1414 favorem,
886 1379 921 1405 ut
943 1371 1044 1418 ipsam

297 1423 473 1458 mercedem
501 1436 572 1458 cum
597 1422 709 1457 effectu
732 1429 954 1469 consequatur.

567 1495 647 1530 Cap,
676 1494 774 1529 XXV.

344 1566 422 1602 Item
437 1595 446 1611 ,
472 1567 545 1615 quia
568 1567 672 1602 bullae
694 1565 885 1613 apostolicae
914 1564 1047 1599 fideliter

297 1622 477 1657 tractandae
512 1631 542 1656 et
578 1620 789 1667 registraudae
816 1628 909 1659 sunt,
946 1631 1047 1666 neque

296 1685 367 1711 ante
403 1676 524 1711 illarum
562 1676 811 1722 registrationem
846 1674 940 1709 alicui
962 1682 1047 1708 extra

297 1731 464 1777 collegium
487 1731 625 1777 ipsorum
651 1730 845 1764 notariorum
860 1728 1048 1772 credendae,

297 1798 407 1820 omnes
440 1785 544 1819 bullae
571 1785 600 1818 in
630 1784 766 1831 praefata
799 1783 932 1818 Camera
967 1783 1049 1828 regi-

297 1839 458 1879 strandae‚
482 1852 538 1887 per
561 1840 647 1886 ipsos
677 1838 815 1873 notarios
843 1837 996 1872 Camerae
1019 1846 1049 1872 et

298 1906 359 1928 non
377 1906 432 1941 per
445 1894 580 1940 aliquem
602 1893 696 1928 alium
720 1892 1047 1939 registrentumipsae-

297 1960 358 1995 que
380 1948 496 1987 bullae,
512 1956 543 1982 ut
568 1947 787 1995 praemittitur,
808 1947 990 1992 registratae
1019 1954 1050 1980 et

297 2012 432 2049 sumpta,
455 2014 535 2050 quae
563 2002 601 2036 de
629 2001 674 2036 eis
702 2000 766 2035 fieri
800 2000 972 2046 continget⁷
996 2012 1050 2047 per

298 2069 397 2091 unum
416 2069 453 2091 ex
477 2056 602 2091 clericis
637 2068 710 2090 cum
735 2054 846 2090 eodem
870 2055 1004 2100 registro
1019 2055 1051 2089 fi-

298 2111 408 2146 deliter
431 2123 466 2146 ae
492 2111 530 2145 de
550 2110 643 2145 verbo
658 2109 696 2145 ad
720 2109 849 2144 verbum
874 2109 1050 2143 ausculten-

298 2173 359 2205 tur,
387 2173 417 2200 et
443 2166 468 2200 si
491 2164 565 2212 quid
594 2165 623 2198 in
647 2164 780 2210 registro
808 2163 971 2204 omissum,
994 2176 1049 2198 su-

299 2219 454 2266 perfluum
478 2219 524 2254 vel
548 2218 737 2253 mendosum
766 2218 951 2264 reperiatur,
979 2230 1049 2253 cor-

299 2275 416 2320 rigatur
455 2286 550 2309 manu
575 2273 718 2308 eiusdem
755 2272 883 2313 clerici3
916 2271 1048 2319 talisque

298 2330 449 2365 correctio
463 2341 518 2377 per
541 2329 645 2376 ipsum
669 2327 832 2368 clericum,
850 2327 976 2361 nomine
991 2339 1049 2361 suo

299 2385 452 2431 apposito,
466 2383 669 2431 approbetur,
687 2390 779 2429 prout
802 2381 835 2416 fit
863 2381 892 2415 in
920 2380 988 2416 aliis
1004 2394 1049 2416 re-

299 2439 406 2486 gistris
432 2437 558 2473 Curiae.

566 2509 646 2545 Cap.
670 2507 782 2544 XXVI.

348 2584 390 2620 Et
417 2584 488 2632 quia
514 2582 619 2618 omnis
641 2580 728 2616 labor
752 2587 837 2627 optat
862 2579 1049 2627 praemium,

303 2640 524 2687 praedictaque
546 2634 720 2683 registratio
746 2634 916 2669 admodum
937 2646 1050 2668 neces-

301 2694 378 2729 saria
394 2702 441 2729 est
454 2701 484 2728 et
498 2694 527 2727 in
543 2691 676 2741 partium
700 2689 866 2724 utilitatem
882 2688 1049 2727 redundat,

1711 285 1778 318 707

1084 355 1155 402 quia
1180 352 1279 388 visum
1299 364 1393 398 saepe
1421 350 1490 394 suit,
1509 348 1635 397 quando
1657 350 1768 384 accidit
1795 362 1831 385 ex

1086 405 1227 451 registris
1253 404 1405 438 Gamerae
1432 400 1558 447 aliquod
1586 407 1748 445 sumptum
1777 412 1833 434 ex-

1086 456 1178 498 trabi7
1202 463 1341 500 repertus
1371 452 1465 486 fuisse
1490 452 1518 484 in
1542 449 1660 484 eisdem
1690 450 1833 492 registris

1087 505 1238 551 plurimos
1261 503 1402 537 defectus
1424 509 1454 535 et
1481 512 1615 538 errores,
1640 499 1731 533 etiam
1755 498 1834 532 sul)-

1084 555 1261 591 stautiales,
1285 553 1463 599 praedictus
1485 549 1619 584 clericus
1641 549 1835 583 auscultator

1085 616 1100 638 a
1119 613 1202 650 parte
1223 615 1321 636 unum
1347 602 1456 636 iulium
1475 600 1603 645 recipiat
1620 611 1675 645 pro
1691 598 1835 645 quolibet

1088 654 1150 700 pari
1181 652 1352 691 bullarum,
1375 651 1508 697 gratiosa
1530 649 1648 683 scilicet
1667 659 1697 683 et
1718 660 1836 683 execu-

1087 703 1185 738 toriali
1213 701 1319 743 simul,
1347 709 1400 735 aut
1423 712 1478 747 pro
1503 711 1563 733 una
1586 697 1682 741 bulla,
1709 697 1836 745 quando

1086 753 1219 798 simplex
1242 751 1345 790 fuerit,
1368 758 1397 785 et
1419 749 1565 785 similiter
1588 760 1642 795 pro
1666 760 1729 782 uno
1744 759 1835 782 sum-

1088 811 1151 848 pto.
1181 801 1329 836 Notarius
1348 812 1419 834 vero
1439 811 1493 846 pro
1516 798 1620 832 labore
1643 809 1717 832 suae
1752 796 1838 842 regi-

1087 851 1248 886 stratiunis
1271 858 1389 884 tantum
1406 849 1505 895 capiat
1521 857 1550 882 et
1566 860 1627 882 non
1640 847 1838 894 ultra‚quan-

1089 909 1153 934 tum
1191 901 1220 934 iu
1252 900 1384 945 registro
1407 897 1623 933 Cancellariae
1652 898 1717 931 sive
1741 907 1839 943 prae-

1089 950 1166 984 fatae
1198 949 1350 984 Gamerae
1372 948 1547 995 antiquitus
1580 946 1779 994 capiebatur,
1807 944 1837 979 in

1087 1011 1149 1046 quo
1178 1000 1235 1045 ipsi
1265 999 1376 1033 notarii
1402 998 1588 1032 modestiam
1625 1004 1771 1034 servent,
1800 1006 1839 1029 ne

1089 1058 1192 1094 partes
1215 1048 1253 1082 (le
1278 1049 1353 1095 ipsis
1377 1048 1456 1082 iuste
1478 1054 1724 1093 conquerantur;
1741 1053 1770 1079 et
1794 1045 1840 1078 si-

1089 1099 1170 1133 milis
1192 1098 1379 1132 auscultatio
1409 1098 1460 1131 liat
1483 1097 1520 1130 tle
1540 1095 1772 1134 instrumentis,
1787 1106 1840 1128 ca-

1089 1148 1207 1193 pitulis,
1236 1147 1416 1194 patentibus
1443 1154 1473 1180 et
1499 1146 1567 1180 aliis
1591 1145 1620 1179 in
1644 1145 1763 1180 eisdem
1795 1143 1840 1178 li·-

1089 1197 1153 1232 bris
1175 1197 1327 1232 Gamerae
1350 1195 1567 1242 registraudis.

1343 1267 1424 1303 Cap,
1453 1266 1585 1302 XXVII.

1137 1341 1234 1385 Item,
1265 1349 1298 1374 ut
1330 1352 1457 1386 semper
1479 1340 1579 1386 possit
1608 1337 1705 1373 videri
1734 1348 1840 1381 causa,

1091 1401 1217 1438 propter
1238 1403 1331 1438 quam
1361 1389 1475 1429 bullae,
1497 1389 1618 1435 absque
1640 1395 1771 1422 annatae
1788 1399 1841 1421 so-

1090 1442 1219 1484 lutione,
1237 1440 1377 1487 partibus
1399 1438 1606 1484 allegantibus
1631 1438 1839 1472 intrusionem

1090 1491 1267 1531 traduntur,
1291 1489 1402 1524 notarii
1425 1488 1567 1522 eiusdem
1591 1487 1742 1522 Gamerae
1764 1499 1841 1521 con-

1091 1540 1195 1575 {iciant
1235 1541 1317 1574 etin
1347 1539 1455 1574 eadem
1487 1537 1620 1572 Camera
1654 1545 1842 1571 conservent

1091 1602 1188 1624 unum
1212 1589 1346 1629 librum,
1370 1589 1399 1622 in
1423 1600 1498 1634 quo,
1523 1589 1554 1621 in
1578 1587 1754 1634 praesentia
1783 1598 1842 1620 no—

1091 1640 1170 1679 tarii,
1203 1639 1385 1674 describant
1416 1650 1528 1672 omnes
1556 1637 1772 1671 attestationes
1794 1644 1843 1670 te-

1090 1691 1184 1724 stium
1208 1689 1456 1724 exaininatorum
1486 1688 1517 1722 in
1545 1687 1719 1734 praesentia
1753 1698 1843 1720 men-

1091 1740 1161 1774 sarii
1187 1752 1240 1786 per
1264 1740 1365 1785 ipsum
1390 1738 1547 1772 notarium
1570 1735 1722 1771 Camerae
1745 1747 1843 1782 super

1093 1789 1321 1823 intrusionibus
1340 1788 1558 1826 ecelesiarum,
1578 1787 1842 1820 monasteriorum

1092 1847 1121 1873 et
1148 1839 1279 1873 aliorum
1302 1849 1580 1885 quorumcumque
1604 1835 1842 1875 beneficiorum,

1092 1901 1163 1923 eum
1187 1888 1435 1934 interrogatoriis
1463 1899 1517 1933 per
1545 1895 1779 1933 procuratorem
1804 1884 1844 1918 ss-

1092 1938 1207 1973 scalem
1236 1938 1420 1984 compositis
1442 1944 1472 1970 et
1495 1936 1525 1970 in
1554 1935 1686 1970 Camera
1709 1935 1843 1981 Aposto-

1092 1989 1148 2022 tica
1173 1989 1357 2034 registratis;
1379 1987 1466 2023 alias,
1482 1985 1616 2020 testibus
1637 1997 1732 2030 super
1758 1984 1844 2018 simi-

1093 2037 1175 2072 libus
1214 2038 1274 2072 alio
1303 2036 1396 2071 modo
1425 2036 1610 2070 examinatis
1642 2034 1727 2068 nulla
1752 2045 1843 2080 prae-

1091 2096 1191 2122 stetur
1218 2087 1308 2129 sides,
1336 2094 1366 2120 et
1394 2086 1497 2119 bullae
1526 2097 1587 2118 nou
1613 2083 1787 2125 tradantur,
1815 2094 1843 2116 e-

1093 2138 1165 2171 tiam
1188 2137 1246 2171 sub
1269 2136 1479 2182 obligatione,
1508 2134 1565 2168 nisi
1591 2134 1724 2168 intrusio
1750 2132 1841 2179 plene

1093 2199 1148 2234 per
1175 2195 1280 2230 testes,
1304 2194 1338 2220 ut
1362 2184 1546 2232 praefertur,
1564 2183 1758 2218 exanimatos
1774 2193 1843 2228 pro-

1093 2237 1205 2278 betur3
1237 2246 1267 2271 et
1295 2235 1435 2270 notarius
1463 2233 1584 2273 babeat,
1609 2245 1664 2280 pro
1695 2233 1842 2266 examine

1094 2287 1187 2321 unius
1209 2285 1378 2320 cuiuslibet
1407 2284 1515 2327 testis,
1552 2291 1585 2317 ut
1621 2282 1842 2329 praemittitur,

1091 2336 1271 2376 examinati,
1294 2334 1437 2369 carleuos
1460 2334 1540 2367 duos
1558 2333 1720 2379 antiquos,
1733 2339 1763 2366 et
1779 2339 1842 2365 tan-

1092 2387 1232 2421 tumdem
1255 2385 1355 2431 capiat
1378 2396 1434 2430 pro
1461 2383 1604 2418 examine
1632 2384 1661 2416 in
1685 2380 1842 2416 similibus

1091 2437 1205 2480 causis,
1234 2444 1448 2483 praeterquam
1484 2434 1514 2467 in
1543 2431 1781 2474 commissariis‚
1810 2430 1840 2465 in

1091 2486 1208 2535 quibus
1234 2493 1376 2521 servetur
1405 2483 1504 2532 stylus
1524 2482 1687 2518 Romanae
1713 2480 1840 2516 Curiae.

1336 2561 1416 2596 Cat).
1449 2559 1593 2595 XXVIII.

1139 2635 1238 2676 Item⁷
1260 2633 1332 2682 quia
1363 2632 1446 2673 libri,
1470 2632 1523 2680 qui
1551 2638 1625 2666 sunt
1648 2630 1678 2664 in
1701 2629 1841 2664 archivio

1092 2684 1243 2721 Gamerae
1275 2683 1489 2732 Apostolicae‚
1516 2689 1590 2716 sunt
1630 2681 1732 2727 magni
1762 2691 1841 2729 pon-

1848 292 1895 319 Αη.
1915 291 1943 319 C.
1962 288 2028 318 ¹5¹⁷

1868 1344 1979 1369 nullarum,
1990 1344 2039 1364 abs·

1856 1382 1894 1404 que
1933 1376 2039 1396 solutione

1855 1410 1978 1427 annatarum
2002 1413 2040 1427 ex-

1856 1439 1962 1466 peditione
2015 1444 2038 1458 ac

1856 1471 1940 1491 testium
1960 1470 2040 1491 exami-

1856 1506 1890 1527 ne,

1876 2633 1981 2656 Librorum
1997 2634 2038 2656 Ca-

1855 2671 1924 2688 merae
1934 2668 2036 2688 custodia.
