2281 3251
69 293 130 320 -Αιι,
148 292 175 319 C.
195 293 261 321 twt

275 357 305 383 et
326 347 470 396 qualiter,
494 347 575 382 illius
597 347 812 394 multiplicatis
828 348 1022 395 plantationi-

276 398 346 441 bns,
356 396 466 443 religio
489 397 555 444 ipsa
570 396 679 432 floride
695 396 853 436 dilatetur,
876 398 1023 432 solertius

275 447 490 488 intendamus,
519 458 709 493 omnemque
744 447 971 493 inquietudinis
994 457 1021 481 et

275 495 434 530 molestiae
469 495 606 529 fomitem
641 495 875 532 subtrahamus⁴
914 498 1022 543 sir-qne

274 546 366 580 statui
390 546 530 579 omnium
556 545 773 591 religiosorum
799 546 827 579 in
849 546 1022 581 bumilitate

275 593 437 629 Altissimo
471 594 687 628 famulantium
717 604 894 641 opportune
919 597 1022 640 prori-

275 643 417 686 deamus,
440 643 538 689 quod,
560 643 710 677 oinnibns
733 644 771 678 ab
792 644 866 690 ipsis
893 646 1023 680 sublatis

275 693 441 737 molestiis,
475 694 504 727 in
534 692 694 739 religionis
722 692 936 735 obseruantia,
972 695 1024 729 iu-

273 742 367 789 gique
403 742 652 790 perseveratione
687 743 823 789 quietius
860 743 1022 779 intendere

274 791 405 827 valeant.

323 841 343 888 ἓ
368 844 397 875 1.
418 841 514 886 Sane,
536 854 607 876 cum
632 841 751 876 dudum
783 843 863 876 inter
889 842 1022 877 dilectos

75 890 259 947 ,ξζζζζῗεὲξηζζ
273 891 353 926 filios
375 890 630 926 praedicatorum
647 901 677 925 et
690 890 846 925 Minorum
865 890 1020 926 Ordinum

76 952 160 978 carisii,
176 953 197 973 in
219 954 259 974 tri·
274 940 384 975 fratres
407 943 520 982 (satore
538 941 672 975 zizaniae
687 946 861 987 operante),
876 953 972 988 super
986 954 1022 975 eo

77 983 258 1011 ⁶⁰⁰⁰³⁵⁵'⁰'¹³”¹'
272 989 356 1037 quod
381 1002 489 1024 eorum
517 990 614 1036 aliqui
640 992 669 1024 in
700 1002 839 1036 ipsorum
865 991 1023 1037 praediea-

75 1014 410 1074 tiiti'ioniiiiiiiissitionibus
449 1040 619 1086 pretiosum
655 1038 850 1085 Sanguinem
894 1038 1020 1074 Domini

75 1078 97 1097 et
117 1075 152 1097 alit
172 1078 260 1098 contn-
364 1088 369 1094 .
592 1089 597 1094 .
633 1089 638 1094 .
673 1089 678 1094 .
762 1088 767 1094 .
942 1088 947 1095 .
999 1089 1004 1095 .

75 1108 127 1128 rin·
165 1097 370 1128 „ffim,-uostri
407 1087 479 1123 lesu
522 1087 638 1124 Christi
673 1101 701 1122 in
732 1088 836 1123 triduo
867 1101 1022 1135 passmms

75 1137 130 1159 '’⁶¹¹¹-
273 1137 414 1173 eiusdem
437 1147 615 1183 separatum
641 1137 738 1172 fnisse
765 1137 804 1172 al)
826 1138 924 1185 ipsius
947 1150 1023 1174 san-

273 1187 409 1221 ctissima
434 1185 604 1222 Divinitate
622 1187 853 1226 asseverabant,
876 1188 925 1222 alii
950 1200 1022 1222 vero

274 1235 339 1271 fore
380 1237 572 1271 contrarium
615 1235 780 1275 tenebant,
817 1236 1023 1272 dissensionis

273 1285 401 1320 materia
424 1294 530 1321 exorta
558 1285 635 1320 foret
652 1314 659 1324 ,
691 1297 727 1320 ex
755 1299 815 1333 qua
844 1287 880 1321 ad
906 1295 1020 1321 tantam

273 1334 354 1370 inter
385 1346 439 1369 eos
465 1334 725 1378 altercationem,
755 1344 787 1370 ut
820 1337 1022 1381 accepimus,

272 1384 441 1419 deventum
469 1384 581 1425 extitit,
605 1393 637 1419 ut
664 1384 754 1420 facile
788 1384 947 1420 mentibus
984 1385 1022 1419 fi-

272 1433 389 1469 delium
428 1442 534 1481 posset
564 1433 748 1469 scandalum
788 1435 941 1481 generari.
983 1434 1021 1470 Et

274 1482 347 1518 licet
373 1482 450 1518 alias
472 1495 529 1518 nos
556 1483 593 1518 ad
617 1483 808 1519 obviandum
841 1485 1022 1531 praedictis,

272 1532 387 1568 auditis
410 1533 447 1567 iis
473 1545 553 1580 quae
576 1533 659 1568 circa
683 1534 853 1580 praemissa
890 1543 1022 1582 utraque

273 1593 344 1628 pars
366 1580 491 1617 dicebat
526 1591 555 1617 et
582 1582 746 1629 allegabat,
773 1582 934 1618 silentium
964 1585 1023 1618 im-

272 1632 485 1679 posuerimus,
511 1644 546 1666 ae
570 1632 730 1667 materiam
755 1633 852 1679 ipsam
871 1633 1024 1668 indiscus-

270 1692 337 1715 sam
360 1693 417 1728 pro
444 1689 519 1716 tunc
543 1681 774 1729 reliquerimuS,
798 1695 833 1716 ac
861 1682 1022 1717 mandavi-

271 1742 342 1765 mus
383 1730 422 1765 de
456 1730 638 1766 huiusmodi
682 1731 841 1766 dubietate
885 1733 1023 1779 amplius

270 1779 532 1827 disceptationem
557 1781 693 1828 aliquam
719 1780 783 1815 fieri
808 1794 869 1815 non
894 1781 1021 1823 debere;

271 1829 344 1876 quia
368 1837 472 1864 tamen
497 1830 668 1864 verendum
693 1829 794 1869 foret,
825 1843 861 1864 ne
885 1843 920 1865 ex
945 1843 1023 1866 con-

270 1878 428 1914 trarietate
445 1879 615 1925 praedicta,
644 1880 673 1913 in
698 1879 859 1915 mentibus
892 1893 1021 1915 eorum-

269 1927 340 1961 dem
368 1926 487 1964 Christi
511 1928 652 1963 fidelium
682 1928 798 1976 aliquid
830 1930 968 1965 scandali
984 1931 1020 1964 ad

269 1989 378 2012 eorum
409 1978 531 2013 animas
560 1978 775 2025 illaqueandas
805 1979 930 2014 evenire
954 1992 1022 2027 pos-

269 2026 332 2067 sit,
361 2035 481 2062 matura
515 2027 796 2075 praemeditatione
841 2030 1022 2064 curavimus

268 2076 418 2111 omnibus
456 2077 592 2112 sinistris
631 2078 795 2113 eventibus
830 2079 1020 2125 praemissis,

270 2139 362 2177 prout
383 2144 419 2166 ex
443 2130 551 2166 debito
575 2132 739 2178 pastoralis
766 2131 858 2166 oflicii
883 2133 1021 2167 adstrin-

267 2183 384 2230 gimur,
407 2185 544 2220 obviare.

317 2240 387 2281 §2
416 2238 457 2275 Ut
485 2239 578 2286 igitur
601 2240 630 2274 in
654 2239 795 2275 Ecclesia
827 2240 885 2275 Dei
913 2241 1022 2276 ortlio·

268 2291 367 2326 doxae
405 2293 475 2327 fidei
521 2295 623 2328 unitas
660 2303 887 2341 praeservetur,
923 2303 951 2329 et
982 2295 1020 2330 de

268 2354 372 2381 cetero
396 2347 521 2382 tollatur
547 2348 671 2383 occasio
694 2349 723 2382 in
748 2348 930 2383 huiusmodi
948 2361 1020 2384 con-

268 2401 434 2436 troversias
449 2400 623 2446 incidendi,
637 2402 823 2437 anctoritate
835 2403 1018 2450 apostoliea.

269 2462 378 2489 tenore
402 2456 614 2502 praesentium
645 2456 811 2491 statuimus
834 2465 863 2491 et
892 2456 1020 2492 ordina-

269 2522 339 2545 mus
378 2510 462 2557 quod
499 2510 574 2545 nulli
616 2510 747 2545 fratrum
785 2510 1018 2557 praedictorum

268 2563 417 2612 deinceps
446 2564 536 2600 liceat
570 2563 609 2600 de
642 2564 821 2613 supradicta
857 2564 1019 2601 dubietate

268 2617 450 2665 disputare,
480 2618 677 2665 praedicare,
712 2618 756 2653 vel
794 2618 920 2665 publice
967 2629 1019 2655 aut

269 2672 385 2720 private
422 2671 550 2707 verbum
575 2672 688 2714 facere,
716 2685 770 2708 seu
795 2672 862 2708 aliis
884 2673 1019 2710 suadere

84 2294 122 2316 Ele
136 2301 186 2322 orgo
196 2296 254 2317 Pon-

70 2326 102 2348 iit.
112 2327 138 2348 dn
149 2326 189 2349 hoe
198 2333 264 2356 prm.

71 2357 135 2379 dicari
146 2361 166 2379 et
180 2359 254 2387 dispu-

72 2389 111 2409 tari
126 2388 231 2415 prohibet,

945 294 1013 317 Pius
1035 294 1058 318 H
1082 295 1129 317 ΡΡ.

1681 286 1760 319 ’181

1063 348 1147 396 qnod
1172 348 1315 384 videlicet
1342 349 1534 384 haereticum
1569 349 1614 384 vel
1651 358 1812 397 peccatum

1064 399 1101 432 sit
1122 407 1227 432 tenere
1253 399 1298 433 vet
1326 398 1454 434 credere
1478 398 1673 445 Sanguinem
1710 400 1812 446 ipsum

1064 448 1333 492 saeratismnum,
1371 457 1402 483 ut
1442 448 1671 494 praemittitur,
1710 449 1814 483 triduo

1065 498 1220 541 passionis
1262 498 1404 532 eiusdem
1443 498 1570 532 Domini
1609 498 1707 532 nostri
1743 497 1812 532 Ivsn

1063 546 1192 585 Christi,
1216 547 1254 580 ab
1283 548 1348 593 ipsa
1377 546 1548 582 Divinitate
1575 546 1811 594 quomodolibet

1065 595 1159 629 fuisse
1197 596 1241 629 vel
1267 609 1327 630 non
1356 596 1452 631 fuisse
1477 595 1611 631 divisum
1637 597 1683 630 vel
1723 609 1814 643 sepa-

1065 653 1177 687 ratum,
1200 645 1299 679 donec
1319 658 1413 692 super
1435 645 1608 681 dubietatis
1630 645 1812 680 huiusmodi

1064 693 1234 732 decisione.
1261 695 1337 741 quid
1363 695 1532 730 tenendum
1562 695 1614 735 sit,
1644 695 1734 730 fuerit
1759 708 1813 741 per

1065 755 1122 777 nos
1149 750 1178 777 et
1200 742 1316 778 Sedom
1341 743 1554 790 Apostolicam
1574 744 1749 779 definitum.

1112 792 1132 839 S
1165 794 1196 826 ὅ.
1233 792 1417 828 Mandantes
1455 803 1618 841 propterea
1659 794 1812 828 univers-i-

1063 850 1092 875 et
1126 842 1258 888 singulis
1293 843 1466 877 eorundem
1503 853 1533 877 et
1563 843 1694 878 aliorum
1731 856 1813 890 quo-

1065 903 1272 938 rumcumque
1295 890 1452 926 Ordinum
1490 906 1543 939 per
1571 901 1669 928 totuin
1705 893 1812 927 orbem

1063 942 1240 975 constitutis
1262 940 1421 985 fratribus,
1449 943 1682 990 cuiuscumque
1703 950 1812 977 status*

1063 989 1179 1035 gradus
1203 990 1248 1023 vel
1277 990 1467 1026 conditionis
1489 992 1634 1031 existant,
1659 1004 1814 1038 praescn-

1064 1038 1148 1074 tibus
1175 1048 1204 1073 et
1238 1039 1361 1079 futuris,
1384 1040 1445 1075 sub
1477 1041 1814 1076 excommunicationis

1064 1088 1141 1123 latae
1165 1089 1340 1124 sententiae
1363 1102 1474 1136 poena.
1509 1103 1602 1137 quam
1632 1091 1701 1137 ipso
1734 1090 1814 1125 facto

1065 1137 1237 1182 incurrant,
1260 1147 1291 1172 et
1313 1151 1328 1172 a
1351 1151 1424 1186 qua,
1454 1140 1512 1174 nisi
1538 1140 1567 1173 in
1598 1140 1706 1174 mortis
1735 1141 1813 1174 arti-

1063 1186 1134 1222 culo
1161 1186 1335 1232 constituti,
1359 1188 1417 1222 nisi
1447 1201 1501 1236 per
1525 1201 1581 1223 nos
1608 1197 1661 1223 aut
1687 1200 1815 1224 succes-

1064 1247 1152 1271 sores
1175 1246 1300 1272 nostros
1326 1237 1444 1272 absolvi
1475 1239 1616 1285 possint,
1642 1250 1679 1272 ne.
1707 1247 1812 1273 contra

1063 1293 1216 1320 statutum
1240 1295 1270 1321 et
1293 1287 1523 1322 ordinationem
1549 1295 1685 1323 nostram
1722 1300 1815 1335 prae-

1063 1333 1178 1370 dictam
1201 1337 1304 1371 venire
1327 1344 1381 1370 aut
1404 1336 1504 1371 facere
1526 1337 1570 1371 rel
1595 1345 1713 1371 tentare
1733 1350 1814 1384 qno-

1063 1396 1127 1431 quo
1150 1384 1245 1420 modo
1268 1395 1481 1433 praesumant.

1112 1433 1132 1482 S
1154 1437 1186 1468 4.
1203 1434 1333 1470 Necnon
1356 1435 1506 1471 omnibus
1531 1445 1560 1471 et
1576 1436 1711 1482 siugulis
1731 1449 1815 1481 prae-

1063 1483 1220 1519 dictorum
1244 1493 1271 1519 et
1308 1484 1439 1519 aliorum
1468 1485 1624 1520 Ordinum
1650 1485 1814 1533 praelatis.

1065 1540 1097 1567 ut
1126 1533 1154 1568 in
1192 1534 1303 1569 virtute
1330 1542 1455 1569 sanctae
1478 1534 1676 1570 obedientiae
1711 1543 1816 1569 trans-

1063 1595 1224 1629 gressores
1260 1596 1383 1627 omnes,
1407 1597 1488 1632 quos
1529 1585 1557 1618 in
1589 1584 1730 1631 poenam
1752 1584 1813 1619 liu-

1066 1632 1200 1667 iusmodi
1234 1632 1407 1678 incidisse,
1435 1642 1487 1668 aut
1522 1642 1628 1669 contra
1659 1633 1813 1681 praedicta

1064 1681 1180 1717 dixisse
1205 1682 1250 1717 vel
1275 1682 1385 1718 fecisse
1415 1682 1815 1730 praesumpserint,dignis

1064 1731 1173 1777 poenis
1199 1731 1338 1779 dirisque
1352 1732 1533 1768 carceribus
1550 1733 1660 1779 punire
1677 1741 1705 1767 et
1726 1746 1816 1767 man-

1063 1780 1168 1828 cipare
1185 1790 1366 1828 procurent,
1383 1795 1417 1816 ac
1438 1781 1587 1817 fratribus
1603 1782 1678 1830 ipsis
1696 1782 1816 1817 utrius-

1063 1842 1124 1877 que
1159 1843 1212 1865 seu
1242 1831 1370 1866 alterius
1393 1830 1524 1866 Ordinis
1546 1831 1584 1866 de
1617 1840 1734 1876 cetero,
1757 1833 1815 1866 sub

1063 1879 1182 1914 eisdem
1204 1881 1327 1927 poenis,
1346 1880 1483 1927 aliquem
1502 1881 1626 1916 fratrem
1647 1894 1702 1915 seu
1719 1881 1813 1916 alium

1065 1930 1255 1964 haereticum
1299 1939 1461 1978 propterea
1510 1931 1722 1977 proclamare,
1763 1940 1812 1965 aut

1065 1979 1204 2014 haeresis
1223 1992 1259 2013 ex
1275 1979 1333 2015 lioc
1349 1979 1449 2014 labem
1474 1980 1644 2016 incurrisse
1662 1981 1814 2015 constite-

1064 2028 1113 2071 rit,
1135 2028 1222 2063 illum
1249 2029 1293 2063 vel
1324 2029 1393 2064 illos
1415 2029 1497 2077 apud
1523 2029 1638 2065 Sedem
1670 2030 1814 2076 Aposto-

1064 2077 1153 2112 licam
1194 2079 1386 2113 denunciare
1423 2087 1587 2113 teneantur
1616 2088 1644 2114 et
1668 2079 1812 2117 debeant:

1062 2132 1222 2179 quodque,
1263 2133 1342 2168 inter
1378 2132 1453 2168 alias
1473 2145 1688 2181 quascumque
1711 2133 1813 2168 eccle-

1062 2186 1203 2221 siasticas
1236 2186 1477 2234 saecularesque
1505 2199 1666 2234 personas,
1707 2187 1814 2222 nullus

1063 2240 1192 2275 fratrum
1216 2240 1372 2276 Ordinum
1398 2240 1627 2288 praedictorum
1651 2254 1706 2276 seu
1736 2242 1813 2276 alio·

1062 2308 1149 2339 rum,
1183 2295 1319 2341 aliquem
1362 2295 1399 2329 de
1441 2294 1609 2341 praedictis
1645 2295 1813 2336 infamare,

1060 2358 1110 2383 aut
1155 2349 1193 2384 de
1238 2349 1289 2383 illo
1338 2348 1573 2395 qiinmodolibet
1621 2349 1813 2396 proclamare

1062 2413 1248 2450 praesumat.

1109 2456 1129 2504 ἓ
1151 2459 1183 2492 5.
1207 2457 1411 2500 Quinimmo,
1437 2466 1466 2491 ut
1493 2458 1600 2492 fratres
1631 2458 1687 2504 ipsi
1709 2457 1810 2492 Prae-

1060 2510 1235 2546 dicatorum
1264 2518 1293 2545 et
1320 2509 1478 2546 Minorum
1507 2510 1665 2546 Ordinum
1697 2511 1811 2546 huius-

1061 2565 1158 2605 modi,
1183 2573 1292 2600 mutuo
1308 2578 1341 2601 se
1363 2564 1493 2612 diligant
1517 2574 1544 2600 et
1569 2578 1638 2601 cum
1660 2565 1809 2600 charitate

1061 2627 1262 2666 pertractent,
1290 2618 1464 2654 secuudum
1493 2618 1651 2655 Ordinum
1668 2619 1807 2666 ipsorum

1061 2673 1198 2708 instituta
1226 2681 1255 2708 et
1288 2673 1439 2719 regularis
1463 2673 1678 2720 observantiae
1699 2669 1807 2720 Regit}

1832 297 1881 322 An.
1900 295 1926 322 C.
1946 296 2010 322 l'ib't

1841 801 1998 822 contravenien
2006 814 2013 817 -

1827 833 2015 854 §thuscosnasfm-

1828 865 1892 890 ponit,

1845 1446 1867 1466 Et
1889 1446 1936 1466 Sed·
1958 1446 2014 1472 Apo-

1831 1477 1920 1497 stolirae
1929 1483 1965 1497 eos
1977 1478 2015 1498 de-

1831 1509 1926 1529 nunciari
1949 1509 2012 1528 triba.

1843 2467 1948 2495 Fratrem.
1959 2468 2011 2490 Pras*

1828 2500 1934 2520 &catores
1944 2504 1964 2520 st
1973 2499 2010 2520 Mi*

1828 2535 1873 2549 ⁷⁸0(-
1884 2533 1954 2552 malni
1966 2536 2010 2550 ”nm

1828 2561 1899 2581 {hlei-t.
1921 2567 1943 2582 so
1966 2565 2009 2582 tur

1827 2596 1884 2612 ‘tarn
1900 2591 2010 2619 pompa-
