2281 3251
245 275 294 302 An.
313 275 342 303 C.
362 276 428 304 13¹7

253 1479 370 1502 Contrariis
386 1481 424 1502 de-

240 1515 313 1538 rog-13

278 1633 423 1659 ‘run-umpa-

239 1665 297 1687 credi
312 1664 377 1687 iubet.

495 266 562 298 712

443 331 603 378 episcopis
632 343 667 366 ac
701 330 906 365 ecclesiarum
934 329 1106 376 capitulis,
1133 327 1193 363 sub

445 381 601 416 interdicti
625 381 785 426 ingressus
807 379 957 414 ecclesiae
987 391 1022 413 ac
1056 390 1191 424 suspeu—

443 432 540 466 sionis
569 443 583 465 a
611 430 734 469 divinis;
764 429 966 463 inferioribus
1000 441 1071 463 vcro
1100 440 1191 475 prac-

444 481 512 515 latis
537 492 571 515 ac
599 479 822 526 parochialium
847 478 1039 520 rectoribus,
1068 490 1190 512 necnon

443 530 688 565 Mendicantium
718 538 747 563 et
774 528 907 564 aliorum
929 527 1088 562 Ordinuni
1119 540 1192 574 pro—

443 579 632 622 fessoribus,
655 578 714 613 sub
745 578 1082 613 excommunicationis
1114 578 1192 613 latae

441 629 614 665 sententiae
649 628 758 675 poenis
782 629 849 674 ipso
878 627 957 662 sacto
981 627 1191 671 incurrendis,

441 692 457 714 a
484 678 600 727 quibus
628 678 687 713 nisi
717 690 770 724 per
792 678 973 713 Romanum
1005 677 1189 712 Pontificem

442 741 498 776 pro
521 737 662 775 tempore
689 727 888 768 existentem,
912 736 1130 775 praeterquam
1160 727 1190 762 in

441 779 550 813 mortis
572 777 714 816 articulo,
739 777 855 812 absolvi
885 786 1052 824 nequeant.
1080 785 1192 825 qnate-

441 840 499 862 nus
532 827 776 863 declarationem
809 835 838 862 et
873 827 1036 862 decretum
1073 827 1191 861 huius—

441 877 524 913 modi
565 878 645 912 inter
666 876 905 920 ¹Conventuales
937 890 972 912 ac
999 877 1038 911 ‹le
1065 876 1190 911 Obser-

441 928 541 962 vantia
574 937 604 963 ct
634 927 819 962 reformatos
857 926 969 962 fratres
1007 926 1189 962 huiusmodi

441 976 665 1012 inviolabiliter
694 976 862 1011 observent
889 977 1115 1023 observarique
1144 979 1191 1011 sa-

439 1027 534 1068 ciant;
558 1039 679 1062 necnon
705 1039 743 1062 ne
765 1026 894 1062 eosdem
918 1027 1027 1061 fratres
1040 1026 1191 1062 Conven—

440 1077 551 1121 tuales,
578 1076 617 1112 de
639 1076 844 1112 Observantia
873 1085 903 1111 et
932 1076 1115 1111 reformatos
1131 1077 1192 1111 hu-

440 1126 574 1162 iusmodi
597 1139 694 1174 super
721 1126 769 1161 his
797 1126 962 1161 molestent
985 1135 1036 1161 aut
1060 1136 1192 1174 pertur-

439 1177 526 1215 bent,
549 1188 605 1212 seu
635 1189 689 1224 per
703 1189 936 1224 quoscumque,
958 1177 1191 1224 cuiuscumque

439 1235 551 1270 status,
575 1227 704 1273 gradus,
727 1226 850 1261 ordinis
873 1226 919 1261 vel
944 1226 1137 1262 conditionis
1155 1239 1190 1261 e—

439 1277 603 1320 xistentes,
619 1288 674 1311 seu
693 1277 785 1311 etiam
800 1277 880 1311 iuter
897 1289 931 1311 se
953 1276 1191 1324 quomodolibet

440 1326 622 1371 molestari,
645 1326 818 1374 perturbari
851 1326 897 1361 vel
922 1327 1087 1374 inquietari
1114 1338 1191 1373 per-

439 1384 574 1411 mlllant.

487 1425 566 1473 §6-
600 1425 670 1460 Non
706 1425 906 1461 obstantibus
940 1426 1120 1473 praemissis
1156 1438 1191 1461 ae

439 1475 718 1511 constitutionibus
739 1483 770 1511 et
792 1475 1045 1511 ordinationibus
1067 1484 1192 1523 aposto-

439 1525 507 1560 licis
529 1534 582 1560 etc.

487 1575 506 1623 g
530 1578 561 1610 7.
587 1575 740 1610 Volumus
757 1583 861 1610 autem
878 1575 962 1623 quod
977 1575 1189 1622 praesentium

438 1625 644 1673 transumptis
661 1653 668 1666 ‚
705 1638 799 1660 manu
837 1625 953 1672 publici
978 1626 1090 1661 notarii
1113 1625 1192 1660 sub-

437 1675 564 1723 scriptis
596 1683 626 1710 et
661 1675 765 1722 sigillo
793 1675 925 1710 ministri
953 1675 1108 1722 generalis
1135 1688 1192 1723 pro

439 1733 582 1773 tempore
604 1724 769 1761 existentis
791 1724 866 1760 dicti
881 1725 1013 1761 Ordinis
1030 1725 1190 1760 Minorum

438 1784 492 1811 aut
513 1775 642 1810 alterius
666 1774 794 1822 praelati
819 1776 848 1809 in
872 1775 1023 1822 dignitate
1046 1776 1194 1811 ecclesia·

438 1825 514 1861 stica
537 1825 699 1860 constituti
720 1825 863 1866 munitis,
879 1825 908 1859 in
926 1825 1044 1860 iudicio
1058 1833 1089 1860 et
1106 1825 1192 1867 alibi,

439 1875 492 1910 ubi
515 1886 596 1922 opus
617 1874 732 1919 fuerit,
754 1875 864 1909 eadem
895 1875 972 1910 (ides
993 1875 1192 1921 adhibeatur,

439 1937 520 1972 quae
541 1924 746 1959 adhiberetur
767 1924 886 1959 eisdem
912 1925 1131 1972 praesentibus
1154 1926 1193 1960 li-

441 1975 527 2019 teris,
549 1974 574 2009 si
598 1975 668 2009 illae
682 1974 781 2009 forent
795 1974 953 2009 exhibitae
971 1975 1015 2009 vcl
1036 1984 1191 2011 ostensae.

490 2024 604 2060 Datum
629 2024 750 2060 Romae
772 2024 855 2072 apud
873 2024 1025 2060 Sanctum
1050 2025 1193 2071 Petrum,

440 2074 499 2110 sub
521 2075 638 2110 annulo
661 2074 832 2109 piscatoris
848 2102 856 2114 ,
883 2074 934 2110 die
955 2083 1041 2110 sexta
1064 2075 1193 2110 decem-

441 2124 516 2170 bris,
539 2124 706 2160 millesimo
728 2124 984 2172 quingentesimo
1016 2125 1194 2161 decimose-

442 2175 552 2223 ptimo,
577 2174 778 2221 pontificatus
799 2175 894 2210 nostri
923 2187 1005 2210 anno
1030 2187 1061 2210 v.

481 2227 542 2258 Dat.
561 2228 608 2259 die
623 2228 642 2259 f>
657 2227 824 2259 decembris
841 2228 926 2265 1517,
943 2232 1021 2268 pont.
1037 2238 1113 2259 anno
1128 2238 1153 2259 v.

762 2347 877 2384 XXXl.

443 2421 558 2455 Contra
585 2422 713 2456 barones
746 2429 771 2455 et
798 2423 1025 2456 communitates
1053 2434 1116 2456 non
1142 2435 1195 2457 cu-

491 2472 651 2506 stodi‘entes
685 2483 789 2506 eorum
816 2473 973 2507 territoria
999 2485 1018 2507 a
1041 2473 1194 2512 bannitis,

491 2522 623 2567 furibus,
647 2529 701 2556 etc.

713 2583 926 2614 SUMMAlllUM

443 2636 610 2667 Exordium.
638 2654 678 2660 —
708 2638 733 2667 1.
758 2637 850 2667 lulius
883 2637 905 2667 ll
932 2638 1025 2668 edidit
1051 2638 1196 2668 constitu—

486 2682 603 2714 tionem.
620 2699 660 2707 -
676 2682 704 2714 2.
724 2682 776 2714 llic
799 2683 932 2715 Pontifex
950 2692 1015 2715 eam
1031 2683 1192 2715 confirmat.

1021 273 1209 298 nummum
1230 273 1393 296 ROMANUM

2003 273 2055 300 An.
2073 272 2102 300 C.
2118 274 2186 302 ¹518

1274 344 1313 349 —
1327 327 1354 357 3.
1372 326 1403 356 ln
1421 326 1580 365 probandis
1599 326 1770 357 huiusmodi
1788 326 1871 357 furtis
1893 332 1921 357 et
1940 337 1988 357 va—

1276 372 1335 402 lore
1359 372 1503 401 honorum
1531 377 1624 402 stetur
1648 372 1840 402 declarationi
1867 371 1989 402 clerico-

1277 426 1339 446 rum
1357 416 1497 446 Gamerae
1516 416 1714 456 Apostolirae,
1736 417 1929 456 praecedente
1943 417 1989 446 iu-

1274 466 1406 491 ramento
1422 461 1520 490 damni
1537 462 1628 500 passi.
1645 478 1684 483 —
1698 462 1726 491 4.
1746 461 1888 490 Damnum
1911 461 1988 499 passi

1274 511 1373 535 contra
1397 505 1533 535 dominos
1557 510 1585 534 et
1607 506 1832 535 communitates
1856 506 1987 536 locorum

1274 559 1359 588 agere
1383 550 1505 589 possint.
1523 567 1562 572 —
1580 550 1606 579 5.
1628 550 1706 586 Viae,
1727 555 1756 580 ut
1779 550 1838 580 sint
1855 559 1989 586 securae,

1274 595 1395 624 latibula
1420 595 1487 624 hinc
1512 595 1579 624 inde
1602 600 1802 625 amoveantur.
1823 611 1863 617 —
1884 595 1912 625 fi.
1934 594 1989 624 De-

1274 645 1384 669 cretum
1414 639 1541 669 irritans.
1573 655 1612 661 —
1635 640 1661 669 7.
1691 638 1875 670 Exccutores.
1901 656 1940 662 —
1961 639 1988 670 8.

1273 684 1361 714 Fides
1384 688 1648 723 transumptorum.

1314 760 1364 789 Leo
1383 760 1524 796 episcopus
1553 767 1649 789 servus
1671 766 1811 788 servorum
1829 759 1890 793 Dei,

1369 810 1403 838 ad
1433 811 1593 846 perpetuam
1623 809 1666 839 rei
1684 809 1853 838 memoriam.

1283 883 1418 918 Romani
1447 882 1611 918 pontilicis
1635 882 1831 931 providentia
1853 883 1990 919 circum·
2035 896 2153 918 Exordium.

1234 943 1341 982 specta
1355 933 1633 980 praedecessorum
1651 945 1782 968 suorum
1799 941 1988 981 gesta‚quae

1235 984 1404 1031 praecipue
1427 996 1484 1031 pro
1513 984 1709 1018 venientium
1732 982 1770 1018 ad
1795 984 1908 1018 almam
1927 983 1988 1019 Ur-

1235 1034 1323 1075 bem,
1352 1035 1447 1068 totius
1475 1033 1561 1068 orbis
1589 1041 1695 1080 caput,
1718 1042 1749 1068 et
1771 1033 1987 1069 recedentium

1234 1084 1271 1118 ab
1294 1096 1340 1124 ea,
1367 1084 1536 1118 securitate
1564 1091 1594 1118 et
1618 1082 1786 1118 commodo
1809 1082 1987 1128 factasunt,

1235 1134 1372 1181 pensatis
1395 1134 1582 1181 opportunis
1608 1133 1843 1172 occasionibus,
1860 1133 1989 1169 innovat

1233 1193 1327 1231 atquc
1343 1184 1494 1228 extendit,
1518 1191 1609 1229 prout
1623 1183 1778 1230 conspicit
1801 1183 1830 1217 in
1850 1182 1988 1219 Domino

1233 1234 1400 1268 salubriter
1427 1233 1591 1281 expedire.

1282 1284 1301 1330 ξ
1325 1286 1356 1317 1.
1380 1283 1509 1318 Dudum
1533 1282 1690 1331 siquidem
1715 1294 1730 1317 a
1755 1282 1853 1318 felicis
1881 1294 1988 1318 recor—

1233 1333 1370 1368 dationis
1397 1333 1477 1368 lulio
1504 1332 1553 1373 ll,
1590 1333 1831 1379 praedecessore
1868 1341 1988 1378 nostro,

1233 1392 1422 1419 emanarunt
1446 1384 1551 1418 literae
1568 1383 1597 1417 in
1614 1382 1712 1418 forma
1735 1382 1850 1425 brevis,
1869 1383 1988 1418 tenoris

1233 1433 1455 1480 subsequentis
1479 1436 1534 1477 (l).

1283 1484 1302 1531 g
1324 1486 1357 1518 2.
1384 1483 1450 1518 Nos
1473 1484 1577 1530 itaque
1593 1482 1759 1529 cupientes
1782 1482 1887 1518 literas
1903 1496 1989 1531 prae-

1233 1533 1344 1574 dictas,
1373 1545 1429 1581 pro
1454 1533 1645 1568 venientium
1669 1532 1707 1567 ad
1729 1532 1844 1568 almam
1868 1534 1987 1570 Urbem

1233 1591 1263 1618 et
1285 1584 1322 1618 ab
1346 1595 1380 1618 ea
1404 1583 1620 1618 recedentium
1645 1582 1738 1617 tutela
1756 1592 1785 1618 et
1804 1584 1988 1626 commodo,

1235 1633 1455 1669 inviolabiliter
1477 1632 1657 1677 observari,
1685 1640 1772 1667 motu
1802 1634 1927 1681 proprio
1957 1642 1990 1670 et

1234 1696 1272 1719 ex
1293 1693 1378 1719 certa
1401 1692 1505 1719 nostra
1529 1683 1658 1718 scientia
1673 1682 1777 1719 literas
1796 1684 1988 1731 praedictas,

1234 1735 1419 1769 auctoritate
1432 1733 1617 1782 apostolica,
1634 1741 1742 1768 tenore
1759 1735 1989 1781 praesentium,

1235 1783 1421 1819 innovamus
1443 1797 1479 1819 ac
1502 1782 1675 1831 praesentis
1689 1783 1797 1831 scripti
1813 1784 1989 1831 patrocinio

1235 1835 1492 1879 communimus,
1526 1833 1658 1880 illasque
1686 1834 1847 1881 perpetuis
1874 1833 1988 1870 suturis

1236 1884 1433 1932 temporibus
1453 1882 1674 1919 inviolabiliter
1696 1882 1856 1919 observari
1873 1884 1989 1920 debere

1235 1934 1449 1969 decernimus.

1284 1984 1304 2032 S
1327 1987 1359 2019 5.
1383 1985 1423 2019 Et
1441 1985 1582 2031 insuper.
1601 1995 1674 2018 cum
1693 1983 1879 2018 huiusmodi
1896 1983 1989 2029 furta,
2003 1991 2039 2031 „¹¹¹
2051 1992 2189 2031 pro-hambu-

1235 2033 1347 2069 delicta
1370 2042 1399 2069 et
1426 2034 1647 2069 derohationes
1671 2032 1746 2068 liant
1769 2034 1798 2068 in
1813 2033 1921 2082 sylvis,
1938 2025 2189 2069 ne-¹'¹⁵¹'¹⁰‘¹¹‘¹¹'¹¹⁵⁰⁸

2002 2056 2075 2078 valore
2085 2056 2188 2078 honorum

1237 2085 1389 2130 moribus,
1423 2083 1551 2118 latebris
1586 2092 1615 2118 et
1644 2083 1673 2118 in
1704 2082 1781 2118 locis
1804 2083 1936 2119 occultis
1958 2092 1989 2120 et
2003 2091 2071 2125 ¹30¹!st
2091 2088 2190 2124 ‘'9⁰¹³“-

1236 2135 1385 2179 secretis,
1408 2146 1470 2168 nou
1494 2133 1644 2169 adhibitis
1677 2145 1734 2168 nec
1767 2133 1988 2180 praesentibus
2002 2119 2189 2178 ἒῗιῖζῗᾞωῗρᾛ

1238 2188 1391 2231 testibus,
1418 2189 1496 2224 adeo
1519 2188 1624 2236 quod,
1648 2188 1717 2224 sine
1744 2189 1879 2224 maxima
1906 2188 1989 2224 diffi-
2002 2182 2108 2235 {21¹2ss}ss
2124 2187 2189 2235 '22:22

1237 2243 1366 2286 cultate,
1399 2256 1455 2292 per
1476 2244 1562 2292 ipsos
1584 2244 1735 2291 spoliatos
1756 2252 1786 2279 ct
1808 2243 2074 2298 derobatosstnfs'g‘²
2117 2245 2187 2269 ‘'⁸⁸¹¹“

1238 2298 1317 2334 furta
1345 2307 1375 2334 et
1398 2299 1482 2334 valor
1505 2311 1609 2334 rerum
1631 2298 1861 2334 subtractarum
1885 2307 1916 2334 et
1938 2283 2015 2335 zib-⁹
2063 2292 2068 2297 ⁵

1237 2353 1370 2389 latarum
1400 2353 1523 2401 probari
1548 2365 1610 2388 non
1647 2354 1793 2401 possint,
1821 2354 1991 2390 statuimus

1237 2417 1267 2444 et
1294 2408 1479 2444 ordinamus
1505 2407 1607 2455 quod,
1643 2408 1746 2455 quoad
1771 2408 1989 2456 probationem

1238 2463 1392 2498 bonorum
1416 2463 1647 2497 subtractorum
1667 2471 1698 2498 et
1716 2475 1825 2498 eorum
1842 2462 1990 2504 valorem,

1237 2525 1336 2552 stetur
1354 2517 1555 2552 declarationi
1573 2517 1783 2564 praefatorum
1805 2516 1991 2564 praesiden-

1238 2572 1314 2606 tium
1338 2580 1367 2606 et
1395 2571 1581 2606 clericorum
1605 2572 1704 2619 ipsius
1727 2571 1879 2607 Gamerae
1900 2572 1990 2619 Apo-

2017 1293 2082 1315 tultus
2091 1292 2109 1314 ll
2121 1293 2187 1315 edictu

2003 1325 2184 1347 constitutionem.

2029 1492 2068 1515 nie
2090 1491 2188 1515 Pontus:

2003 1530 2049 1546 enm
2068 1524 2187 1546 confirmi.

1273 2647 1312 2682 (t)
1328 2646 1469 2675 Omittitur
1487 2650 1562 2674 tenor
1584 2647 1660 2675 istius
1684 2647 1892 2681 constitutionis,
1908 2654 1989 2684 quam

1238 2686 1319 2715 babes
1334 2695 1394 2724 sup.
1412 2695 1472 2724 pag.
1489 2688 1550 2716 599.
