2281 3251
111 264 159 292 An.
177 265 205 292 C.
223 264 291 292 ¹1:35

918 255 1076 280 EUGENJUS
1098 255 1132 278 tv
1155 255 1206 278 ΡΙ).

305 316 511 353 nasleriorum
531 326 654 353 eorum,
669 322 729 360 qua
750 311 884 346 maxime
901 310 1054 356 indigent,

306 377 425 404 vacare,
463 363 669 409 amplioribus
707 361 864 396 favoribus
893 360 1052 407 prosequi,

305 422 391 450 motu
415 413 556 461 proprio,
581 424 644 448 non
673 411 709 446 ad
739 411 890 457 ipsorum.
913 417 967 443 aut
988 409 1052 443 ali-

304 463 397 499 cuius
435 474 544 497 corum
580 460 671 496 nobis
704 471 799 505 super
838 458 897 493 boc
930 457 1052 492 oblatae

305 512 467 559 petitionis
489 510 679 549 instantiam,
698 509 753 543 sed
776 507 815 542 de
839 514 943 542 nostra
968 520 1051 541 mera

304 560 503 599 liberalitate,
533 558 681 593 omnibus
713 564 744 591 et
777 556 912 603 singulis
950 555 1051 590 dictae

304 609 559 656 congregationis
600 606 813 645 monasteriis,
850 604 1052 651 prioratibus,

304 659 456 706 grangiis,
479 656 630 699 membris
645 655 844 691 manualibus
866 662 895 690 et
912 654 999 693 locis,
1021 662 1051 688 ut

304 709 341 743 ad
363 708 516 746 dandum,
530 719 586 741 seu
603 705 786 740 solvendum
801 704 935 750 aliquam
956 715 1053 738 cano-

305 758 407 793 nicam
432 757 621 804 portionem,
636 756 701 789 sive
723 753 874 792 decimas,
897 760 948 786 aut
967 752 1050 785 alind

305 806 543 854 quodcumque,
565 804 649 852 qnod
674 805 742 839 loco
757 815 866 836 eorum
883 800 959 835 solvi
975 813 1053 835 con-

304 856 470 895 suevisset,
499 853 708 901 parochianis,
735 852 904 898 episcopis,
927 850 1053 884 archie-

307 905 456 952 piscopis,
483 903 643 950 capitulis,
666 901 818 947 collegiis,
843 899 1052 934 universitati-

307 955 377 994 bus,
424 951 715 989 communitatibus,
758 950 883 985 fabricis
915 957 944 983 ct
986 949 1053 983 aliis

306 1003 563 1051 quibuscumque
579 1001 734 1048 personis,
749 1000 788 1035 de
811 1000 878 1033 iure
909 999 954 1033 vel
976 1010 1053 1033 con-

306 1052 488 1093 suetudine,
531 1059 580 1086 aut
621 1049 746 1085 statutis
794 1049 839 1083 vcl
885 1047 1053 1093 privilegiis

306 1102 574 1149 quibuscumque,
586 1112 623 1134 ex
638 1110 837 1145 quacumque
851 1110 942 1131 causa
954 1097 1054 1130 bacte-

306 1164 365 1186 nus
384 1150 500 1192 debita,
518 1162 572 1184 scu
596 1160 676 1194 qnae
698 1146 807 1182 deberi
832 1145 1054 1192 praetendatur

306 1198 543 1246 quomodolibet
560 1199 590 1232 in
608 1197 748 1231 futurum
763 1195 802 1230 ab
816 1194 1051 1239 eisdem,etiam

306 1249 345 1283 de
367 1248 496 1287 relictis,
519 1247 628 1293 legatis
650 1254 680 1280 et
702 1245 839 1284 donatis,
866 1253 926 1279 tam
951 1244 980 1278 in
1006 1243 1054 1277 ul-

306 1298 391 1332 timis
414 1296 746 1342 voluntatibus,quam
771 1294 851 1328 inter
875 1294 973 1332 vivos,
995 1305 1052 1327 seu

305 1357 508 1394 quacumque
523 1345 689 1380 occasione
705 1344 864 1379 concessis
880 1342 1055 1390 praeteritis

305 1404 335 1430 et
358 1396 387 1430 in
411 1403 570 1443 posterum
585 1392 814 1434 concedendis,
831 1392 960 1427 minime
975 1399 1056 1426 tene-

305 1452 407 1480 autur.

354 1498 370 1538 ἕ
404 1498 437 1529 5.
471 1492 738 1538 Quibuscumque
773 1490 1056 1525 constitutionibus

1751 240 1796 272 27

1146 309 1261 343 Datum
1290 307 1469 344 Bononiae,
1507 317 1590 340 anno
1618 304 1846 339 incarnationis

1096 358 1272 393 dominicae
1293 362 1637 401 mccccxxxvt,quarto
1653 366 1749 389 nonas
1766 354 1846 395 iulii,

1098 408 1296 455 pontificatus
1323 406 1421 440 nostri
1446 417 1529 439 anno
1557 411 1657 438 sexto.

1157 469 1220 499 Dat.
1238 469 1285 499 die
1306 468 1324 498 4
1343 467 1407 498 iulii
1430 466 1513 502 llssfi,
1532 465 1633 505 pontis.
1653 474 1728 494 anno
1751 473 1786 493 vi.

1428 644 1514 679 xlv.

1098 728 1274 761 lurisdi'ctt'o
1295 734 1322 760 ee
1343 727 1505 770 facultates
1527 725 1661 757 iudicum
1687 733 1848 755 conseri-(1-

1146 785 1246 810 tnrum
1268 786 1529 819 quarwncumque
1550 774 1650 806 litium
1677 782 1849 815 conyrcya-

1145 827 1234 858 tionis
1245 825 1441 865 Cassinensis,
1457 825 1537 857 alias
1550 825 1584 856 S.
1602 822 1735 855 Iustinae
1748 821 1849 853 (18Ιά-

1145 877 1218 912 deca,
1243 875 1461 907 monachorum
1484 873 1611 906 Ordinis
1630 872 1664 904 S.
1685 870 1847 903 Benedicti.

1357 950 1571 981 summittunt!

1097 1021 1285 1050 l'rooemium.
1295 1020 1362 1048 -—'l.
1375 1018 1465 1047 lllutis
1479 1027 1528 1054 per
1541 1017 1698 1045 nonnullos
1712 1016 1849 1053 gravibus

1136 1064 1356 1102 congregationi
1378 1063 1445 1092 liuic
1468 1061 1595 1095 (lanitiis,
1626 1077 1665 1083 -—·
1681 1061 1709 1089 ⁶2.
1728 1060 1849 1089 Praesi-

1136 1110 1188 1139 des
1210 1107 1377 1145 supplicant
1398 1105 1596 1134 sanctissimo
1616 1113 1667 1143 pro
1686 1108 1849 1142 opportuno

1136 1152 1277 1186 remedio;
1298 1167 1336 1171 —
1358 1150 1386 1179 3.
1405 1149 1459 1184 Qui
1483 1153 1578 1177 certos
1602 1149 1636 1177 ad
1659 1148 1711 1176 lioc
1736 1147 1850 1177 iudices

1136 1197 1265 1235 deputat,
1282 1211 1321 1216 —
1341 1194 1369 1224 4.
1388 1192 1582 1222 Obstantibns
1607 1192 1736 1228 derogat,
1763 1207 1801 1212 —-
1824 1191 1850 1220 5.

1136 1240 1440 1277 Conservatorumque
1457 1237 1577 1275 ampliat
1597 1235 1760 1265 facultates.

1095 1315 1231 1350 Eugenius
1254 1313 1398 1350 episcopus
1418 1318 1513 1340 servus
1533 1318 1672 1339 servorum
1691 1310 1748 1343 Dei,
1774 1316 1851 1338 vene·

1141 1363 1274 1394 rabilibus
1304 1362 1455 1393 fratribus,
1493 1360 1695 1396 archiepiscopo
1724 1358 1851 1387 Mediola-

1142 1413 1228 1445 nensi.
1249 1414 1279 1441 et
1298 1411 1498 1440 castellanensi
1517 1417 1547 1438 ac
1567 1408 1737 1438 christoforo
1756 1408 1855 1437 Arimi-

1142 1471 1202 1493 nen.
1227 1462 1369 1498 episeopis,
1395 1467 1496 1489 necnon
1533 1459 1632 1488 dilecto
1668 1458 1724 1486 filio
1761 1457 1855 1486 abbati

1861 249 1913 276 An.
1929 250 1956 276 C.
1977 250 2043 276 llt36

1142 1512 1306 1542 monasterti
1324 1511 1462 1539 cassinen.
1482 1509 1585 1536 nullius
1603 1507 1751 1540 dioecesis.
1779 1506 1855 1535 salu-

108 1553 293 1607 „ffssihss'ss'sl'ffl'ss
305 1548 486 1636 aposstolicis
527 1559 563 1581 ac
598 1545 744 1633 praliel'atis
783 1553 899 1604 nostris
941 1545 1056 1632 ¹literis,
1143 1564 1200 1592 tem
1219 1563 1250 1590 „t
1269 1559 1447 1597 apo-,tomam
1465 1557 1690 1586 benedictionem.

107 1617 152 1638 bus.
306 1613 359 1648 qui
387 1614 434 1641 ns,
463 1609 619 1648 quatenus
650 1612 713 1634 nnc
729 1608 838 1633 nostro
862 1598 983 1634 induto
999 1600 1057 1634 ob·
1149 1632 1295 1669 Militanti
1319 1630 1492 1670 Ecclesiae,
1514 1629 1590 1664 licet
1608 1628 1770 1668 immeriti,
1786 1627 1854 1663 dis-
1895 1636 2026 1657 Prooemium,

125 2256 219 2279 irritatio
243 2261 297 2278 eon-

113 2289 233 2310 uariorum.

307 1655 401 1695 vient,
425 1654 574 1689 volumus
596 1653 761 1699 derogare,
783 1660 813 1687 et
834 1652 905 1687 aliis
921 1665 1058 1688 consue-

307 1708 490 1749 tudinibus,
523 1709 666 1747 statutis,
695 1706 999 1753 praescriptionibus
1029 1716 1059 1743 et

312 1763 496 1810 privilegiiS,
537 1763 596 1798 sub
630 1772 829 1808 quincumque
858 1760 973 1805 forma,
1007 1770 1059 1796 aut

307 1815 564 1864 quibuscumque
591 1815 743 1850 clausulis
770 1814 876 1859 editis,
910 1827 973 1849 non
999 1815 1059 1850 ob-

307 1870 478 1915 stantibus,
493 1871 587 1905 etiam
607 1871 632 1904 si
650 1869 689 1904 ‹le
707 1869 778 1909 illis,
794 1881 970 1916 eorumque
986 1869 1061 1904 totis

309 1924 483 1969 tenoribus,
511 1924 729 1972 praesentibus
752 1935 900 1970 expressa
936 1931 966 1958 et
985 1936 1062 1971 spe-

309 1978 401 2015 cialis
434 1991 470 2014 ac
492 1978 650 2014 individua
675 1978 754 2013 foret
772 1976 915 2014 habenda
932 1978 1061 2017 mentio,

309 2033 493 2069 auctoritate
507 2032 689 2080 apostolica,
703 2041 812 2068 tenore
836 2031 1062 2077 praesentium,

309 2099 348 2123 ex
369 2094 453 2123 certa
476 2086 618 2128 scientia.
635 2086 674 2122 de
683 2085 832 2133 specialis
845 2084 930 2120 dono
945 2085 1062 2132 gratiae

310 2140 526 2186 indulgemus.

358 2198 375 2238 5
396 2196 429 2228 4.
456 2193 675 2229 Decernentes
697 2205 736 2228 ex
767 2205 864 2237 nunc,
895 2204 1008 2228 omnes
1025 2200 1064 2227 -et

311 2247 456 2295 singulas
476 2247 827 2287 excommunicationis,
842 2247 1064 2294 suspensionis

312 2309 343 2338 et
366 2302 537 2347 interdicti,
563 2302 704 2349 aliasque
737 2313 956 2349 quascumque
983 2312 1065 2335 sen-

312 2356 437 2396 tentias,
458 2368 549 2404 quas,
563 2364 671 2391 contra
695 2368 844 2403 personas
867 2354 968 2390 dictae
986 2366 1065 2390 con·

311 2410 506 2456 gregationis
521 2410 587 2444 sive
614 2408 795 2444 monasterii
815 2416 845 2443 et
867 2408 934 2443 loca
955 2417 982 2443 et
1003 2407 1064 2443 alia

313 2463 344 2498 in
373 2462 604 2510 praeiudicium
627 2461 845 2497 concessionis
871 2461 1066 2505 huiusmodi,

313 2515 505 2564 promulgari
533 2515 720 2563 contigerit,
743 2514 862 2560 nullas,
882 2526 1005 2550 necnon
1023 2516 1066 2550 ir-

315 2577 408 2604 ritum
436 2577 467 2605 et
491 2581 583 2604 inane
604 2577 658 2604 etc.

364 2622 449 2660 Nulli
477 2635 551 2671 ergo
577 2630 630 2658 ιισ.

1103 1691 1238 1728 ponente
1250 1682 1400 1721 Domino,
1418 1680 1634 1726 praesidentes,
1648 1678 1732 1712 circa
1744 1689 1851 1712 curam

1103 1733 1316 1769 Ecclesiarum
1327 1738 1357 1765 et
1370 1727 1854 1773 monasteriorum,aliorumque

1104 1783 1228 1830 piorum
1255 1781 1396 1816 locorum
1420 1779 1577 1821 omnium,
1600 1777 1725 1812 solertia
1748 1776 1856 1811 reddi-

1104 1844 1173 1867 mur
1196 1831 1352 1866 indefessa
1383 1829 1508 1870 soliciti,
1530 1836 1573 1871 ut,
1604 1827 1689 1861 iuxta
1711 1825 1854 1861 debitum

1106 1881 1271 1928 pastoralis
1293 1879 1399 1923 oflicii,
1422 1890 1531 1912 eorum
1555 1889 1760 1911 occurramus
1784 1874 1854 1909 dis-

1106 1930 1240 1978 pendiis,
1263 1937 1295 1965 et
1318 1927 1525 1976 profectibus,
1541 1926 1646 1961 divina
1663 1933 1854 1973 cooperante

1104 1980 1286 2022 clementia,
1309 1977 1477 2014 salubriter
1505 1976 1717 2011 intendamus.

1154 2030 1174 2077 S
1198 2034 1229 2064 1.
1253 2028 1337 2064 Sane
1360 2027 1549 2061 dilectorum
1573 2025 1707 2060 filiorum
1732 2022 1855 2071 praesi-

1105 2079 1221 2116 dentis.
1245 2078 1438 2112 visitatorum
1472 2083 1502 2111 et
1532 2075 1742 2121 praelatorum
1771 2085 1854 2107 con-

1105 2128 1298 2175 gregationis
1314 2126 1554 2167 monachorum,
1578 2122 1855 2165 monasteriorum,

1107 2176 1489 2224 prioratuum,d0mornm
1506 2183 1535 2207 et
1552 2174 1692 2208 locorum
1710 2171 1856 2213 Unitatis,

1106 2227 1182 2262 alias
1208 2226 1248 2261 de
1270 2224 1475 2261 Observantia
1501 2223 1535 2257 S.
1564 2223 1703 2257 Iustinae
1726 2232 1856 2255 nuncu-

1108 2285 1209 2322 patae,
1224 2275 1357 2311 Ordinis
1372 2274 1406 2309 S.
1421 2273 1596 2312 Benedicti,
1619 2271 1656 2306 ad
1681 2271 1854 2305 Romanam

1107 2325 1280 2361 Ecclesiam
1310 2323 1398 2358 nullo
1425 2322 1529 2357 medio
1563 2320 1761 2368 pertinentis,
1788 2330 1858 2353 con-

1107 2376 1275 2421 questione
1298 2372 1512 2420 percepimus,
1533 2370 1617 2417 qnod
1643 2368 1786 2403 nonnulli
1804 2380 1855 2401 ar·

1107 2424 1314 2470 cbiepiscopi,
1331 2421 1484 2468 episcopi,
1506 2420 1622 2466 aliique
1644 2418 1856 2453 Ecclesiarum

1109 2473 1237 2520 praelati
1265 2480 1295 2507 et
1317 2470 1436 2509 clerici,
1463 2483 1498 2504 ac
1525 2467 1752 2504 ecclesiasticae
1784 2477 1858 2511 per-

1108 2534 1216 2560 sonae,
1242 2531 1304 2557 tam
1342 2520 1504 2566 religiosae
1539 2530 1633 2565 quam
1670 2515 1857 2553 saeculam-s,

1109 2583 1232 2606 necnon
1256 2570 1365 2609 duces,
1394 2567 1605 2610 marchiones,
1628 2564 1772 2605 comites,
1795 2562 1857 2596 ba-

1110 2632 1214 2666 rones,
1238 2619 1374 2664 nobiles,
1397 2618 1511 2652 milites
1534 2625 1563 2652 et
1577 2614 1659 2659 laici,
1676 2612 1857 2649 communia

1878 2031 1944 2052 lllatis
1956 2037 1992 2057 per
2003 2037 2055 2051 non-

1868 2062 1939 2082 nullos
1957 2062 2054 2087 gravibus

1870 2096 1992 2118 congregat.
2006 2092 2052 2112 huic

1870 2125 1959 2147 damnis,
