2281 3251
203 235 252 262 An.
275 235 303 262 C.
322 234 387 261 ¹:505

217 1335 343 1356 sarens-ma

210 1368 262 1389 liu«v
287 1365 395 1385 territoria

218 1399 222 1417 i
233 1404 275 1417 »em
293 1397 374 1415 custodi
370 1396 393 1415 iri

211 1429 292 1448 mandat
308 1434 319 1447 a
343 1427 394 1446 turi-

210 1460 255 1485 buz,
265 1460 347 1480 sicariis
355 1462 392 1479 ctc.

348 1340 355 1350 ‘
386 1328 539 1375 ·vestigIa
563 1328 792 1376 insequentes,

218 2245 263 2267 Non
273 2247 397 2267 eustodien-

213 2281 244 2297 με
256 2279 279 2298 ad
290 2278 358 2297 damni
371 2276 398 2297 il-

224 2310 250 2328 ati
269 2308 398 2328 ‘antas-no-

229 2346 260 2359 em
278 2341 345 2360 :eneti
365 2340 398 2360 iu-

460 224 523 256 l00

402 301 515 324 secure
545 299 573 324 et
602 290 711 334 liba-re,
740 303 807 324 siue
832 290 1024 334 incursione,
1057 291 1158 324 oll'en—

402 338 490 374 sione
509 346 539 373 et
561 338 721 374 invasione
745 338 915 383 latronum,
939 339 1043 374 surum
1068 351 1102 374 ac
1122 339 1159 374 si-

402 389 558 424 cariorum
577 396 605 423 et
622 387 753 422 aliorum
771 388 851 423 male
869 389 1158 433 viventium,stare,

404 438 447 473 ire
474 446 503 472 et
532 436 636 473 redire
655 437 774 484 possint
799 446 827 473 et
853 438 987 479 valeant;
1009 450 1044 473 ac
1061 451 1159 486 prop-

405 497 499 531 terea,
516 495 577 522 tam
601 486 639 521 de
657 487 723 521 iure
739 488 900 522 communi
920 500 1014 535 quam
1038 499 1075 522 ex
1091 500 1161 535 spe-

404 537 537 571 cialibus
560 536 813 571 ordinationibus
846 537 896 571 sel.
928 549 987 572 rec.
1021 537 1109 572 Pauli
1133 537 1160 571 11

404 594 433 620 et
455 585 535 621 Sixti
559 585 612 630 IV,
628 586 738 626 nostri,
754 586 932 621 secundum
948 599 1089 630 carnem,
1106 599 1161 633 pa—

406 635 478 679 trui,
505 647 539 669 ac
563 634 738 670 Innocentii
764 635 833 670 vtlt
861 644 888 670 et
913 636 1083 670 Alexandri
1109 635 1160 680 Vl,

407 684 686 731 praedecessorum
721 693 901 720 nostrorum
941 685 1159 720 Romanorum

407 734 612 779 Pontificum,
638 741 790 769 statutum
817 735 907 770 suerit
933 744 962 769 ut
981 747 1092 770 omnes
1112 735 1163 769 ba-

407 796 498 818 rones
521 792 550 818 et
577 783 765 828 domicelli,
792 792 821 819 et
850 783 1080 819 Universitates
1108 797 1163 819 ca-

405 843 543 869 strorum
567 833 769 873 eorumdem,
785 846 820 869 ac
835 834 978 869 civitates
994 843 1023 869 et
1040 842 1162 869 ceterae

406 891 506 918 terrae
529 890 559 918 et
581 882 696 930 oppida
719 882 752 918 S.
776 883 816 918 R.
841 883 877 918 E.
903 884 1039 919 mediate
1058 892 1089 918 et
1109 884 1163 918 im-

405 932 542 967 mediate
565 932 699 967 subiecti
723 941 753 967 et
776 932 932 978 subiecta7
962 945 1071 968 eorum
1099 941 1163 967 ter-

407 994 455 1017 ras
484 989 514 1016 et
540 982 656 1030 oppida
673 1009 680 1021 ,
717 982 804 1017 villas
831 990 860 1016 et
884 983 1036 1018 territoria
1061 995 1162 1030 qnae-

405 1043 544 1079 cumque
580 1044 596 1067 a
624 1031 717 1066 dictis
741 1032 929 1077 latronibus,
951 1033 1085 1076 sicariis,
1112 1032 1163 1066 fn-

408 1081 496 1116 ribus
518 1089 548 1116 et
569 1081 642 1116 aliis
667 1081 928 1128 delinquentibus
955 1082 1163 1125 custodirent,

406 1139 439 1165 et
455 1142 566 1165 secura
580 1142 617 1165 ae
633 1130 729 1164 libera
747 1131 897 1176 facerent,
914 1131 988 1166 alias
1004 1131 1040 1165 ad
1059 1143 1165 1166 emen-

407 1179 570 1215 dationem
605 1181 748 1215 omnium
784 1180 972 1216 damnorum
1002 1189 1032 1215 et
1060 1193 1163 1215 rerum

408 1228 642 1264 subtractarum
667 1237 850 1264 tenerentur
873 1238 903 1265 et
925 1230 1151 1276 obligarentur.

458 1278 522 1325 gi.
537 1278 670 1334 Idcirco,
687 1278 965 1325 praedecessorum
985 1288 1163 1315 nostrorum

821 1341 878 1375 pro
902 1340 978 1376 pace
1006 1337 1037 1364 et
1059 1329 1165 1376 quiete

409 1377 513 1413 dictae
536 1377 622 1412 urbis
645 1386 675 1412 et
695 1378 839 1413 omnium
860 1388 1014 1413 terrarum
1035 1378 1165 1425 praedi-

409 1434 542 1469 ctarum,
570 1427 780 1474 omniumque
797 1427 972 1462 incolarum
996 1436 1025 1463 et
1039 1440 1166 1463 vemen-

409 1476 488 1511 tium
516 1476 553 1511 ad
581 1476 708 1511 easdem
734 1477 914 1518 securitate,
943 1477 1031 1512 vobis
1059 1478 1165 1512 omni-

410 1526 470 1561 bus
496 1534 526 1561 et
548 1534 686 1561 vestrum
715 1526 857 1571 cuilibet,
880 1534 989 1561 tenore
1012 1539 1165 1575 praesen-

409 1576 501 1621 tium,
513 1588 661 1624 expresse
677 1575 867 1611 mandamus
876 1583 909 1611 ut
920 1585 1040 1612 vestras
1055 1585 1165 1621 terras,

409 1626 666 1665 communitates,
692 1625 923 1671 universitates,
946 1626 1034 1661 villas
1060 1634 1089 1661 et
1112 1639 1166 1661 ca-

409 1683 488 1716 stra,
517 1687 552 1710 ac
575 1675 728 1710 territoria
753 1675 859 1710 omnia
881 1687 896 1710 a
921 1676 1068 1723 praefatis
1091 1676 1166 1710 viris

411 1725 608 1769 facinorosis,
631 1724 817 1770 latronibus,
840 1724 974 1769 furibus,
998 1725 1118 1760 sicariis
1138 1734 1166 1760 et

410 1774 480 1809 aliis
513 1773 796 1830 delinquentibus,
829 1785 844 1808 a
873 1774 926 1809 die
962 1775 1167 1810 intimationis

411 1824 624 1872 praesentium
653 1823 850 1864 earumdem,
877 1836 989 1859 secura
1018 1832 1048 1859 et
1070 1824 1166 1859 libera

412 1873 557 1917 teneatis,
581 1873 748 1908 reservetis
771 1881 801 1908 et
825 1873 1019 1909 custodiatis:
1037 1873 1123 1921 quod
1140 1875 1165 1909 si

411 1935 504 1959 secus
540 1923 700 1967 feceritis,
735 1929 796 1957 tam
822 1935 939 1970 poenas
967 1924 1045 1958 iuris
1072 1935 1165 1970 quam

411 1972 488 2008 alias
512 1984 630 2020 poenas
651 1980 682 2007 et
703 1984 854 2007 censuras
876 1985 891 2007 a
921 1973 1167 2020 praedecessori-

412 2022 473 2057 bus
500 2022 616 2057 nostris
632 2021 812 2070 praedictis¹
835 2034 932 2070 super
951 2022 1000 2057 bis
1025 2022 1169 2069 promul-

411 2076 501 2123 gatis,
516 2077 585 2125 ipso
603 2076 696 2118 sacto,
711 2088 767 2111 vos
781 2083 810 2110 et
827 2076 1002 2124 quemlibet
1029 2085 1166 2111 vestrum

412 2131 573 2167 incurrere
596 2130 800 2166 decernimus
823 2138 851 2164 et
875 2129 1084 2164 declaramus.

464 2186 485 2233 g
507 2188 540 2220 2.
556 2184 743 2220 Mandantes
762 2186 893 2232 insuper
914 2184 1083 2219 venerabili
1108 2184 1169 2219 fra-

414 2240 450 2275 tri
464 2240 631 2287 Rapbaeli,
654 2239 805 2287 episcopo
827 2238 1013 2283 Albanensi,
1034 2251 1170 2274 camera-

413 2295 458 2329 rio
474 2302 595 2339 nostro,
611 2306 646 2329 ac
661 2293 785 2329 dilectis
802 2292 873 2328 filiis
886 2292 1009 2328 clericis
1032 2300 1060 2326 et
1080 2304 1170 2339 prae-

413 2348 593 2384 sidentibus
623 2347 776 2383 Gamerae
807 2347 1022 2395 Apostolicae,
1046 2358 1168 2381 necnon

414 2402 514 2438 almae
538 2402 636 2438 Urbis
658 2402 794 2438 senatori
825 2409 854 2437 et
881 2401 948 2436 aliis
970 2400 1170 2444 officialibus,

414 2456 525 2504 legatis
561 2463 591 2491 et
617 2455 883 2502 gubernatoribus
919 2454 1171 2502 provinciarum,

415 2512 575 2547 civitatum
592 2537 601 2555 ,
625 2518 776 2545 terrarum
809 2518 839 2544 et
862 2509 1002 2544 locorum
1028 2508 1169 2543 eiusdem

413 2566 448 2601 S.
470 2565 510 2600 R.
531 2565 582 2610 E,
597 2572 767 2612 quatenus,
782 2564 818 2599 ad
839 2562 1119 2598 denunciationem
1141 2570 1171 2596 et

413 2619 574 2668 querelam
597 2631 721 2663 eornm,
750 2618 804 2666 qui
829 2618 942 2663 invasi,
964 2617 1091 2666 spoliati
1119 2625 1171 2651 aut

1003 235 1161 258 BUUARU'
1167 235 1188 257 M
1219 235 1349 256 ΙὶυὶΙΑΝΙ
1358 235 1377 255 ΣΙ

1201 289 1320 337 aliquid
1355 288 1440 323 aliud
1469 289 1619 323 damnum
1643 287 1682 323 ab
1704 286 1886 322 huiusmodi
1911 286 1957 321 la-

1202 339 1358 382 tronibus,
1386 338 1506 373 furibus
1528 346 1558 373 et
1579 338 1700 373 sicariis
1724 338 1805 384 passi
1831 336 1958 380 suerint,

1203 401 1257 434 pro
1276 387 1489 423 satisfactione
1511 399 1635 431 cor,um
1653 388 1689 422 ad
1714 364 1958 422 declarationeni

1202 438 1355 473 dictarum
1386 449 1557 484 poenarum
1581 446 1611 472 et
1633 436 1888 471 emendationem
1908 435 1959 469 (li-

1203 496 1324 522 ctorum
1348 487 1552 530 damnorum,
1579 487 1663 521 iuxta
1693 486 1823 521 sormam
1853 493 1884 520 et
1912 494 1960 520 te-

1204 548 1312 571 norem
1341 535 1604 571 constitutionum
1643 535 1894 583 praedictarum,
1928 543 1956 568 et

1205 587 1390 633 praesertim
1418 585 1663 619 constitutionis
1690 594 1721 619 et
1751 584 1960 619 ordinationis

1205 636 1332 682 praelati
1357 634 1527 669 Alexandri
1544 634 1597 678 vt,
1624 633 1879 681 praedecessoris
1902 646 1961 668 no-

1204 686 1272 729 stri,
1296 685 1341 720 via
1365 684 1529 719 executiva
1554 683 1726 731 procedant
1745 692 1773 717 et
1791 682 1962 729 procedere

1205 735 1351 775 debe-anu
1370 733 1525 780 alioquin,
1549 733 1600 767 ubi
1622 732 1763 780 requisiti
1788 732 1905 767 suerint
1933 741 1960 765 et

1206 785 1254 818 illa
1278 784 1392 831 exequi
1417 783 1639 829 neglexerint,
1668 792 1730 817 tam
1760 781 1845 829 ipsos
1867 793 1961 828 quam

1207 846 1260 869 vos
1280 842 1310 868 et
1334 843 1470 868 vestrum
1494 831 1681 879 quemlibet,
1704 832 1742 865 ad
1765 831 1963 866 emendatio-

1207 896 1277 918 nem
1298 883 1455 918 ‹lictorum
1473 882 1662 916 damnorum
1684 881 1784 915 teneri
1803 881 1961 923 volumus,

1206 933 1409 968 decernimus
1429 940 1458 966 et
1477 932 1689 975 declaramus,
1714 942 1774 965 non
1803 930 1963 965 obstanti-

1207 983 1267 1018 hus
1295 982 1561 1029 quibuscumque.

1255 1032 1369 1067 Datum
1394 1032 1515 1066 Romae
1537 1030 1621 1077 apud
1645 1029 1798 1064 Sanctum
1818 1028 1962 1072 Petrum,

1207 1081 1257 1116 die
1292 1090 1399 1116 octava
1437 1080 1618 1115 novembris
1640 1107 1649 1123 ,
1675 1091 1757 1113 anno
1794 1078 1963 1113 millesimo

1207 1131 1464 1178 quingentesimo
1488 1130 1600 1174 tertio,
1636 1128 1840 1176 pontificatus
1863 1128 1961 1163 nostri

1207 1193 1290 1215 anno
1314 1181 1426 1227 primo.

1249 1242 1308 1272 Dat.
1326 1243 1373 1273 die
1390 1242 1406 1272 8
1424 1241 1591 1272 novembris
1610 1241 1695 1278 1503,
1712 1244 1790 1280 pont.
1807 1248 1883 1270 anno
1905 1248 1923 1269 1.

1566 1401 1604 1436 ΙΙ.

1210 1477 1433 1510 monasterium
1455 1476 1632 1509 Cassinense
1651 1475 1782 1508 Ordinis
1801 1475 1836 1508 S.
1866 1476 1966 1507 Bene-

1258 1527 1333 1560 «licei
1357 1526 1588 1570 conqreyationi
1624 1525 1844 1558 monachorum
1879 1525 1966 1558 San-

1257 1584 1320 1609 ctae
1352 1577 1489 1609 Iustinae
1516 1576 1552 1608 cle
1590 1574 1797 1608 Observancia
1832 1574 1965 1607 eiusdem

1261 1626 1389 1660 Ordinis
1411 1625 1542 1662 unitur,
1568 1631 1593 1657 ec
1615 1624 1730 1657 dictam
1757 1624 1964 1668 conyreqatio·

1259 1688 1323 1709 nem
1344 1675 1549 1708 Cassinensem
1567 1674 1647 1707 alias
1669 1674 1805 1707 Sanctae
1829 1673 1966 1706 Iustinae

1257 1725 1455 1758 denominari
1473 1724 1675 1769 praecipitur,
1697 1724 1782 1767 eique
1799 1723 1966 1768 privileqia

1258 1775 1363 1809 onmia
1391 1774 1670 1807 communicantur.

1478 1842 1693 1874 SUMMAIUUM

1211 1908 1377 1938 Exordium.
1409 1923 1449 1929 —-
1478 1907 1503 1936 1.
1533 1905 1744 1935 Monasterium
1772 1904 1967 1940 Cassinense,

1250 1953 1328 1991 quod
1348 1956 1431 1982 antea
1455 1955 1517 1981 erat
1536 1950 1786 1986 commendatum,
1810 1949 1857 1979 hic
1881 1949 1967 1979 modo

1250 1996 1392 2032 I‘ontit‘ex,
1415 1996 1451 2026 ad
1476 1995 1616 2025 maiorem
1640 1994 1786 2033 regularis
1803 1993 1966 2024 observan-

1251 2042 1306 2071 tiae
1326 2040 1499 2080 prosectnm,
1515 2056 1554 2061 —
1571 2039 1599 2068 Q,
1619 2038 1689 2068 Unit
1707 2043 1733 2068 et
1751 2038 1882 2068 annectit
1899 2047 1968 2068 con-

1251 2086 1414 2124 gregationi
1441 2084 1468 2115 S.
1493 2083 1620 2113 Iustinae
1644 2083 1679 2113 de
1695 2082 1909 2119 Observantia;
1930 2100 1970 2105 —

1251 2132 1277 2161 3,
1297 2130 1560 2169 tlongregationem
1578 2129 1785 2159 Cassinensem
1801 2128 1830 2158 S.
1848 2127 1968 2158 lustinae

1253 2176 1312 2205 vult
1331 2175 1485 2214 appellari,
1507 2191 1545 2196 —
1563 2174 1591 2203 4.
1611 2173 1718 2203 Firmis
1739 2173 1886 2203 stantibus
1906 2174 1970 2203 sin-

1252 2220 1330 2259 gulis
1351 2218 1522 2258 privilegiis.
1536 2235 1575 2240 -—
1587 2219 1613 2247 5.
1629 2217 1820 2248 Obstantibus
1840 2218 1968 2256 derogat.

1279 2296 1365 2324 lulius
1383 2295 1525 2331 episcopus
1550 2301 1647 2323 servus
1671 2300 1812 2322 servorum
1830 2293 1892 2326 Dei.

1362 2346 1395 2374 ad
1411 2346 1571 2381 perpetuam
1592 2343 1631 2372 rei
1646 2343 1816 2372 memoriam.

1261 2418 1367 2466 Super
1382 2416 1562 2453 cathedram
1581 2415 1742 2463 pastoralis
1750 2415 1967 2471 ..praeeminen-

1215 2469 1285 2509 tiae,
1313 2467 1521 2514 dispositione
1543 2466 1660 2509 diviua,
1679 2465 1800 2500 meritis
1824 2465 1925 2500 licet
1920 2478 1968 2499 ιιι-

1214 2517 1455 2561 sufficientibus,
1482 2515 1695 2558 considentes,
1719 2514 1769 2561 pio
1792 2526 1827 2549 ac
1859 2523 1968 2549 saneto

1214 2567 1373 2602 desiderio
1398 2566 1546 2614 cupimus
1567 2564 1691 2600 efficere
1716 2572 1748 2599 ut
1777 2564 1967 2599 monasteria

1215 2625 1243 2651 et
1258 2617 1324 2652 loca
1349 2616 1495 2663 religiosa
1511 2626 1748 2663 quaecumque,
1771 2625 1827 2661 per
1843 2621 1968 2649 nostrae

1971 231 2021 258 λιι.
2040 230 2068 257 C.
2091 230 2156 257 1505

2013 2419 2130 2440 Exordium.
