2281 3251
141 242 187 270 An.
207 244 235 270 C.
256 244 320 269 ¹119ss

152 649 190 676 Qui
206 649 265 669 pont.
283 654 321 675 pr·-

139 682 177 701 tttn
193 681 302 701 concedit:

149 1296 231 1316 Ceteris
238 1300 269 1319 ea,
281 1300 326 1321 qua

143 1328 177 1347 {qi
198 1325 274 1346 fratres
293 1325 325 1344 fa·-

144 1360 208 1380 ciunt.
220 1362 281 1382 agere
292 1357 326 1376 in-

143 1390 240 1413 ter-dicit,

948 236 1142 259 AktzxANnErt
1168 236 1197 257 'x'l
1223 235 1269 257 PP.

338 299 496 345 pauperes
509 296 666 331 societatis
681 295 859 340 Pauper-um
877 293 1083 330 lesuatorum,

336 348 391 383 sed
418 347 526 382 fratres
548 345 659 380 Iesuati
685 344 790 379 Sancti
808 343 992 390 Hieronymi
1021 354 1083 388 ap-

337 397 443 445 pellari
482 396 638 434 debeant,
680 401 816 428 statuere
857 401 886 427 et
921 392 1083 434 ordinare,

337 448 474 493 aliasque
497 446 526 479 in
556 444 735 490 praemissis
770 451 947 489 opportune
975 441 1083 487 provi-

337 496 411 531 dere
445 495 484 530 de
527 494 718 540 benignitate
752 492 922 539 apostolica
964 491 1083 538 digna-

338 557 455 581 remur.

386 596 406 643 g
422 597 452 629 5.
464 594 542 638 Nos,
557 592 610 640 qui
624 600 821 631 cunctarum,
839 591 1019 638 praesertim
1036 602 1084 625 re-

339 645 518 692 ligiosarum
536 654 754 690 personarum,
770 653 878 688 pacem
900 649 930 675 et
945 641 1082 687 quietem

338 690 1084 739 sincerisexoptamusaffectibus,ipsosquel‘au·

339 756 428 791 peres
443 756 458 778 a
481 742 644 790 quibusvis
656 740 1005 782 excommunicationis,
1019 752 1084 774 sus-

340 793 499 840 pensionis
527 800 556 827 et
593 791 763 830 interdicti,
785 790 915 836 aliisque
942 789 1086 824 ecclesia-

338 844 424 878 sticis
445 841 619 880 sententiis,
642 841 783 876 censuris
801 848 831 875 et
849 839 969 886 poenis,
984 851 999 873 a
1019 839 1085 873 iure

339 893 386 928 vel
421 893 459 928 ab
500 891 650 931 homine,
688 890 798 938 quavis
833 889 997 924 occasione
1039 889 1084 921 vel

339 955 433 978 causa
460 942 540 981 latis,
575 941 600 976 si
634 940 748 987 quibus
775 938 1010 986 quomodolibet
1038 939 1086 972 in—

340 992 445 1027 nodati
464 992 614 1033 existunt,
635 989 672 1024 ad
701 990 846 1025 effectum
875 987 1084 1035 praesentium

341 1043 502 1077 dumtaxat
524 1040 796 1087 consequendum,
816 1038 926 1072 harum
942 1037 1021 1072 serie
1036 1037 1086 1072 ab·

341 1092 497 1127 solventes
518 1098 548 1126 et
569 1089 731 1125 absolutos
748 1089 812 1123 sore
834 1095 1012 1131 censentes,
1027 1087 1087 1120 hu-

341 1140 477 1176 iusmodi
501 1138 785 1188 supplicationibus
812 1137 965 1181 inclinati,
988 1137 1088 1171 omni-

341 1191 401 1225 bus
422 1199 452 1225 et
474 1190 609 1236 singulis
632 1188 785 1234 religiosis
804 1187 928 1221 clericis
944 1194 974 1221 et
989 1186 1088 1229 laicis,

343 1240 403 1275 sub
424 1240 538 1274 virtute
550 1246 675 1273 sanctae
691 1237 889 1272 obedientiae
916 1244 956 1276 et,
979 1236 1003 1270 si
1024 1247 1087 1270 non

344 1289 513 1337 paruerint,
540 1287 874 1323 excommunicationis
908 1286 986 1321 latae
1012 1297 1086 1320 sen-

343 1340 458 1374 tentiae
481 1350 592 1386 poena,
614 1350 706 1385 quam
727 1337 889 1371 incurrant
910 1336 1041 1382 eoipso,
1056 1343 1088 1369 ut

343 1401 451 1425 eorum
474 1397 651 1423 sanctorum
682 1387 895 1421 invocationes
918 1385 978 1420 sub
1000 1385 1089 1419 invo-

344 1440 466 1474 catione
492 1438 566 1474 dicti
589 1437 623 1473 S.
646 1436 827 1484 Hieronymi
850 1443 983 1480 mutare,
999 1444 1030 1470 et
1050 1434 1086 1468 il-

345 1489 399 1524 lud
424 1500 538 1523 nomen
561 1487 594 1521 S.
619 1486 802 1534 Hieronymi
838 1486 916 1532 ipsis
948 1485 1090 1520 ecclesiis

345 1539 558 1586 appropriare;
581 1546 609 1572 et
624 1536 837 1571 celebritatem
855 1535 922 1570 festi
945 1534 1088 1570 eiusdem

346 1589 381 1623 S.
407 1587 604 1634 Hieronymi,
626 1586 752 1633 quando
776 1597 831 1633 per
857 1585 983 1620 eosdem
1007 1584 1091 1619 Pau-

348 1650 438 1684 peres
464 1636 613 1671 celebrari
636 1635 815 1682 contigerit,
838 1634 955 1670 directe
984 1634 1029 1669 vel
1050 1635 1092 1668 in-

346 1688 474 1732 directe,
490 1698 554 1734 quo
577 1686 682 1720 minus
697 1685 832 1732 populus
854 1685 891 1719 ad
914 1697 1022 1720 eorum
1045 1696 1092 1718 ec-

346 1738 456 1772 clesias
488 1737 554 1770 sive
589 1735 720 1770 oratoria
759 1735 936 1774 confluant3
970 1746 1091 1768 necnon

348 1786 565 1833 processiones
591 1797 809 1831 quascumque
832 1794 972 1831 tempore
1004 1784 1093 1819 sesti-

347 1835 552 1871 ritatis-dicti
581 1835 616 1869 S.
642 1834 824 1882 Hieronymi
849 1846 905 1881 per
935 1834 1093 1876 dominos,

347 1894 567 1921 nniversnates
593 1893 624 1919 et
649 1893 894 1919 communitates
921 1892 1093 1923 civitatum,

347 1944 498 1971 terrarum
521 1943 551 1969 et
585 1934 725 1969 locorum
749 1935 902 1969 hactenus
926 1934 964 1968 ad
992 1933 1095 1968 eccle—

346 1986 407 2021 sias
429 1997 483 2020 seu
507 1984 638 2019 oratoria
655 1983 810 2019 dictorum
834 1983 1012 2031 Pauperum
1029 1983 1093 2017 fieri

346 2035 466 2079 solitas,
499 2042 529 2069 et
562 2045 641 2080 quas
668 2033 698 2067 in
740 2042 899 2080 posterum
935 2034 1096 2080 perpetuis

347 2090 459 2124 futuris
480 2087 677 2134 temporibus
698 2087 764 2122 fieri
793 2088 971 2134 contigerit,
999 2089 1097 2134 impe-

347 2144 407 2178 diri
434 2156 488 2177 seu
518 2141 713 2190 perturbare3
737 2153 860 2176 necnon
882 2142 942 2176 sub
969 2142 1097 2176 invoca-

347 2199 433 2233 tione
453 2197 527 2232 dicti
544 2196 578 2232 S.
596 2196 792 2244 Hieronymi,
815 2195 844 2229 in
869 2196 1095 2242 praeiudicium

348 2253 506 2288 dictorum
545 2251 738 2298 pauperum,
778 2249 898 2297 aliquas
931 2259 1099 2297 quaestuas

348 2306 450 2342 facere
472 2304 699 2353 quoquomodo
735 2312 947 2351 praesumant,
976 2303 1098 2349 praeci-

350 2360 466 2408 piendo
489 2359 685 2394 mandamus.
713 2358 794 2405 lpsis
826 2370 952 2405 quoque
973 2357 1099 2404 Paupe-

350 2415 449 2459 ribus,
470 2422 504 2448 ut
524 2413 677 2448 dictarum
711 2412 950 2448 confratriarum
973 2411 1099 2446 confra-

350 2468 464 2510 tribus,
478 2476 540 2503 tam
557 2480 612 2515 per
624 2479 678 2502 eos
699 2467 853 2502 hactenus
871 2467 900 2500 in
914 2465 1099 2501 eorumdem

350 2523 532 2570 Pauperum
563 2521 729 2557 domorum
765 2521 952 2556 circuitibus
984 2529 1102 2555 erectas

353 2578 546 2619 confratrias,
579 2590 673 2626 quam
708 2578 738 2611 in
783 2585 942 2624 posterum
984 2575 1100 2610 ibidem

354 2631 532 2680 erigendaS,
557 2631 741 2667 confratrias
761 2631 834 2666 dicti
856 2630 890 2666 S.
917 2629 1101 2678 Hieronymi

432 2690 508 2721 Bull.
532 2689 606 2719 Rom.
629 2689 682 2718 Vol.
706 2689 733 2718 V.
947 2688 984 2718 48

1753 222 1820 253 577

1126 289 1366 334 denominandi,
1393 289 1562 336 ipsumque
1583 286 1617 323 S.
1641 287 1870 334 Hieronymum

1126 353 1181 388 pro
1221 352 1328 375 eorum
1364 338 1476 373 vexillo
1509 337 1669 372 deserendi
1712 336 1869 371 licentiam

1125 390 1300 426 concedere
1316 389 1436 436 possint
1460 388 1673 434 indulgemus.
1688 386 1735 421 Ac
1762 386 1872 420 statui·
1893 398 2070 425 &Quonim-1-

1126 453 1195 474 mus
1221 449 1250 475 et
1278 440 1460 474 ordinamus
1486 438 1569 485 quod
1606 437 1678 472 dicti
1713 429 2068 482 Paufieres¹³⁰'⁰‘⁵·*¹³⁰'⁰'

1887 462 1952 487 pyrni,
1969 461 2004 480 sed
2027 459 2071 479 tra-

1125 491 1163 524 de
1197 498 1321 524 coetero
1354 489 1447 523 etiam
1476 487 1635 534 perpetuis
1662 485 1776 520 suturis
1798 493 1931 519 tem-¹10³
1972 490 2070 527 temam·

1125 539 1255 584 poribus
1269 551 1330 573 non
1347 538 1507 584 Pauperes
1522 536 1678 572 societatis
1692 535 1871 582 Pauperum
1888 524 1985 574 fffiff⁰⁶¹¹
1996 522 2069 548 ''lffl'

1124 589 1332 631 lesuatorum,
1369 587 1422 622 sed
1461 596 1580 621 tantum
1621 585 1731 619 fratres
1758 584 1872 619 lesuati

1125 639 1200 673 dicti
1223 638 1256 673 S.
1285 637 1468 684 Hieronymi
1496 635 1741 670 denominentur
1767 642 1799 669 et
1825 647 1873 681 ap-

1127 688 1291 735 pellentur.

1174 741 1189 781 g
1211 741 1243 771 4.
1270 736 1338 771 Non
1362 734 1560 770 obstantibus
1594 732 1873 770 constitutionibus
1910 740 2046 780 mutantibu-

1126 795 1155 821 et
1194 785 1447 822 ordinationibus
1473 785 1664 832 apostolicis,
1699 796 1735 819 ac
1770 783 1876 822 socie—‚
1934 772 2026 796 4¹⁰⁶*

1126 836 1197 871 tatis
1223 835 1348 871 statutis
1386 847 1422 870 ac
1449 833 1732 869 consuetudinibus
1768 841 1872 868 coete-

1128 887 1233 933 risque
1259 884 1425 920 contrariis
1452 884 1715 931 quibuscumque.

1175 936 1195 982 g
1217 939 1249 970 5.
1273 935 1312 969 Et
1339 934 1411 981 quia
1434 934 1558 969 difficile
1583 933 1659 968 foret
1682 940 1734 967 etc.

1174 985 1258 1020 Nulli
1281 996 1354 1030 ergo
1376 991 1427 1018 etc.

1175 1035 1291 1070 Datum
1315 1034 1434 1068 Romae
1453 1033 1535 1080 apud
1559 1032 1592 1068 S.
1629 1032 1770 1073 Petrum,
1794 1045 1876 1067 anno

1128 1084 1357 1120 incarnationis
1393 1083 1568 1118 dominicae
1605 1082 1771 1116 millesimo
1799 1094 1877 1129 qua-

1128 1134 1375 1181 dringentesimo
1398 1133 1603 1179 nonagesimo
1626 1144 1720 1172 nono,
1750 1134 1788 1166 tt
1817 1131 1875 1165 kal.

1128 1184 1326 1230 septembris,
1343 1183 1545 1231 pontificatus
1567 1181 1664 1217 nostri
1687 1193 1770 1216 anno
1784 1182 1806 1216 8
1822 1185 1877 1224 (t).

1157 1246 1216 1276 Dat.
1234 1246 1281 1276 die
1296 1245 1333 1276 ΞΡ.
1352 1245 1469 1284 augusti
1492 1244 1575 1279 1499,
1595 1248 1673 1284 pont.
1689 1253 1766 1274 anno
1784 1252 1844 1273 vm.

1889 231 1937 257 An.
1952 230 1980 256 (ἶ.
2003 230 2066 255 ΜΨ.)

1903 939 1962 959 Fiden
1973 943 2075 959 transum-

1891 974 1979 997 plorum.

1459 1431 1529 1467 XII.

1133 1516 1301 1560 Prioileqia
1315 1515 1544 1560 aedificantium
1556 1514 1589 1548 in
1602 1514 1653 1548 υἰα
1665 1514 1882 1548 Alexandrina

1180 1577 1276 1610 nuper
1301 1567 1334 1598 in
1359 1565 1435 1599 Urbe
1460 1565 1576 1598 directa
1596 1575 1617 1597 a
1644 1564 1751 1597 Castro
1773 1563 1882 1597 Sancti

1181 1615 1293 1659 Anyeli
1313 1615 1355 1648 ad
1387 1615 1522 1660 plateam
1544 1615 1579 1648 S.
1617 1614 1702 1647 Petri
1731 1613 1881 1658 principis

1181 1666 1400 1710 apostolorum.

1401 1742 1616 1782 SUMMARIUM

1133 1808 1386 1838 Exordium—1.
1399 1806 1457 1836 Iste
1473 1805 1605 1836 Pontifex
1617 1805 1691 1835 viam
1710 1805 1850 1835 directam
1870 1815 1883 1834 a

1173 1858 1256 1892 porta
1281 1852 1374 1882 Castri
1401 1851 1501 1882 Sancti
1520 1851 1623 1890 Angeli
1647 1859 1741 1890 usque
1760 1851 1796 1881 ad
1819 1851 1884 1889 pla-

1174 1903 1249 1928 team
1271 1897 1301 1928 S.
1325 1897 1402 1927 Petri
1427 1897 1501 1932 sieri,
1523 1905 1646 1935 eamque
1660 1895 1884 1925 Alexandrinam

1175 1942 1318 1982 appellari
1346 1942 1559 1977 mandavi13—
1579 1940 1607 1970 2.
1629 1939 1663 1969 Et
1690 1940 1774 1970 modo
1797 1940 1887 1979 privi—

1175 1988 1250 2027 legia
1276 1988 1306 2017 in
1329 1997 1360 2017 ea
1380 1985 1606 2016 aedificantibus
1633 1985 1777 2014 concedit.
1798 2001 1837 2006 —
1859 1984 1885 2014 3.

1175 2032 1329 2062 Decretum
1351 2030 1477 2061 irritans.
1500 2047 1539 2052 —
1562 2030 1590 2059 4.
1613 2028 1768 2058 Clausulae
1796 2028 1884 2058 dero-

1177 2076 1314 2115 gatoriae.

1182 2153 1331 2182 Alexander
1350 2152 1490 2189 episeopus
1510 2157 1603 2180 servus
1621 2157 1760 2180 sorvorum
1775 2150 1839 2183 nei,

1273 2204 1307 2231 ad
1334 2204 1494 2239 perpetuam
1524 2201 1566 2229 rei
1584 2199 1752 2230 memoriam.

1189 2275 1254 2310 Etsi
1285 2275 1439 2310 universis
1465 2274 1627 2309 Romanae
1653 2272 1815 2308 Ecclesiae
1838 2273 1886 2307 do·
1936 2279 1949 2299 E

1142 2326 1237 2360 minio
1265 2325 1429 2372 temporali
1453 2323 1602 2359 subiectis
1627 2322 1816 2362 civitatibus,
1833 2335 1888 2369 pro

1141 2387 1247 2410 carum
1269 2383 1351 2410 statu
1375 2386 1524 2421 prospero
1547 2382 1577 2409 et
1598 2372 1801 2408 incrementis
1822 2372 1889 2407 feli-

1141 2425 1250 2468 cibus,
1283 2424 1451 2472 apostolica
1478 2435 1535 2457 uos
1570 2423 1682 2458 deceat
1713 2421 1888 2469 provisione

1141 2475 1316 2514 consulere,
1338 2474 1436 2508 almae
1459 2481 1562 2508 tamen
1585 2471 1662 2508 Urbi
1677 2480 1802 2506 nostrae
1817 2483 1890 2505 san-

1141 2534 1263 2560 ctorum
1285 2522 1496 2571 apostolorum
1524 2522 1610 2558 Petri
1632 2530 1662 2557 et
1689 2521 1776 2556 Pauli
1804 2533 1890 2555 mar-

1143 2574 1222 2622 tyrio
1237 2581 1448 2613 consecratae,
1462 2584 1542 2620 quae
1555 2572 1655 2620 ipsius
1675 2571 1758 2606 Petri
1776 2569 1889 2614 Sedes,

1178 2645 1218 2681 (t)
1235 2646 1255 2672 Α
1276 2645 1317 2672 die
1333 2643 1467 2672 electionis
1483 2645 1626 2679 supputato
1642 2642 1679 2678 (n.
1698 2640 1748 2676 τ.).
