2281 3251
116 274 166 305 Au.
181 272 213 302 c.
229 259 294 302 ¹u¹

129 772 297 794 {tonsurandum

115 803 157 824 Deo
174 803 297 828 gratiaeque

113 834 144 856 illi
159 834 260 860 agendae.

125 1858 283 1891 ῼΜημὶρ

113 1888 249 1920 patriai-,1:339
261 1886 298 1917 14-

113 1921 230 1943 :obitorum
241 1936 247 1946 ,
272 1925 297 1942 ο-

112 1953 187 1979 lusque
201 1951 273 1978 legati.

923 265 1085 291 BUGENIUS
1107 265 1140 289 1v

312 324 422 360 eodem
445 323 516 359 fidei
544 331 574 358 et
594 323 731 358 caritatis
753 320 879 356 vinculo
907 320 966 355 iam
990 331 1061 354 con-

312 374 463 409 venerint.
486 373 594 408 Primo
616 372 731 407 etenim
751 370 862 406 Graeci
899 377 929 404 et
965 369 983 403 ii
1007 369 1060 416 qui

311 423 445 458 subsunt
473 430 608 469 quatuor
635 419 895 468 patriarchalibus
920 418 1061 461 sedibus,

312 472 426 508 multas
451 480 574 518 gentes,
603 471 811 516 nationesque
845 477 874 503 et
915 468 1060 502 idiomata

310 520 546 557 continentibus
561 533 569 562 ;
584 519 699 554 deinde
722 518 866 561 Armeni,
891 518 1060 552 multorum

312 571 498 618 populorum
510 582 607 616 geum
628 569 722 604 hodie
741 580 813 603 vero
831 566 982 605 Iacobini,
997 579 1059 601 ma-

310 621 363 665 gni
387 621 481 655 etiam
507 631 562 666 per
589 618 762 665 AEgyptum
791 616 911 664 populi,
937 624 1062 651 sanctae

312 669 386 704 Sedi
415 668 616 716 Apostolicae
645 668 723 702 uuiti
746 676 831 701 sunt.

360 718 380 765 S
410 722 440 752 1.
470 718 598 752 Etcum
617 717 691 751 nihil
720 715 846 751 salutari
869 723 973 750 nostro
996 714 1062 749 Do-

313 767 398 802 mino
417 775 522 803 nostro
539 766 608 801 lesu
625 766 754 801 Christo
771 765 892 812 gratius
902 764 952 804 sit.
967 776 1060 810 quam

313 824 420 852 mutua
461 817 541 852 inter
580 816 725 851 homines
761 816 885 854 caritas;
922 813 1062 859 nihilque

312 867 432 901 nomini
467 878 524 900 suo
560 866 746 911 gloriosius,
775 874 867 911 atque
903 862 1062 897 Ecclesiae

313 915 420 950 utilius
456 927 524 950 esse
557 914 666 962 possit,
703 926 797 962 (piam
835 921 866 947 ut
888 911 1062 953 christiani,

311 965 396 1000 omni
417 965 497 999 inter
518 977 552 999 se
584 964 707 998 sublato
730 963 871 1001 dissidio,
900 962 929 995 in
953 961 1060 995 eadem

311 1014 406 1050 simul
442 1013 514 1049 fidei
555 1014 689 1060 puritate
724 1012 923 1053 conveniant,
952 1010 1062 1044 merito

311 1076 370 1099 nos
390 1076 502 1098 omnes
517 1072 642 1098 cantare
659 1075 731 1108 prae
742 1061 869 1107 gaudio,
884 1068 913 1094 et
929 1058 1062 1093 iubilare

312 1113 342 1148 in
363 1113 500 1148 Domino
522 1111 786 1158 debentium-ios,
805 1118 837 1144 nt
852 1117 966 1143 tantam
983 1108 1064 1143 chri·

311 1163 430 1197 suanae
453 1161 524 1197 fidei
541 1158 934 1207 magnificentiam'diebus
949 1157 1064 1192 nostris

314 1211 501 1249 videremus,
523 1210 627 1244 divina
647 1210 805 1245 miseratio
820 1209 934 1255 dignos
949 1208 1062 1242 effecit.

312 1261 443 1296 Summa
458 1259 552 1305 igitur
566 1271 637 1294 cum
650 1258 819 1301 alacritate,
834 1257 1064 1292 annunciamus

314 1309 468 1355 magnalia
496 1308 573 1344 haec
596 1309 626 1343 in
652 1309 795 1342 universa
819 1307 1062 1342 christianorum

313 1366 406 1402 terra,
425 1358 746 1404 utsiciitiiOS‚gl01*ia
760 1357 817 1392 Dvi
832 1366 863 1391 et
877 1355 1064 1391 exaltatione

312 1406 486 1446 Ecclesiae,
510 1407 626 1454 gaudio
652 1406 852 1442 inenarrabili
880 1405 989 1452 repleti
1009 1418 1063 1439 su-

313 1469 395 1500 mus,
418 1457 457 1491 ita
480 1465 510 1491 ct
524 1457 602 1492 alios
622 1465 725 1491 tantae
746 1457 880 1491 laetitiae
897 1455 1065 1501 participes

311 1505 474 1546 faciamus,
499 1515 530 1541 nt
552 1518 665 1541 omnes
689 1519 751 1541 uno
784 1518 838 1540 ore
874 1503 1065 1551 magnifice-

311 1567 384 1591 mus
406 1565 435 1590 et
456 1555 668 1602 glorificemus
688 1556 802 1599 Deum,
818 1563 849 1590 et
868 1566 942 1589 suae
967 1554 1065 1588 maie-

311 1605 394 1649 stati,
409 1613 501 1652 prout
523 1605 656 1651 dignum
683 1615 883 1651 est,magnas
907 1603 1063 1650 quotidia-

311 1666 431 1701 nasque
457 1655 574 1701 gratias
598 1667 729 1700 agamus
753 1667 807 1701 pro
835 1663 878 1689 tot
910 1653 1065 1699 tantisque

311 1703 511 1739 mirabilibus
532 1704 695 1739 beneticiis
717 1705 774 1739 hac
789 1712 889 1738 aetate
905 1702 1064 1737 Ecclesiae

311 1765 386 1788 suae
415 1761 543 1788 sanctae
570 1754 704 1788 collatis.

359 1802 427 1850 §2-
448 1803 483 1837 Et
498 1803 647 1850 qnoniam
660 1804 712 1851 qui
729 1815 811 1849 opus
824 1801 881 1837 Dei
899 1800 1066 1847 diligenter

312 1860 448 1895 exercet,
472 1865 532 1887 nou
570 1853 663 1887 modo
689 1853 835 1886 meritum
858 1864 894 1886 ac
923 1849 1066 1885 retribu—

313 1902 429 1937 tionem
455 1903 484 1936 in
513 1903 610 1936 coelis·
642 1910 797 1949 expectat,
824 1900 878 1935 scd
902 1900 984 1947 apud
1007 1900 1065 1935 ho-

313 1952 415 1986 mines
436 1951 571 1997 amplain
592 1952 723 1996 gloriam
749 1950 938 1997 laudemque
961 1962 1066 1984 mere-

313 2008 375 2043 tur,
390 2000 598 2036 venerabilem
615 2001 740 2036 fratrem
758 2008 898 2036 nostrum
916 1999 1063 2034 loannem

312 2053 534 2089 larohiuorum
571 2055 790 2102 patriarcham,
819 2054 913 2088 huius
939 2063 1065 2088 sanctae

314 2109 441 2144 unionis
473 2109 729 2157 cupidissimum,
763 2122 780 2144 a
813 2109 904 2144 nobis
930 2117 961 2143 et
1002 2117 1063 2144 tota

311 2162 454 2198 Ecclesia
478 2164 590 2198 merito
629 2163 822 2198 laudandum
851 2171 881 2197 et
908 2163 1064 2198 extollen-

313 2217 400 2258 dum,
440 2231 476 2252 ac
515 2219 778 2253 communionum
819 2217 1063 2251 christianornm

311 2270 429 2316 favore,
445 2284 519 2307 cum
548 2279 608 2307 tota
631 2284 686 2306 sua
704 2279 808 2318 gente,
823 2271 954 2317 dignuin
981 2272 1066 2306 iudi-

312 2337 431 2361 camus.
464 2326 494 2361 Is
531 2324 617 2361 enim
653 2338 669 2361 a
712 2326 802 2360 nohis
838 2338 891 2372 per
922 2336 1063 2360 nostruin

313 2388 467 2416 oratorem
496 2393 537 2415 ac
560 2380 666 2415 literas
689 2381 854 2419 excitatus,
879 2388 912 2414 ut
940 2380 977 2414 ad
1009 2394 1065 2414 nos

313 2443 343 2470 et
378 2434 459 2470 hanc
493 2442 632 2470 sanctam
672 2434 827 2482 synodum
875 2433 1062 2480 legationem

314 2488 463 2531 mitteret,
476 2496 507 2523 et
529 2501 562 2523 se
584 2500 621 2523 ac
642 2500 731 2523 suam
751 2495 877 2534 gentem
895 2487 925 2520 in
942 2487 1063 2522 cadi-ni.

313 2555 385 2577 cum
414 2541 552 2577 Ecclesia
578 2542 732 2584 Romana,
756 2540 817 2575 fide
844 2540 958 2578 uniret.
980 2540 1065 2574 dih·-

314 2605 400 2631 ctum
415 2595 515 2631 filium
533 2595 704 2637 Audi-eam,
720 2596 847 2630 natione
864 2593 1065 2642 AEgyptiuni,

313 2649 459 2686 abbatem
476 2650 658 2686 monasterii
674 2649 708 2685 S.
725 2649 855 2684 Antonii
868 2650 951 2696 apud
968 2647 1066 2696 AEgy·

1167 264 1217 289 Pr.
1762 253 1805 285 59

1104 326 1205 366 ptum,
1234 319 1264 352 in
1299 330 1362 365 quo
1398 325 1427 351 et
1460 316 1618 351 habitasse
1646 324 1676 350 et
1711 324 1855 350 mortuus

1103 381 1172 403 esse
1199 376 1326 403 sanctus
1358 367 1425 414 ipse
1463 365 1622 400 Antonius
1658 365 1855 411 perhibetur,

1105 418 1256 465 religiono
1279 425 1309 451 ct
1332 415 1474 451 moribus
1498 427 1559 450 non
1584 414 1786 449 mediocria—r
1807 415 1857 447 iu-

1103 468 1261 508 stitutnm,
1278 466 1315 500 ad
1342 478 1398 499 nos
1412 472 1442 500 'ct
1466 465 1563 511 ipsam
1580 463 1736 511 synodum
1758 464 1857 497 desti-

1105 517 1203 559 navit,
1218 516 1280 556 cui,
1297 514 1475 549 devotionis
1493 515 1560 548 zeto
1575 524 1740 551 aecensus,
1761 514 1857 559 iinpo-

1103 566 1166 600 suit
1196 574 1288 612 atquo
1311 563 1470 599 commisit
1507 571 1539 596 ut
1572 561 1643 597 fidei
1666 561 1857 602 doctrinam,

1103 627 1197 662 quam
1227 622 1333 648 sancta
1370 612 1512 648 Romana
1540 610 1679 646 Ecclesia
1718 619 1801 645 tent-t
1828 619 1859 644 et

1105 664 1276 710 praedicat,
1312 663 1438 696 nomine
1477 661 1579 708 ipsius
1608 660 1802 707 patriarchae
1829 670 1859 693 et

1103 725 1232 747 snorum
1255 711 1474 746 lacohinorum
1502 718 1681 745 reverenter
1711 710 1859 755 suscipe-

1105 770 1161 806 ret,
1184 761 1385 796 deserendam
1402 769 1508 807 postea
1527 772 1581 806 per
1604 772 1676 794 euin
1693 758 1731 792 ad
1755 759 1856 803 ipsum

1106 812 1312 856 patriarcham
1341 819 1371 845 et
1392 809 1569 849 lacohinos,
1587 817 1620 843 ut
1645 816 1676 843 et
1699 808 1755 854 ipsi
1772 819 1858 841 cain-

1104 860 1175 895 dem
1204 868 1423 906 agnoscerent,
1455 867 1615 906 ratamque
1647 857 1798 892 haberent
1828 864 1858 890 et

1106 910 1133 943 in
1162 910 1227 944 suis
1250 909 1431 955 regionibns
1455 908 1683 955 praedicarent.

1152 959 1173 1006 ἓ
1201 961 1232 993 5.
1256 959 1321 993 Nos
1344 959 1448 1005 igitur,
1476 958 1591 1005 quibus
1625 969 1699 991 voce
1728 955 1857 990 Domini

1105 1009 1308 1042 commissum
1353 1017 1398 1041 est
1446 1020 1573 1054 pascere
1609 1018 1683 1041 oves
1727 1004 1858 1044 Christi,

1106 1058 1207 1104 ipsum
1233 1057 1388 1092 Andrcam
1415 1056 1558 1092 abbatem
1598 1068 1653 1101 per
1689 1054 1860 1090 nonnullos

1105 1107 1199 1141 huius
1228 1115 1287 1141 tam
1323 1107 1402 1140 sacri
1441 1105 1565 1140 concilii
1596 1105 1736 1150 insignes
1766 1104 1858 1143 viros,

1105 1168 1201 1203 super
1223 1156 1364 1190 articulis
1383 1155 1453 1189 fidei
1480 1163 1509 1189 et
1525 1153 1730 1189 sacramentis
1745 1152 1859 1187 Eccle-

1106 1206 1168 1239 siae
1203 1213 1233 1239 et
1267 1205 1524 1252 quibuscumque
1551 1203 1588 1237 ad
1616 1202 1748 1238 salntem
1786 1214 1860 1247 spe-

1105 1255 1263 1289 ctantibus
1303 1254 1471 1301 diligenter
1514 1252 1685 1287 examinari
1713 1251 1860 1294 fecimus,

1106 1312 1134 1338 et
1159 1303 1462 1350 tandem,quantnm
1488 1303 1586 1337 visum
1611 1301 1737 1336 estfore
1755 1313 1860 1335 neccs-

1106 1353 1235 1391 sarium,
1263 1354 1401 1400 exposita
1422 1352 1525 1387 eidem
1558 1351 1661 1386 abbati
1689 1350 1724 1385 S.
1757 1349 1797 1386 R.
1824 1350 1858 1383 E.

1107 1402 1167 1437 fide
1188 1403 1353 1447 catholica,
1369 1411 1398 1437 et
1424 1415 1479 1449 per
1497 1402 1601 1449 ipsum
1626 1401 1785 1434 humiliter
1806 1412 1858 1434 ac-

1106 1460 1239 1499 ceptata,
1261 1452 1441 1500 hanc,quae
1460 1452 1614 1497 sequitur,
1628 1463 1732 1484 verani
1750 1462 1861 1483 ncces·

1107 1502 1283 1549 sari-‘imque
1296 1503 1483 1541 doctrinam,
1497 1500 1590 1535 hodie
1606 1501 1636 1534 in
1655 1500 1711 1534 hac
1726 1498 1858 1534 solemni

1106 1553 1258 1592 sessione,
1291 1565 1380 1587 sacro
1421 1550 1615 1598 approbante
1651 1548 1860 1584 oecumenico

1106 1602 1239 1636 concilio
1273 1602 1467 1641 Florentino,
1505 1600 1534 1633 in
1569 1599 1696 1634 nominc
1731 1597 1858 1633 Domini

1108 1651 1274 1686 tradimus.

1155 1701 1226 1748 54.
1250 1700 1284 1736 In
1311 1701 1421 1748 primis
1449 1700 1545 1745 igitur
1574 1705 1772 1733 sacrosancta
1793 1697 1860 1733 Ro-

1109 1763 1198 1785 mana
1215 1750 1372 1792 Ecclesia,
1384 1749 1512 1784 Domini
1528 1757 1558 1784 et
1571 1747 1741 1783 Salvatoris
1762 1748 1859 1782 nostri

1109 1812 1181 1834 voce
1209 1800 1349 1843 fundata,
1384 1800 1516 1833 firmiter
1551 1797 1668 1837 credit,
1698 1798 1861 1844 profitetur

1107 1858 1137 1883 et
1164 1850 1322 1896 praedicat
1345 1862 1443 1884 unum
1471 1861 1578 1883 reruni
1603 1847 1719 1887 Deum,
1755 1848 1861 1882 omni-

1110 1908 1282 1943 potentem,
1311 1898 1602 1933 incommutabilem
1626 1906 1657 1932 et
1683 1905 1860 1934 aeternum,

1108 1948 1232 1984 Patrem
1257 1957 1286 1984 et
1308 1948 1423 1984 Filium
1460 1957 1490 1982 et
1520 1947 1671 1993 Spiritum
1694 1946 1860 1990 Sanctum,

1109 2011 1204 2032 uuum
1246 2000 1276 2033 in
1312 1999 1459 2038 essentia,
1488 1997 1607 2031 trinum
1642 1997 1670 2030 in
1703 1997 1858 2043 personis.

1109 2051 1232 2087 P.·n·en1
1257 2053 1454 2094 ingenitum3
1478 2051 1593 2086 Filium
1621 2063 1658 2084 cx
1686 2050 1778 2084 Patre
1802 2063 1859 2095 gc-

1109 2107 1224 2147 niiuui;
1238 2107 1395 2153 Spiritum
1413 2106 1565 2141 Sanctum
1586 2116 1622 2138 cx
1640 2103 1746 2143 Pau-e,
1765 2103 1861 2139 Filio-

1107 2173 1168 2205 ‹pie
1193 2162 1426 2206 procedentem.
1455 2159 1580 2193 Patrem
1610 2170 1671 2191 non
1708 2170 1776 2193 esse
1802 2158 1859 2193 Fi-

1109 2216 1182 2247 huui
1211 2223 1263 2249 aut
1286 2214 1438 2261 Spiritum
1462 2213 1626 2250 Sanctuuu
1655 2211 1769 2245 Filium
1796 2225 1856 2246 non

1107 2281 1176 2300 csse
1200 2269 1322 2302 Patrem
1346 2276 1400 2301 aut
1421 2266 1573 2312 Spiritum
1594 2265 1765 2305 Sanctuim
1782 2266 1858 2312 Spi-

1110 2323 1200 2356 ritum
1211 2323 1364 2358 Sanctum
1378 2334 1439 2356 non
1453 2333 1522 2355 esse
1532 2320 1656 2354 Patrem
1667 2319 1857 2360 autFilium;

1107 2381 1160 2411 scd
1191 2377 1283 2412 Pati-r
1319 2383 1437 2410 tautum
1471 2374 1561 2408 Pater
1600 2382 1665 2414 θεῖ’,
1700 2381 1728 2408 et
1758 2373 1857 2407 Filius

1109 2439 1227 2465 tantu-m
1263 2430 1364 2465 Filius
1403 2437 1467 2468 esu
1502 2436 1531 2462 et
1555 2427 1693 2474 Spiritus
1721 2427 1857 2462 Sanctus

1109 2494 1228 2519 {auium
1247 2484 1388 2529 Spiritus
1407 2482 1543 2516 Sanctus
1570 2490 1627 2515 cst.
1649 2480 1742 2514 Solus
1765 2480 1857 2514 Pater

1108 2537 1146 2571 dc
1167 2538 1339 2573 substantia
1376 2549 1430 2571 sna
1466 2536 1575 2582 genuit
1605 2534 1741 2574 Filinm;
1771 2533 1856 2566 solus

1110 2591 1209 2627 Filius
1235 2593 1274 2626 de
1301 2591 1368 2626 solo
1394 2589 1488 2625 Patre
1519 2597 1565 2623 est
1595 2588 1735 2634 genum
1769 2586 1856 2620 solus

1106 2646 1245 2695 Spiritus
1267 2645 1402 2680 Sanctus
1424 2643 1517 2679 simul
1541 2643 1578 2677 de
1601 2642 1691 2676 Patre
1713 2639 1855 2688 procedit

1872 263 1922 290 An.
1938 262 1965 289 C,
1987 263 2049 291 ΜΗ

1887 960 1995 987 Exposuit)
2011 960 2059 982 fidit

1874 991 1943 1012 cidem
1952 989 2009 1012 {acta
2024 991 2057 1011 10-

1874 1025 1928 1048 gatov

1884 1706 1917 1728 -ne
1927 1705 2033 1728 -Irinitate
