2281 3251
86 274 135 300 An}
151 274 178 300 C.
200 272 267 300 llt39

104 1365 272 1388 Confirmtiou05

890 265 1048 290 Et'Gtcatt's
1074 267 1103 288 tt*
1130 265 1175 288 ΙἸ).

282 325 321 360 sit
347 323 508 362 minister,
537 323 588 370 qui
621 322 712 357 tradit
743 322 879 356 exterius
918 333 1023 355 sacra-

283 382 435 412 mentum,
462 373 487 406 si
515 372 712 419 exprimetur
744 382 853 414 actus,
888 371 950 421 qui
971 383 1024 417 per

283 425 383 470 ipsum
407 430 572 456 exercetur
599 421 799 465 ministrnm,
836 433 907 454 cum
937 421 1024 453 San-

281 482 347 506 ctae
369 471 529 506 Trinitatis
555 471 760 509 invocatione,
785 470 943 517 pei-licitur
975 482 1024 503 sa-

282 530 488 556 cramentum.
530 519 671 554 Minister
710 520 805 554 liuius
839 519 1022 554 sacramenti

281 579 327 605 est
349 569 504 610 sacerdos,
527 570 576 603 cni
596 582 633 603 ex
654 569 756 603 officio
787 569 936 615 competit
964 568 1025 602 ba—

283 620 406 666 ptizare.
426 618 459 652 In
483 631 576 653 causa
598 626 701 653 autem
726 618 940 661 necessitatis,
964 630 1024 652 non

282 669 383 703 solum
407 667 552 702 sacerdos
580 668 624 701 vel
653 667 815 711 diaconus,
850 667 904 702 scd
932 667 1024 701 etiam

283 717 378 752 laicus
413 716 458 751 vel
492 716 620 760 mulier,
646 717 740 751 immo
767 717 858 751 etiam
888 728 1026 763 paganus

283 777 311 801 et
335 767 511 801 haereticus
530 766 684 812 baptizare
708 774 807 812 potest
824 793 831 804 ,
854 765 1026 799 dummodo

284 816 412 850 formam
429 823 553 850 servent
574 815 742 855 Ecclesiae,
757 824 786 849 et
809 814 909 849 facere
925 815 1027 848 inten—

283 865 356 899 dant
372 864 456 912 quod
472 864 543 898 facit
558 864 710 899 Ecclesia.
724 864 828 898 Huius
840 864 1025 898 sacramenti

283 914 414 949 effertus
436 922 482 948 est
505 915 645 949 remissio
674 914 779 948 omnis
800 913 910 959 culpae
932 913 1028 957 origi-

285 965 364 998 nalis
390 972 421 997 et
446 964 575 998 actualis
592 990 601 1006 ,
635 963 738 998 omnis
759 974 885 1009 quoqne
910 973 1027 1008 poenae

285 1026 364 1060 quae
393 1024 446 1059 pro
470 1013 535 1060 ipsa
558 1014 649 1060 culpa
680 1012 823 1047 debetur.
858 1011 1027 1057 Propterea

286 1063 450 1109 baptizatis
479 1061 562 1096 nulla
594 1075 648 1110 pro
689 1061 821 1108 peccatis
858 1060 1028 1106 praeteritis

287 1111 478 1158 iniungenda
501 1119 550 1146 est
566 1111 745 1150 satisfac-tim
768 1110 821 1144 sed
845 1109 1028 1149 morientes,

286 1170 450 1207 antequam
479 1161 603 1207 culpam
639 1161 774 1206 aliquam
808 1159 1029 1203 committant,

286 1211 387 1245 statim
411 1210 447 1244 ad
472 1221 601 1255 regnum
634 1211 792 1244 coelorum
813 1217 842 1244 et
860 1207 917 1243 Dei
941 1209 1030 1243 visio-

287 1272 357 1294 nem
382 1259 578 1305 perveniunt.

334 1312 349 1351 ἓ
366 1310 421 1341 11.
437 1307 618 1343 Secundum
642 1316 870 1343 sacramentum
885 1316 932 1342 est
944 1307 1031 1342 Con-

287 1357 432 1402 firmatio,
453 1358 544 1392 cuius
567 1358 694 1392 materia
724 1366 769 1392 est
794 1358 928 1392 chrisma
955 1370 1031 1392 con-

288 1407 401 1442 fectum
424 1420 460 1441 ex
484 1408 576 1452 oleo,
608 1407 692 1454 quod
717 1407 848 1441 nitorem
876 1407 1031 1453 significat

287 1457 508 1498 conscientiae,
531 1466 560 1491 et
583 1456 733 1501 balsamo,
760 1457 814 1504 qni
837 1456 965 1491 odorem
989 1458 1032 1491 si-

286 1507 413 1553 gnificat
434 1506 535 1541 bonae
558 1505 670 1547 famae,
697 1519 752 1554 per
772 1507 959 1554 episcopum
977 1506 1032 1541 be-

287 1556 424 1591 nedicto.
449 1554 561 1591 Forma
574 1565 677 1590 autem
697 1565 754 1591 est:
775 1555 872 1602 Signo
896 1565 924 1591 te
943 1557 1033 1602 signo

288 1607 402 1647 crucis,
425 1613 455 1640 et
477 1605 629 1640 confirmo
652 1614 681 1639 te
710 1606 877 1641 chrismate
900 1607 1010 1641 salutis
1025 1634 1032 1647 ,

290 1656 319 1690 in
344 1655 469 1690 nomine
484 1655 585 1690 Patris
606 1664 635 1690 et
656 1654 728 1689 Filii
747 1665 776 1690 et
798 1655 937 1703 Spiritus
958 1656 1034 1690 San-

289 1705 341 1738 cti.
365 1704 553 1739 Ordinarius
572 1705 715 1739 minister
735 1713 781 1739 est
796 1706 975 1752 episcopus.
995 1705 1034 1740 Et

290 1766 361 1788 cum
394 1761 513 1789 ceteras
541 1755 705 1789 unctiones
734 1755 868 1801 simplex
889 1755 1034 1790 sacerdos

290 1803 386 1838 valeat
408 1803 570 1845 exhibere,
592 1803 672 1838 hanc
707 1804 831 1838 nonnisi
867 1805 1035 1851 episcopus

289 1852 382 1887 debet
404 1853 566 1896 conferre,
605 1853 677 1900 quia
710 1852 749 1887 de
783 1853 856 1887 solis
885 1854 1036 1900 apostolis

289 1901 412 1948 legitur,
440 1914 576 1949 quorum
599 1904 697 1937 vicem
731 1911 837 1937 tenent
871 1904 1034 1950 episcopi,

290 1952 388 1997 quod,
412 1964 466 1999 per
482 1965 592 1987 manus
609 1952 856 1999 impositionem,
879 1951 1034 1999 Spiritum

290 2000 442 2035 Sanctum
465 2001 592 2046 dabant,
613 2001 881 2049 quemadmodum
904 2004 1035 2037 Accuum

290 2052 497 2096 apostolorum
518 2051 610 2086 lectio
633 2051 820 2086 manifestat.
843 2051 923 2087 Cum
952 2052 1035 2087 enim

291 2100 455 2135 audissent
488 2100 626 2148 (inquit)
659 2102 816 2149 apostoli,
857 2102 909 2148 qui
950 2110 1038 2137 erant

293 2149 541 2199 Hierosolymis,
579 2151 651 2198 quia
695 2152 865 2199 recepisset
898 2151 1036 2187 Samaria

293 2199 419 2235 verbum
442 2200 515 2244 Dei,
543 2201 695 2236 miserunt
716 2200 754 2236 ad
781 2213 835 2236 eos
858 2201 985 2237 Petrum
1009 2210 1037 2236 et

292 2249 452 2285 loannem.
474 2249 549 2296 Qui,
568 2263 638 2285 eum
671 2250 839 2292 venissent,
873 2259 1039 2286 oraverunt

293 2312 349 2347 pro
371 2301 415 2335 eis
438 2309 469 2334 nt
491 2301 667 2348 acciperent
696 2299 848 2348 Spiritum
871 2300 1038 2342 Sanctum;

294 2350 434 2384 nondum
458 2351 541 2385 enim
566 2351 594 2384 in
617 2362 809 2398 quemquam
841 2350 963 2385 illorum
986 2364 1039 2386 ve-

295 2408 391 2438 nerat,
416 2400 471 2434 sed
494 2399 639 2447 baptizati
664 2408 783 2434 tantum
812 2408 899 2436 erant
928 2401 957 2435 in
983 2413 1040 2435 no-

296 2449 380 2483 mine
418 2448 544 2484 Domini
590 2449 672 2484 lesu.
708 2449 798 2484 Tune
839 2450 1042 2496 imponebant

297 2511 406 2533 manus
427 2511 523 2546 super
536 2498 616 2539 illos,
631 2508 661 2533 et
676 2499 871 2545 accipiebant
885 2499 1038 2546 Spiritum

296 2547 458 2583 Sanctum.
489 2548 572 2583 Loco
601 2557 703 2583 autem
728 2548 813 2583 illius
841 2561 950 2583 manus
981 2550 1041 2583 im·-

297 2597 472 2643 positionis,
495 2598 586 2633 datur
614 2599 643 2632 in
668 2598 806 2633 Ecclesia
833 2599 1039 2633 confirmatio.

297 2645 429 2693 Legitur
450 2655 552 2682 tamen
575 2647 755 2694 aliquando,
773 2660 826 2695 per
842 2648 1040 2695 Apostolirae

378 2704 451 2735 Bult.
475 2704 549 2735 [tom.
577 2704 630 2735 Vol.
658 2705 684 2734 Υ.
887 2706 900 2734 Ἰ

1713 256 1758 290 49

1064 321 1156 355 Sedis
1170 321 1448 368 dispensationem,
1471 333 1507 355 ex
1523 321 1694 355 rationabili
1711 331 1740 356 et
1758 335 1809 355 ur-

1065 379 1157 416 gente
1180 370 1348 405 admodum
1372 383 1480 411 causa,
1508 371 1682 417 simplicem
1707 383 1810 405 sacer-

1066 421 1184 464 dotem,
1206 421 1373 455 chrismate
1389 432 1442 468 per
1455 421 1639 467 episcopum
1656 420 1811 458 confecto.

1066 469 1126 504 hoc
1155 470 1391 505 administrasse
1425 470 1671 505 confirmationis
1707 482 1811 504 sacra-

1068 528 1221 553 mentum.
1238 519 1379 554 Effectus
1393 527 1497 553 autem
1518 519 1612 554 liuius
1626 520 1809 554 sacramenti

1067 578 1124 612 est,
1146 569 1218 615 quia
1253 570 1283 603 in
1319 582 1356 603 eo
1388 569 1479 603 datur
1513 568 1648 615 Spiritus
1676 568 1812 603 Sanctus

1067 618 1103 652 ad
1129 618 1234 661 robur,
1256 619 1337 653 sieut
1360 618 1451 652 datus
1472 628 1518 652 est
1535 619 1686 665 apostolis
1710 619 1739 651 in
1763 618 1812 652 die

1069 667 1282 706 Pentecostes,
1305 677 1339 702 ut
1371 667 1516 702 videlicet
1543 667 1733 702 christianus
1754 679 1814 701 au-

1068 716 1173 750 dacter
1195 715 1310 750 Christi
1326 716 1512 752 confiteatur
1534 729 1658 750 nomen.
1676 715 1813 764 Ideoque

1069 766 1099 798 in
1123 765 1235 808 fronte,
1259 766 1309 799 ubi
1333 766 1540 801 verecundiae
1555 766 1647 800 sedes
1662 774 1724 809 est,
1742 777 1814 800 con-

1070 814 1241 848 firmandus
1264 815 1448 861 inungitur,
1477 828 1513 849 ne
1548 815 1665 850 Christi
1700 827 1813 849 nomen

1069 863 1208 897 confiteri
1236 864 1411 904 erubescat,
1434 872 1463 898 et
1493 865 1658 912 praecipue
1688 876 1812 898 crucem

1069 913 1149 950 eius,
1173 913 1224 958 qui
1242 913 1359 948 iudaeis
1382 923 1428 948 est
1450 914 1649 953 scandatum,
1668 914 1815 959 gentibus

1069 970 1170 996 antem
1186 961 1509 1006 stultitia,secundum
1525 964 1725 1010 Apostolum,
1743 976 1816 1010 pro-

1072 1020 1139 1057 pter
1160 1011 1242 1057 quod
1267 1012 1357 1057 signo
1378 1013 1480 1046 crucis
1505 1013 1656 1057 signatur.

1119 1064 1133 1103 ξ
1158 1062 1212 1094 «12.
1236 1060 1376 1096 Tertium
1399 1070 1446 1095 est
1476 1061 1690 1096 Eucharistiae
1712 1073 1817 1096 sacra·

1071 1118 1224 1149 mentum,
1247 1111 1335 1145 citius
1363 1111 1489 1145 materia
1507 1120 1554 1146 est
1575 1112 1662 1158 panis
1680 1111 1818 1145 triticeus

1071 1168 1100 1193 et
1116 1160 1221 1193 vinum
1244 1160 1282 1194 (le
1302 1161 1374 1204 vite,
1389 1161 1438 1195 cui
1457 1168 1527 1194 ante
1550 1161 1818 1195 consecrationem

1072 1220 1152 1255 aqna
1176 1208 1385 1244 modicissima
1409 1209 1574 1244 admisceri
1598 1210 1701 1244 debet.
1729 1211 1817 1257 Aqua

1072 1266 1175 1292 autem
1200 1258 1270 1293 ideo
1283 1259 1487 1299 admiscetur,
1503 1260 1664 1307 qnoniam,
1683 1260 1764 1294 iuxta
1779 1268 1821 1294 te-

1073 1308 1216 1342 stimonia
1245 1317 1423 1344 sanctorum
1445 1309 1573 1344 Patroni
1603 1318 1631 1343 et
1654 1310 1818 1344 doctorum

1075 1357 1245 1398 Ecclesiae,
1261 1358 1381 1405 pridem
1397 1359 1426 1393 in
1442 1358 1656 1406 disputatione
1665 1359 1819 1398 exhibita,

1073 1407 1212 1442 creditur
1246 1408 1347 1454 ipsum
1378 1408 1547 1443 Dominum
1581 1409 1611 1442 in
1640 1409 1711 1442 vino
1739 1420 1819 1456 aqua

1076 1458 1228 1504 permixto
1263 1458 1321 1492 hoc
1358 1458 1529 1493 instituisse
1563 1468 1819 1499 sacramentum,

1075 1507 1200 1551 deinde,
1223 1508 1295 1554 quia
1316 1508 1374 1542 hoc
1389 1509 1534 1542 convenit
1550 1507 1726 1543 dominicae
1749 1520 1820 1555 pas-

1075 1558 1174 1591 sionis
1189 1558 1479 1603 repraesentationi.
1494 1557 1601 1604 lnquit
1615 1559 1697 1592 enim
1711 1557 1821 1592 beatus

1075 1606 1253 1641 Alexander
1272 1619 1360 1654 papa,
1375 1608 1505 1654 quintus
1518 1620 1532 1642 a
1549 1608 1637 1642 beato
1653 1607 1745 1642 Petro
1764 1611 1819 1652 (l):

1075 1656 1108 1690 ln
1125 1665 1392 1691 sacramentorum
1410 1657 1632 1701 oblationibus,
1647 1669 1727 1703 quae
1744 1658 1820 1692 intra

1078 1706 1242 1740 missarum
1282 1707 1433 1741 solemnia
1474 1706 1612 1742 Domino
1641 1707 1821 1751 offerentur,

1079 1756 1166 1802 panis
1190 1764 1309 1790 tantum
1333 1765 1362 1791 et
1388 1756 1492 1790 vinum
1518 1769 1597 1803 aqna
1621 1757 1822 1803 permixtum,

1078 1806 1106 1838 in
1131 1805 1318 1839 sacrificium
1342 1805 1520 1839 offerantur.
1538 1808 1605 1840 Non
1620 1806 1703 1840 enim
1732 1806 1822 1841 debet

1078 1855 1107 1888 in
1137 1854 1234 1889 calice
1262 1854 1399 1893 Domini,
1419 1863 1470 1889 aut
1491 1855 1598 1890 vinum
1629 1855 1750 1896 solum,
1772 1864 1823 1889 aut

1077 1915 1156 1950 aqua
1184 1904 1248 1938 sola
1271 1903 1397 1948 offerri,
1425 1905 1479 1939 sed
1504 1913 1670 1953 utrumque
1687 1906 1823 1952 permix-

1079 1963 1157 1993 tnm·,
1184 1954 1255 2001 quia
1293 1962 1484 2000 utrumque,
1524 1954 1602 1988 idest
1635 1955 1762 2000 sanguis
1795 1962 1824 1988 et

1079 2016 1170 2050 aqna,
1192 2016 1227 2037 ex
1249 2003 1343 2038 latere
1357 2003 1472 2038 Christi
1497 2005 1684 2050 profluxisse
1703 2004 1822 2049 legitur.

1079 2052 1158 2087 Tum
1183 2053 1288 2097 etiam,
1315 2054 1396 2100 qnod
1414 2055 1558 2087 convenit
1582 2054 1617 2087 ad
1640 2053 1824 2099 significan-

1080 2102 1153 2137 dum
1178 2102 1272 2137 liuius
1293 2104 1480 2137 sacramenti
1504 2103 1662 2146 effectum,
1693 2103 1746 2149 qui
1779 2111 1825 2136 est

1082 2153 1156 2187 unio
1173 2152 1280 2200 populi
1303 2153 1464 2188 christiani
1481 2152 1518 2188 ad
1539 2152 1712 2187 Christum.
1736 2153 1825 2199 Aqua

1080 2203 1163 2237 enim
1189 2202 1342 2250 populum
1365 2202 1530 2249 significat,
1550 2202 1723 2237 seeundum
1748 2201 1824 2237 illud

1081 2253 1305 2300 Apocalypsis:
1322 2254 1429 2300 Aquae
1453 2252 1580 2292 multae,
1600 2252 1705 2299 populi
1726 2252 1823 2286 multi.

1083 2302 1119 2336 Et
1148 2302 1246 2337 lulius
1274 2315 1373 2350 papa,
1397 2302 1556 2337 secundus
1592 2311 1659 2349 post
1702 2301 1824 2336 beatum

1081 2352 1297 2399 Sylvestrnm,
1320 2353 1380 2387 ait:
1409 2352 1498 2386 Calix
1522 2352 1715 2395 dominicus,
1744 2352 1825 2385 iuxta

1082 2414 1237 2436 canonum
1264 2410 1476 2448 praeceptum,
1505 2402 1574 2436 rino
1596 2409 1625 2435 et
1647 2413 1725 2448 aqua
1756 2413 1826 2448 per—

1084 2452 1199 2486 mixtus
1223 2451 1315 2486 debet
1349 2452 1475 2491 oll'erri3
1511 2452 1584 2498 quia
1617 2451 1758 2485 ridemus
1796 2451 1825 2483 in

1084 2514 1160 2548 aqna
1198 2501 1345 2547 populum
1381 2500 1509 2547 intelligi
1529 2529 1536 2540 ,
1577 2501 1605 2534 in
1642 2501 1711 2533 vino
1755 2510 1826 2532 vero

1119 2559 1157 2591 (t)
1173 2558 1221 2584 Alii
1239 2557 1415 2584 Alexandrum
1429 2565 1521 2592 papam
1535 2558 1558 2583 in
1571 2558 1739 2583 Sttmmortt‘n
1760 2556 1825 2581 Pon·

1085 2594 1181 2620 [ilicum
1201 2595 1268 2620 serie
1280 2597 1393 2628 ponunt,
1407 2594 1504 2627 postB.
1524 2594 1638 2622 Petrum,
1661 2597 1774 2617 sextum.
1794 2591 1824 2616 V.

1085 2631 1200 2663 pagium.
1218 2629 1285 2654 Cris.
1300 2631 1360 2654 hist.
1378 2630 1495 2654 chronol.
1515 2631 1541 2654 in
1562 2630 1657 2653 Animi,
1673 2628 1789 2653 Barnun,
1802 2632 1825 2651 et

1084 2664 1268 2699 Cianipinium,
1281 2665 1396 2690 Examen
1414 2666 1457 2689 lili.
1477 2665 1646 2696 pontificalis.
1822 2670 1826 2674 '

1823 267 1870 293 An.
1892 267 1919 293 C.
1935 264 1999 293 tt139

1852 1069 1996 1094 Eucharistii25
