2281 3251
276 247 328 275 An.
345 247 375 274 C.
394 249 461 276 ¹5¹3

526 240 596 273 590

476 305 559 341 cium
579 304 841 351 admittatur,qui
861 315 931 339 rere
954 316 1016 338 non
1039 304 1079 338 sit
1102 303 1228 338 tabellio

476 363 506 390 et
527 355 726 398 exercitatus,
748 365 783 389 ac
805 353 893 401 fungi
916 353 1018 388 officio
1046 362 1076 388 et
1091 353 1228 388 scribere

477 418 530 452 per
552 417 585 440 se
607 404 695 443 sciat,
722 402 818 444 unde,
840 404 866 438 si
889 403 941 450 qui
965 415 1050 438 nunc
1073 410 1147 437 sunt
1169 416 1226 437 no-

476 454 543 489 tarii
571 454 678 489 minus
705 452 821 494 idonei,
843 465 979 500 quorum
996 464 1098 499 neque
1116 452 1229 487 volun-

477 513 533 544 tas,
554 516 656 550 neque
673 502 827 550 professio
849 511 895 538 est
915 503 944 537 in
964 503 1070 537 causis
1091 501 1228 537 sci-iberi.

475 563 528 588 aut
550 552 786 588 tabellionatum
809 564 969 593 exercere,
985 552 1031 588 vel
1047 553 1120 599 quia
1136 552 1230 586 maio-

476 604 518 638 ris
538 603 601 638 sint
628 602 687 638 loci
710 614 766 637 seu
793 602 975 649 dignitatis,
1000 602 1046 637 vel
1068 602 1142 649 quia
1166 602 1229 636 for-

476 662 557 688 tasse
584 652 745 688 literarum
770 652 880 699 ignari,
900 652 958 688 liac
983 653 1085 687 solum
1110 652 1228 687 ratione

474 702 612 738 officium
634 702 754 749 adepti,
783 710 816 737 ut
831 702 1048 746 arrendarent,
1073 702 1132 736 nisi
1149 702 1228 736 intra

475 761 538 788 tres
561 764 686 787 menses
708 751 784 787 illud
811 752 1036 793 alienaverint,
1060 764 1116 798 per
1137 752 1229 787 audi-

474 810 557 838 tores
590 802 640 837 alii
677 802 818 849 ipsorum
853 810 1030 838 statuentur
1057 801 1143 847 loco,
1166 814 1227 836 non

473 861 578 888 tamen
606 864 715 888 eorum
749 852 917 900 propinqui
951 852 998 887 vel
1032 851 1228 893 familiares,

475 914 575 950 usque
597 902 636 938 ad
659 912 812 938 semestre
834 902 994 958 spatium,
1017 914 1080 949 quo
1103 901 1228 957 elapso,

475 953 535 987 nisi
568 961 748 1000 opportune
782 952 942 1000 provisum
974 952 1092 991 fuerit,
1126 952 1165 987 sit
1198 952 1229 986 in

474 1002 604 1038 arbitrio
625 1014 750 1044 eorum,
771 1002 808 1037 ad
833 1015 913 1050 quos
937 980 1122 1049 pertinebit
1141 1001 1228 1037 alteri

474 1053 514 1088 de
535 1052 669 1088 officio
663 1065 732 1100 ipso
761 1052 791 1087 in
822 1061 1011 1099 perpetuum
1043 1051 1229 1098 provideie;

475 1114 581 1150 neque
603 1103 686 1138 enim
711 1115 767 1150 per
788 1102 976 1137 substitutos
1007 1102 1145 1137 officium
1170 1102 1230 1137 lioc

475 1152 516 1188 de
538 1162 661 1188 caetero
683 1152 819 1188 exerceri
841 1151 986 1188 volumus
1006 1165 1108 1200 neque
1122 1164 1230 1186 arren-

474 1203 563 1246 dari,
585 1202 646 1238 sub
668 1214 768 1250 poena
792 1202 976 1250 privationis
991 1230 999 1243 ,
1022 1210 1155 1249 excepto
1179 1203 1231 1236 iu-

475 1253 633 1288 firmitatis
666 1252 712 1288 rel
736 1252 932 1287 necessariae
958 1252 1120 1287 absentiae
1142 1264 1228 1293 casu,

474 1303 569 1338 veluti
597 1302 638 1337 ob
659 1302 760 1337 Rotae
784 1303 945 1348 negotium
974 1302 1022 1337 vel
1044 1302 1122 1338 alias
1149 1301 1229 1347 legi-

475 1353 566 1387 timas
589 1365 699 1387 causas
721 1352 760 1387 ab
787 1351 985 1387 auditoribus
1006 1351 1229 1400 approbandas

475 1401 644 1442 abfuerint,
668 1401 715 1437 rel
738 1402 831 1437 etiam
854 1402 1010 1437 licentiam
1030 1415 1046 1437 a
1062 1401 1154 1436 nobis
1167 1401 1229 1436 sint

474 1452 647 1496 consecuti,
669 1452 787 1499 quibus
814 1451 942 1487 casibus
977 1451 1016 1486 de
1050 1451 1230 1486 substitutis

474 1501 596 1538 idoneis
619 1514 674 1549 per
705 1502 864 1537 auditores
891 1502 977 1549 ipsos
1009 1500 1230 1536 examinandis

473 1560 568 1600 atque
594 1551 809 1600 approbandis
832 1551 1050 1600 provideatur3
1075 1551 1145 1586 ideo
1164 1551 1230 1598 qui-

473 1614 612 1650 cumque
635 1602 809 1637 notariatus
835 1601 974 1637 officium
1005 1601 1045 1636 ad
1081 1613 1229 1648 praesens

473 1665 532 1700 per
553 1652 765 1688 substitutum
788 1661 926 1697 exercet,
949 1652 1009 1686 nisi
1030 1652 1109 1687 intra
1126 1651 1231 1686 trime-

473 1712 538 1738 stre
560 1715 616 1750 per
641 1715 675 1738 se
703 1715 851 1738 exercere
886 1702 1071 1749 incoeperit,
1106 1701 1230 1736 emolu—

473 1753 589 1788 mentis
610 1752 758 1788 omnibus
784 1753 987 1800 supradictis,
1008 1752 1144 1787 sabi-icae
1167 1764 1230 1798 ap-

474 1802 642 1850 plicandis,
665 1803 814 1850 privetur3
837 1810 868 1837 ct
894 1802 1029 1846 auditor,
1046 1814 1150 1838 coram
1167 1814 1230 1848 quo

473 1852 594 1895 scribit,
617 1853 714 1888 alium
750 1852 819 1888 eius
845 1852 914 1887 loco
943 1851 1093 1887 idoneum
1128 1851 1229 1898 depu-

475 1910 539 1938 tare
560 1902 658 1938 valeat
674 1931 682 1944 ,
705 1915 767 1938 non
797 1911 900 1938 tamen
923 1903 1110 1937 attinentem
1135 1914 1228 1935 suum
1249 1899 1251 1907 ’

474 1952 522 1988 vel
545 1952 743 1997 familiarem,
758 1960 913 2000 utsupra,
932 1952 985 1999 qui
1010 1964 1066 1999 pro
1083 1950 1135 1986 illo
1150 1951 1230 1986 scri—

473 2001 540 2048 bat,
565 2002 668 2038 donec
696 2003 740 2037 rel
767 2014 821 2050 per
843 2015 877 2037 se
900 2010 1044 2037 exerceat
1072 2001 1118 2036 vel
1142 2001 1228 2036 alteri

473 2052 612 2088 alienet:
649 2061 680 2088 et
707 2052 767 2088 lioc
799 2064 899 2100 usque
926 2051 964 2086 ad
992 2064 1046 2086 sex
1082 2063 1230 2096 menses,

474 2105 594 2155 quibus
616 2106 804 2155 praeteritis,
826 2106 963 2142 osticium
988 2106 1089 2152 ipsum
1110 2105 1231 2140 notario

475 2161 562 2196 alteri
585 2161 720 2197 vendere
743 2160 853 2203 valeat,
872 2160 927 2208 qui
950 2160 1093 2195 doctrina
1109 2168 1139 2195 et
1159 2172 1232 2207 pra-

477 2216 555 2252 ctica
577 2216 617 2251 sit
638 2216 832 2252 sufficienter
852 2215 1024 2264 praeditus.
1047 2214 1175 2250 Possint
1192 2222 1232 2249 ta-

478 2283 551 2307 men
577 2271 698 2319 antiqui
726 2271 859 2313 notarii,
881 2271 933 2318 qui
960 2269 1056 2305 modo
1087 2270 1116 2303 in
1144 2269 1231 2305 Urbe

478 2333 565 2372 suut,
588 2334 619 2361 et
640 2334 730 2374 aptos
752 2334 782 2361 et
804 2325 994 2374 approbatos
1017 2324 1102 2360 domi
1119 2324 1233 2359 substi-

475 2389 565 2417 tutos
588 2380 714 2425 babent,
737 2381 890 2416 terminos
912 2389 942 2417 et
965 2379 1110 2415 manuale
1133 2379 1231 2414 Rotae

481 2449 537 2484 per
565 2436 636 2472 illos
657 2435 752 2472 scribi
774 2444 805 2471 et
832 2436 1000 2483 gubernari
1022 2435 1137 2479 facere,
1159 2446 1230 2469 cum

483 2491 541 2539 ipsi
585 2490 709 2527 assidue
748 2491 900 2526 ministris
933 2490 1001 2526 suis
1027 2489 1233 2533 assistentes,

482 2546 576 2582 etiam
603 2545 664 2581 hoc
687 2558 741 2593 per
767 2557 800 2580 se
823 2545 906 2592 ipsos
932 2545 1033 2580 facere
1060 2543 1156 2579 videri
1181 2556 1234 2578 va-

482 2599 577 2635 leant.
600 2599 722 2636 Causas
744 2599 776 2634 in
798 2598 878 2634 Rota
900 2611 1004 2634 coram
1028 2610 1086 2634 suo
1107 2597 1233 2646 proprio

483 2655 625 2693 auditore
661 2667 829 2705 procurare
865 2654 910 2691 vel
939 2654 1094 2692 solicitare
1122 2653 1232 2689 notarii

1056 249 1242 272 BULLAttltm
1265 248 1428 272 Romamne

1270 303 1327 350 ipsi
1352 316 1414 338 non
1439 303 1571 349 possint,
1586 302 1646 338 sub
1671 315 1770 350 poena
1797 303 2020 350 suspensionis

1269 352 1361 388 officii
1391 365 1446 400 per
1481 365 1579 388 unum
1611 365 1754 388 mensem
1787 361 1817 388 et
1852 351 2019 388 duodecim

1269 403 1454 437 ducatorum
1471 403 1574 437 eidem
1594 403 1728 438 fabricae
1747 402 2020 449 applicandorum,

1269 453 1392 507 quoties
1413 454 1678 487 contravenerint.
1701 452 1802 487 Nemo
1829 451 1924 487 simul
1943 451 2022 487 duos

1271 503 1444 537 notariatus
1467 501 1512 536 iel
1535 502 1628 537 etiam
1651 510 1775 557 partem
1800 503 1831 537 in
1854 502 1951 537 altero
1966 502 2022 537 ba-

1270 551 1343 587 bere
1367 551 1477 596 vileat,
1500 560 1529 586 et
1551 552 1576 586 si
1604 553 1677 599 quis
1699 552 1730 586 in
1753 552 1930 600 praesentia
1954 552 2022 586 talis

1269 603 1450 649 reperitur,
1485 602 1541 636 nisi
1571 602 1651 636 intra
1685 611 1748 636 tres
1787 614 1912 637 menses
1933 601 2022 637 alteri

1269 652 1464 693 alienaverit,
1489 651 1626 696 auditor,
1648 663 1754 686 coram
1776 663 1840 698 quo
1862 650 2023 695 scribitur,

1269 702 1366 736 alium
1390 701 1460 737 eius
1487 701 1556 737 loco
1580 701 1711 748 deputet
1732 701 1855 745 ordine,
1870 713 1934 757 quo
1950 701 2023 736 scri

1270 761 1358 799 ptum
1381 760 1430 787 est
1456 763 1626 807 supra31n
1649 750 1848 786 confectione
1871 751 2023 797 registro-

1270 814 1338 836 rum
1367 810 1398 837 et
1418 802 1606 849 copiarum·‚
1635 801 1722 841 item,
1752 801 1783 835 in
1812 800 2024 846 reniissoriis,

1270 852 1504 900 compnlsoriis,
1531 849 1818 891 executorialibus‚
1846 850 1929 886 notis
1951 863 2025 886 sen-

1271 903 1440 937 tentiarum
1464 901 1669 936 diffinitarum
1688 929 1696 941 ,
1720 901 1846 936 testium
1880 901 2026 936 examine

1270 961 1301 987 et
1323 951 1518 997 huiusmodi,
1532 951 1634 987 Rotae
1661 950 1907 986 constitutiones
1928 963 2026 986 aecu-

1271 1009 1336 1037 rate
1357 1001 1536 1046 observent,
1551 1001 1610 1036 sub
1630 1001 1740 1048 poenis
1757 1001 1787 1035 iu
1811 1000 1930 1036 eisdem
1947 1013 2027 1037 con-

1270 1052 1380 1096 tentis,
1415 1064 1494 1099 quas
1530 1052 1737 1092 innovamus;
1761 1063 1816 1098 pro
1842 1051 1925 1086 notis
1953 1063 2026 1086 vero

1272 1101 1582 1137 interlocutoriarum
1618 1100 1696 1136 nihil
1731 1100 1911 1148 accipiant3
1941 1100 2026 1148 quod

1271 1152 1351 1187 idem
1375 1152 1414 1187 ‹le
1444 1151 1616 1186 moderatis
1637 1150 1852 1186 solutionibus
1873 1150 1904 1185 in
1925 1150 2028 1198 copiis

1270 1210 1300 1237 et
1324 1203 1540 1249 publicatione
1563 1201 1691 1236 testium
1707 1209 1860 1236 servetur.
1883 1200 2027 1236 Testiutn

1271 1265 1343 1287 vero
1365 1264 1496 1287 examen
1528 1264 1581 1298 per
1604 1251 1730 1297 seipsos
1751 1250 1933 1298 expediant,
1949 1262 2029 1285 mer-

1269 1302 1403 1337 cedibus
1430 1302 1570 1337 contcnti
1598 1301 1775 1348 antiquitus
1809 1300 1876 1335 dari
1903 1300 2027 1339 solitis,

1271 1352 1416 1387 videlicet
1438 1361 1574 1399 quatuor
1597 1350 1732 1386 carlenis
1755 1362 1811 1397 pro
1833 1350 2029 1397 quolibette-

1270 1409 1343 1446 ste,
1371 1401 1424 1436 ubi
1449 1401 1539 1436 multi
1565 1400 1690 1436 articuli
1717 1413 1780 1435 non
1809 1408 1924 1441 er3unt
1955 1412 2026 1435 nam

1271 1452 1586 1499 intei·r·'ogat01ioiuin
1615 1450 1746 1498 quidem
1775 1462 1944 1485 numerum
1977 1461 2029 1484 re—

1270 1501 1368 1536 secari
1398 1501 1557 1546 volumus,
1579 1500 1726 1535 videlieet
1755 1507 1787 1534 ut
1816 1512 1920 1555 neque
1948 1498 2028 1534 ultra

1270 1551 1379 1598 viginti
1405 1551 1480 1586 [iant
1504 1549 1744 1597 interrogatoria
1761 1577 1770 1594 ,
1798 1561 1856 1584 nec
1886 1550 2026 1596 ipsorum

1270 1600 1399 1648 aliquod
1428 1602 1526 1636 lineas
1563 1610 1624 1636 tres
1654 1600 1803 1641 excedat3
1839 1598 1891 1634 ubi
1922 1607 2026 1634 autem

1272 1651 1361 1686 multi
1387 1651 1510 1687 articuli
1537 1651 1617 1687 forte
1643 1649 1777 1694 fuerint,
1799 1650 1942 1697 quinque
1963 1660 2028 1684 car-

1272 1701 1364 1746 lenis,
1400 1711 1430 1737 ct
1463 1703 1502 1737 ad
1530 1713 1693 1737 summum
1734 1713 1796 1735 uuo
1819 1699 1949 1755 ducato,
1971 1711 2028 1754 pro

1270 1752 1396 1798 <gregia
1412 1764 1544 1798 persona
1559 1749 1779 1807 examinanda,
1799 1750 1938 1785 contenti
1953 1749 2027 1784 sint.

1272 1802 1306 1836 Bi
1313 1802 1406 1839 balia
1425 1815 1480 1849 pro
1504 1801 1635 1848 registro
1657 1800 1694 1836 ad
1717 1799 1872 1835 auditoris
1897 1798 2027 1834 domum

1272 1852 1344 1886 rel
1339 1865 1368 1886 ιιι
1388 1850 1503 1887 Rotam
1528 1851 1572 1886 iel
1597 1862 1802 1898 quocumque
1820 1860 1950 1885 necesse
1965 1848 2030 1883 fue·

1273 1902 1310 1936 iit
1336 1901 1507 1948 portando,
1536 1901 1621 1936 nulla
1648 1900 1791 1946 exigant·
1815 1912 1883 1944 nec,
1907 1907 2029 1946 praeter

1273 1964 1372 1986 unum
1400 1951 1561 1986 carlenum
1582 1951 1628 1986 iel
1649 1950 1742 1992 duos,
1768 1950 1862 1985 etiam
1886 1957 2029 2004 tempore

1272 2001 1482 2048 expeditionis
1503 2013 1684 2056 causarum,
1702 2012 1815 2047 capere
1838 1999 1972 2046 possint,
1991 1998 2030 2033 li-

1272 2060 1321 2087 cet
1345 2051 1463 2099 pluries
1490 2051 1660 2097 registrum
1680 2049 1745 2085 huc
1771 2049 1848 2084 illuc
1861 2047 2028 2084 ferendum

1272 2106 1377 2147 fuerim
1399 2118 1453 2153 pio
1478 2105 1684 2141 relationibus
1699 2104 1784 2140 socio
1804 2102 1955 2139 faciendis
1973 2102 2031 2139 de-

1273 2161 1391 2208 rogatis
1425 2173 1480 2208 per
1514 2172 1580 2202 eos,
1609 2159 1733 2206 capiant
1768 2157 1859 2193 niliil.
1881 2156 2028 2204 Registra

1274 2216 1353 2251 bona
1376 2224 1406 2250 et
1434 2215 1571 2263 legibilia
1594 2222 1741 2250 accurate
1757 2212 1882 2253 faciant,
1906 2221 2028 2247 tantum

1274 2271 1433 2305 literarum
1458 2282 1628 2305 numerum
1652 2267 2027 2314 continentia,quantum

1273 2326 1423 2372 antiqua,
1451 2334 1522 2360 ante
1558 2324 1658 2360 felicis
1687 2321 1914 2358 recordationis
1948 2321 2028 2357 Sixti

1275 2380 1378 2428 Papae
1397 2379 1451 2422 lv,
1466 2378 1716 2428 praedecessoris
1739 2377 1850 2422 nostri,
1874 2385 2029 2424 tempora,

1274 2443 1522 2479 consueverunt,
1547 2434 1695 2473 ‚videlicet
1722 2431 1962 2481 quatuordecim
1978 2430 2030 2467 sil-

1274 2490 1360 2526 labas
1389 2490 1436 2525 vel
1460 2489 1629 2525 duodecim
1651 2488 1690 2524 ad
1713 2488 1819 2523 minus
1848 2499 1904 2534 pro
1925 2486 2030 2534 quali-

1275 2544 1327 2579 bet
1349 2545 1442 2589 linea,
1456 2553 1486 2580 et
1502 2543 1668 2591 vigintisex
1690 2542 1789 2578 lineas
1812 2553 1866 2588 pro
1885 2541 2030 2589 quolibet

1274 2598 1382 2641 latere,
1406 2599 1435 2634 in
1460 2608 1542 2635 carta
1566 2599 1660 2643 bona,
1675 2609 1738 2633 non
1761 2595 1886 2641 insecta,
1905 2608 1965 2632 nec
1978 2595 2030 2631 bi-

1275 2652 1360 2696 bula;
1375 2666 1432 2690 nec
1450 2654 1551 2702 qualis
1568 2665 1733 2702 perversus
1750 2663 1827 2687 usus
1849 2650 1912 2688 buc
1929 2662 2026 2700 usquc

2035 251 2086 274 An.
2104 247 2135 275 c.
2153 247 2220 276 ¹5¹5
2248 239 2255 246 '
