<?xml version="1.0" encoding="UTF-8"?>
<!DOCTYPE html PUBLIC "-//W3C//DTD XHTML 1.0 Transitional//EN"
    "http://www.w3.org/TR/xhtml1/DTD/xhtml1-transitional.dtd">
<html xmlns="http://www.w3.org/1999/xhtml" xml:lang="en" lang="en">
 <head>
  <title>
</title>
<meta http-equiv="Content-Type" content="text/html;charset=utf-8" />
  <meta name='ocr-system' content='tesseract 3.04.00' />
  <meta name='ocr-capabilities' content='ocr_page ocr_carea ocr_par ocr_line ocrx_word'/>
</head>
<body>
  <div class='ocr_page' id='page_1' title='image "./bullarumdiplomat05cath_0757.png"; bbox 0 0 2281 3251; ppageno 0'>
   <div class='ocr_carea' id='block_1_1' title="bbox 73 314 254 346">
    <p class='ocr_par' dir='ltr' id='par_1_1' title="bbox 73 314 254 346">
     <span class='ocr_line' id='line_1_1' title="bbox 73 314 254 346; baseline -0.017 0"><span class='ocrx_word' id='word_1_1' title='bbox 73 316 122 346; x_wconf 75' lang='lat' dir='ltr'><em>An.</em></span> <span class='ocrx_word' id='word_1_2' title='bbox 139 314 168 343; x_wconf 90' lang='lat' dir='ltr'><em>C.</em></span> <span class='ocrx_word' id='word_1_3' title='bbox 187 314 254 344; x_wconf 69' lang='lat'><em>1520</em></span> 
     </span>
    </p>
   </div>
   <div class='ocr_carea' id='block_1_2' title="bbox 950 308 1125 334">
    <p class='ocr_par' dir='ltr' id='par_1_2' title="bbox 950 308 1125 334">
     <span class='ocr_line' id='line_1_2' title="bbox 950 308 1125 334; baseline -0.006 0"><span class='ocrx_word' id='word_1_4' title='bbox 950 308 1012 334; x_wconf 77' lang='lat' dir='ltr'><em>LEO</em></span> <span class='ocrx_word' id='word_1_5' title='bbox 1034 309 1055 333; x_wconf 81' lang='lat' dir='ltr'>X</span> <span class='ocrx_word' id='word_1_6' title='bbox 1078 308 1125 333; x_wconf 74' lang='lat' dir='ltr'><em>FP.</em></span> 
     </span>
    </p>
   </div>
   <div class='ocr_carea' id='block_1_3' title="bbox 84 367 1013 417">
    <p class='ocr_par' dir='ltr' id='par_1_3' title="bbox 84 367 1013 417">
     <span class='ocr_line' id='line_1_3' title="bbox 84 367 1013 417; baseline -0.004 -12"><span class='ocrx_word' id='word_1_7' title='bbox 84 382 192 405; x_wconf 71' lang='lat' dir='ltr'><em>eumne</em></span> <span class='ocrx_word' id='word_1_8' title='bbox 215 371 380 416; x_wconf 76' lang='lat' dir='ltr'><em>‹ie-dictis,</em></span> <span class='ocrx_word' id='word_1_9' title='bbox 401 377 459 405; x_wconf 68' lang='lat' dir='ltr'><em>⁴aut</em></span> <span class='ocrx_word' id='word_1_10' title='bbox 485 369 509 404; x_wconf 90' lang='lat' dir='ltr'><em>si</em></span> <span class='ocrx_word' id='word_1_11' title='bbox 537 367 695 417; x_wconf 79' lang='lat' dir='ltr'>aliquibus</span> <span class='ocrx_word' id='word_1_12' title='bbox 729 367 940 403; x_wconf 87' lang='lat' dir='ltr'><em>communiter</em></span> <span class='ocrx_word' id='word_1_13' title='bbox 969 367 1013 401; x_wconf 88' lang='lat' dir='ltr'><em>vel</em></span> 
     </span>
    </p>
   </div>
   <div class='ocr_carea' id='block_1_4' title="bbox 71 415 198 442">
    <p class='ocr_par' dir='ltr' id='par_1_4' title="bbox 71 415 198 442">
     <span class='ocr_line' id='line_1_4' title="bbox 71 415 198 442; baseline -0.024 -4"><span class='ocrx_word' id='word_1_14' title='bbox 71 415 198 442; x_wconf 63' lang='lat' dir='ltr'><em>regnatne.</em></span> 
     </span>
    </p>
   </div>
   <div class='ocr_carea' id='block_1_5' title="bbox 113 2375 231 2400">
    <p class='ocr_par' dir='ltr' id='par_1_5' title="bbox 113 2375 231 2400">
     <span class='ocr_line' id='line_1_5' title="bbox 113 2375 231 2400; baseline 0 0"><span class='ocrx_word' id='word_1_15' title='bbox 113 2375 231 2400; x_wconf 66' lang='lat' dir='ltr'><em>Exordium.</em></span> 
     </span>
    </p>
   </div>
   <div class='ocr_carea' id='block_1_6' title="bbox 269 417 1018 916">
    <p class='ocr_par' dir='ltr' id='par_1_6' title="bbox 269 417 1016 655">
     <span class='ocr_line' id='line_1_6' title="bbox 269 417 1013 464; baseline -0.008 -8"><span class='ocrx_word' id='word_1_16' title='bbox 269 421 389 457; x_wconf 79' lang='lat' dir='ltr'>divisim</span> <span class='ocrx_word' id='word_1_17' title='bbox 413 420 451 455; x_wconf 87' lang='lat' dir='ltr'><em>ab</em></span> <span class='ocrx_word' id='word_1_18' title='bbox 470 419 578 454; x_wconf 89' lang='lat' dir='ltr'><em>eadem</em></span> <span class='ocrx_word' id='word_1_19' title='bbox 594 419 633 453; x_wconf 89' lang='lat' dir='ltr'><em>sit</em></span> <span class='ocrx_word' id='word_1_20' title='bbox 648 418 729 453; x_wconf 85' lang='lat' dir='ltr'><em>Sede</em></span> <span class='ocrx_word' id='word_1_21' title='bbox 746 418 901 452; x_wconf 88' lang='lat' dir='ltr'><em>indultum</em></span> <span class='ocrx_word' id='word_1_22' title='bbox 932 417 1013 464; x_wconf 88' lang='lat' dir='ltr'><em>quod</em></span> 
     </span>
     <span class='ocr_line' id='line_1_7' title="bbox 269 468 1014 516; baseline -0.007 -10"><span class='ocrx_word' id='word_1_23' title='bbox 269 470 423 514; x_wconf 70' lang='lat' dir='ltr'>interdici,</span> <span class='ocrx_word' id='word_1_24' title='bbox 439 469 591 516; x_wconf 72' lang='lat' dir='ltr'><em>suspendi</em></span> <span class='ocrx_word' id='word_1_25' title='bbox 607 469 654 503; x_wconf 82' lang='lat' dir='ltr'><em>vel</em></span> <span class='ocrx_word' id='word_1_26' title='bbox 671 468 935 503; x_wconf 82' lang='lat' dir='ltr'><em>excommunicari</em></span> <span class='ocrx_word' id='word_1_27' title='bbox 954 480 1014 502; x_wconf 89' lang='lat' dir='ltr'><em>non</em></span> 
     </span>
     <span class='ocr_line' id='line_1_8' title="bbox 271 517 1016 568; baseline -0.005 -14"><span class='ocrx_word' id='word_1_28' title='bbox 271 521 389 568; x_wconf 90' lang='lat' dir='ltr'><em>possint</em></span> <span class='ocrx_word' id='word_1_29' title='bbox 405 532 457 566; x_wconf 90' lang='lat' dir='ltr'><em>per</em></span> <span class='ocrx_word' id='word_1_30' title='bbox 473 520 576 554; x_wconf 87' lang='lat' dir='ltr'><em>literas</em></span> <span class='ocrx_word' id='word_1_31' title='bbox 591 518 779 566; x_wconf 87' lang='lat' dir='ltr'><em>apostolicas</em></span> <span class='ocrx_word' id='word_1_32' title='bbox 795 530 855 551; x_wconf 90' lang='lat' dir='ltr'><em>non</em></span> <span class='ocrx_word' id='word_1_33' title='bbox 866 517 1016 552; x_wconf 84' lang='lat' dir='ltr'><em>facientes</em></span> 
     </span>
     <span class='ocr_line' id='line_1_9' title="bbox 270 567 1016 617; baseline -0.004 -13"><span class='ocrx_word' id='word_1_34' title='bbox 270 571 393 617; x_wconf 83' lang='lat' dir='ltr'>plenam</span> <span class='ocrx_word' id='word_1_35' title='bbox 417 579 446 604; x_wconf 88' lang='lat' dir='ltr'><em>et</em></span> <span class='ocrx_word' id='word_1_36' title='bbox 468 581 645 615; x_wconf 77' lang='lat' dir='ltr'>expressam</span> <span class='ocrx_word' id='word_1_37' title='bbox 674 581 709 602; x_wconf 88' lang='lat' dir='ltr'><em>ae</em></span> <span class='ocrx_word' id='word_1_38' title='bbox 724 568 762 602; x_wconf 81' lang='lat' dir='ltr'><em>de</em></span> <span class='ocrx_word' id='word_1_39' title='bbox 780 567 873 602; x_wconf 77' lang='lat' dir='ltr'><em>rcrho</em></span> <span class='ocrx_word' id='word_1_40' title='bbox 893 568 928 602; x_wconf 89' lang='lat' dir='ltr'><em>ad</em></span> <span class='ocrx_word' id='word_1_41' title='bbox 946 580 1016 602; x_wconf 72' lang='lat' dir='ltr'><em>ver-</em></span> 
     </span>
     <span class='ocr_line' id='line_1_10' title="bbox 269 617 995 655; baseline -0.003 -1"><span class='ocrx_word' id='word_1_42' title='bbox 269 620 346 655; x_wconf 88' lang='lat' dir='ltr'><em>bum</em></span> <span class='ocrx_word' id='word_1_43' title='bbox 375 619 414 654; x_wconf 88' lang='lat' dir='ltr'><em>de</em></span> <span class='ocrx_word' id='word_1_44' title='bbox 437 619 557 653; x_wconf 90' lang='lat' dir='ltr'><em>indulto</em></span> <span class='ocrx_word' id='word_1_45' title='bbox 585 618 766 653; x_wconf 88' lang='lat' dir='ltr'><em>huiusmodi</em></span> <span class='ocrx_word' id='word_1_46' title='bbox 792 617 995 652; x_wconf 80' lang='lat' dir='ltr'><em>mentionem.</em></span> 
     </span>
    </p>

    <p class='ocr_par' dir='ltr' id='par_1_7' title="bbox 321 669 578 715">
     <span class='ocr_line' id='line_1_11' title="bbox 321 669 578 715; baseline -0.004 -11"><span class='ocrx_word' id='word_1_47' title='bbox 321 669 405 704; x_wconf 83' lang='lat' dir='ltr'><strong>Nulli</strong></span> <span class='ocrx_word' id='word_1_48' title='bbox 433 682 506 715; x_wconf 73' lang='lat' dir='ltr'><em>ergo</em></span> <span class='ocrx_word' id='word_1_49' title='bbox 528 677 578 704; x_wconf 88' lang='lat' dir='ltr'><em>etc.</em></span> 
     </span>
    </p>

    <p class='ocr_par' dir='ltr' id='par_1_8' title="bbox 270 719 1018 916">
     <span class='ocr_line' id='line_1_12' title="bbox 321 719 1017 766; baseline -0.003 -13"><span class='ocrx_word' id='word_1_50' title='bbox 321 719 433 754; x_wconf 86' lang='lat' dir='ltr'><em>Datum</em></span> <span class='ocrx_word' id='word_1_51' title='bbox 461 719 583 754; x_wconf 85' lang='lat' dir='ltr'><em>Romae</em></span> <span class='ocrx_word' id='word_1_52' title='bbox 605 719 687 766; x_wconf 84' lang='lat' dir='ltr'><em>apud</em></span> <span class='ocrx_word' id='word_1_53' title='bbox 710 719 743 753; x_wconf 89' lang='lat' dir='ltr'><em>S.</em></span> <span class='ocrx_word' id='word_1_54' title='bbox 768 719 908 760; x_wconf 83' lang='lat' dir='ltr'><em>Petrum,</em></span> <span class='ocrx_word' id='word_1_55' title='bbox 936 729 1017 752; x_wconf 90' lang='lat' dir='ltr'><em>anno</em></span> 
     </span>
     <span class='ocr_line' id='line_1_13' title="bbox 270 767 1018 814; baseline -0.004 -11"><span class='ocrx_word' id='word_1_56' title='bbox 270 769 498 804; x_wconf 76' lang='lat' dir='ltr'><em>incarnationis</em></span> <span class='ocrx_word' id='word_1_57' title='bbox 526 769 701 803; x_wconf 75' lang='lat' dir='ltr'>dominicae</span> <span class='ocrx_word' id='word_1_58' title='bbox 725 768 891 803; x_wconf 76' lang='lat' dir='ltr'><em>millesimo</em></span> <span class='ocrx_word' id='word_1_59' title='bbox 922 767 1018 814; x_wconf 88' lang='lat' dir='ltr'><em>qnin-</em></span> 
     </span>
     <span class='ocr_line' id='line_1_14' title="bbox 271 815 1018 864; baseline -0.004 -11"><span class='ocrx_word' id='word_1_60' title='bbox 271 819 446 864; x_wconf 66' lang='lat' dir='ltr'><em>gcntesimo</em></span> <span class='ocrx_word' id='word_1_61' title='bbox 468 819 630 864; x_wconf 75' lang='lat' dir='ltr'><em>vigesimo,</em></span> <span class='ocrx_word' id='word_1_62' title='bbox 658 819 782 853; x_wconf 81' lang='lat' dir='ltr'><em>decimo</em></span> <span class='ocrx_word' id='word_1_63' title='bbox 809 817 956 852; x_wconf 78' lang='lat' dir='ltr'>kalendas</span> <span class='ocrx_word' id='word_1_64' title='bbox 971 815 1018 851; x_wconf 88' lang='lat' dir='ltr'><em>fe-</em></span> 
     </span>
     <span class='ocr_line' id='line_1_15' title="bbox 271 868 931 916; baseline -0.002 -14"><span class='ocrx_word' id='word_1_65' title='bbox 271 868 399 912; x_wconf 85' lang='lat' dir='ltr'><em>bruarii,</em></span> <span class='ocrx_word' id='word_1_66' title='bbox 423 868 622 916; x_wconf 82' lang='lat' dir='ltr'><em>pontificatus</em></span> <span class='ocrx_word' id='word_1_67' title='bbox 645 869 741 903; x_wconf 90' lang='lat' dir='ltr'><em>nostri</em></span> <span class='ocrx_word' id='word_1_68' title='bbox 770 880 852 902; x_wconf 87' lang='lat' dir='ltr'><em>anno</em></span> <span class='ocrx_word' id='word_1_69' title='bbox 875 879 931 901; x_wconf 84' lang='lat' dir='ltr'><em>vn.</em></span> 
     </span>
    </p>
   </div>
   <div class='ocr_carea' id='block_1_7' title="bbox 311 929 979 968">
    <p class='ocr_par' dir='ltr' id='par_1_9' title="bbox 311 929 979 968">
     <span class='ocr_line' id='line_1_16' title="bbox 311 929 979 968; baseline -0.004 -8"><span class='ocrx_word' id='word_1_70' title='bbox 311 929 371 960; x_wconf 88' lang='lat' dir='ltr'><em>Dat.</em></span> <span class='ocrx_word' id='word_1_71' title='bbox 388 931 434 960; x_wconf 89' lang='lat' dir='ltr'><em>die</em></span> <span class='ocrx_word' id='word_1_72' title='bbox 450 930 489 960; x_wconf 70' lang='lat'><em>23</em></span> <span class='ocrx_word' id='word_1_73' title='bbox 506 930 631 960; x_wconf 83' lang='lat' dir='ltr'><em>ianuarii</em></span> <span class='ocrx_word' id='word_1_74' title='bbox 646 930 730 966; x_wconf 66' lang='lat'><em>1520,</em></span> <span class='ocrx_word' id='word_1_75' title='bbox 746 934 823 968; x_wconf 85' lang='lat' dir='ltr'><em>pont.</em></span> <span class='ocrx_word' id='word_1_76' title='bbox 840 938 915 959; x_wconf 86' lang='lat' dir='ltr'><em>anno</em></span> <span class='ocrx_word' id='word_1_77' title='bbox 931 937 979 958; x_wconf 87' lang='lat' dir='ltr'><em>vn.</em></span> 
     </span>
    </p>
   </div>
   <div class='ocr_carea' id='block_1_8' title="bbox 571 1003 738 1010">
    <p class='ocr_par' dir='ltr' id='par_1_10' title="bbox 571 1003 738 1010">
     <span class='ocr_line' id='line_1_17' title="bbox 571 1003 738 1010; baseline 0 0"><span class='ocrx_word' id='word_1_78' title='bbox 571 1003 738 1010; x_wconf 95' lang='lat' dir='ltr'><em> </em></span> 
     </span>
    </p>
   </div>
   <div class='ocr_carea' id='block_1_9' title="bbox 562 1089 729 1133">
    <p class='ocr_par' dir='ltr' id='par_1_11' title="bbox 562 1089 729 1133">
     <span class='ocr_line' id='line_1_18' title="bbox 562 1089 729 1133; baseline -0.006 -9"><span class='ocrx_word' id='word_1_79' title='bbox 562 1089 646 1124; x_wconf 74' lang='lat' dir='ltr'><em>xm</em></span> <span class='ocrx_word' id='word_1_80' title='bbox 674 1091 729 1133; x_wconf 83' lang='lat'><em>(1).</em></span> 
     </span>
    </p>
   </div>
   <div class='ocr_carea' id='block_1_10' title="bbox 272 1168 1022 1403">
    <p class='ocr_par' dir='ltr' id='par_1_12' title="bbox 272 1168 1022 1403">
     <span class='ocr_line' id='line_1_19' title="bbox 272 1168 1020 1216; baseline -0.004 -12"><span class='ocrx_word' id='word_1_81' title='bbox 272 1171 465 1216; x_wconf 79' lang='lat' dir='ltr'><em>Approbatio</em></span> <span class='ocrx_word' id='word_1_82' title='bbox 492 1169 837 1215; x_wconf 79' lang='lat' dir='ltr'><em>archi&#39;consraternitatis</em></span> <span class='ocrx_word' id='word_1_83' title='bbox 875 1168 1020 1202; x_wconf 75' lang='lat' dir='ltr'><em>Caritatis</em></span> 
     </span>
     <span class='ocr_line' id='line_1_20' title="bbox 323 1219 1020 1265; baseline -0.004 -12"><span class='ocrx_word' id='word_1_84' title='bbox 323 1232 418 1265; x_wconf 81' lang='lat' dir='ltr'><em>nuper</em></span> <span class='ocrx_word' id='word_1_85' title='bbox 439 1221 472 1254; x_wconf 79' lang='lat' dir='ltr'><em>in</em></span> <span class='ocrx_word' id='word_1_86' title='bbox 500 1221 578 1254; x_wconf 87' lang='lat' dir='ltr'><strong><em>Urbe</em></strong></span> <span class='ocrx_word' id='word_1_87' title='bbox 603 1221 770 1263; x_wconf 78' lang='lat' dir='ltr'><em>institutae,</em></span> <span class='ocrx_word' id='word_1_88' title='bbox 793 1219 834 1252; x_wconf 86' lang='lat' dir='ltr'><em>ad</em></span> <span class='ocrx_word' id='word_1_89' title='bbox 849 1229 1020 1263; x_wconf 79' lang='lat' dir='ltr'><em>pauperum</em></span> 
     </span>
     <span class='ocr_line' id='line_1_21' title="bbox 319 1270 1022 1303; baseline -0.004 0"><span class='ocrx_word' id='word_1_90' title='bbox 319 1271 490 1303; x_wconf 79' lang='lat' dir='ltr'><em>mendicare</em></span> <span class='ocrx_word' id='word_1_91' title='bbox 515 1270 744 1303; x_wconf 80' lang='lat' dir='ltr'><em>erubescentium</em></span> <span class='ocrx_word' id='word_1_92' title='bbox 778 1274 1022 1301; x_wconf 80' lang='lat' dir='ltr'><em>carceratorum-</em></span> 
     </span>
     <span class='ocr_line' id='line_1_22' title="bbox 321 1318 1021 1364; baseline -0.003 -11"><span class='ocrx_word' id='word_1_93' title='bbox 321 1332 377 1364; x_wconf 82' lang='lat' dir='ltr'><em>que</em></span> <span class='ocrx_word' id='word_1_94' title='bbox 401 1320 637 1358; x_wconf 78' lang='lat' dir='ltr'><em>subventionem,</em></span> <span class='ocrx_word' id='word_1_95' title='bbox 661 1331 697 1352; x_wconf 90' lang='lat' dir='ltr'><em>ac</em></span> <span class='ocrx_word' id='word_1_96' title='bbox 715 1324 907 1352; x_wconf 78' lang='lat' dir='ltr'><em>mortuorum</em></span> <span class='ocrx_word' id='word_1_97' title='bbox 922 1318 1021 1362; x_wconf 84' lang='lat' dir='ltr'><em>sepul-</em></span> 
     </span>
     <span class='ocr_line' id='line_1_23' title="bbox 322 1375 436 1403; baseline -0.009 -1"><span class='ocrx_word' id='word_1_98' title='bbox 322 1375 436 1403; x_wconf 81' lang='lat' dir='ltr'><em>turam.</em></span> 
     </span>
    </p>
   </div>
   <div class='ocr_carea' id='block_1_11' title="bbox 539 1446 753 1478">
    <p class='ocr_par' dir='ltr' id='par_1_13' title="bbox 539 1446 753 1478">
     <span class='ocr_line' id='line_1_24' title="bbox 539 1446 753 1478; baseline -0.009 0"><span class='ocrx_word' id='word_1_99' title='bbox 539 1446 753 1478; x_wconf 75' lang='lat' dir='ltr'>SUMMARIUM</span> 
     </span>
    </p>
   </div>
   <div class='ocr_carea' id='block_1_12' title="bbox 272 1507 1024 1719">
    <p class='ocr_par' dir='ltr' id='par_1_14' title="bbox 272 1507 1024 1719">
     <span class='ocr_line' id='line_1_25' title="bbox 272 1507 1020 1539; baseline 0 -1"><span class='ocrx_word' id='word_1_100' title='bbox 272 1507 438 1538; x_wconf 86' lang='lat' dir='ltr'>Exordium.</span> <span class='ocrx_word' id='word_1_101' title='bbox 454 1525 492 1531; x_wconf 91' lang='lat'><em>—-</em></span> <span class='ocrx_word' id='word_1_102' title='bbox 509 1509 536 1539; x_wconf 81' lang='lat'><em>1.</em></span> <span class='ocrx_word' id='word_1_103' title='bbox 556 1508 648 1538; x_wconf 88' lang='lat' dir='ltr'><em>lulius</em></span> <span class='ocrx_word' id='word_1_104' title='bbox 672 1509 831 1538; x_wconf 88' lang='lat' dir='ltr'><em>cardinalis</em></span> <span class='ocrx_word' id='word_1_105' title='bbox 850 1508 977 1538; x_wconf 78' lang='lat' dir='ltr'><em>instituit</em></span> <span class='ocrx_word' id='word_1_106' title='bbox 993 1508 1020 1538; x_wconf 88' lang='lat' dir='ltr'><em>in</em></span> 
     </span>
     <span class='ocr_line' id='line_1_26' title="bbox 312 1552 1020 1592; baseline 0 -9"><span class='ocrx_word' id='word_1_107' title='bbox 312 1552 390 1583; x_wconf 87' lang='lat' dir='ltr'><em>Urbe</em></span> <span class='ocrx_word' id='word_1_108' title='bbox 406 1553 675 1584; x_wconf 78' lang='lat' dir='ltr'><em>confraternitatem</em></span> <span class='ocrx_word' id='word_1_109' title='bbox 702 1554 845 1591; x_wconf 75' lang='lat' dir='ltr'><em>Caritatis,</em></span> <span class='ocrx_word' id='word_1_110' title='bbox 872 1554 907 1583; x_wconf 91' lang='lat' dir='ltr'><em>ad</em></span> <span class='ocrx_word' id='word_1_111' title='bbox 927 1555 972 1592; x_wconf 88' lang='lat' dir='ltr'><em>pia</em></span> <span class='ocrx_word' id='word_1_112' title='bbox 990 1563 1020 1583; x_wconf 90' lang='lat'><em>0-</em></span> 
     </span>
     <span class='ocr_line' id='line_1_27' title="bbox 314 1598 1023 1637; baseline 0.001 -10"><span class='ocrx_word' id='word_1_113' title='bbox 314 1607 381 1636; x_wconf 87' lang='lat' dir='ltr'><em>pera</em></span> <span class='ocrx_word' id='word_1_114' title='bbox 409 1598 569 1628; x_wconf 83' lang='lat' dir='ltr'><em>exercenda</em></span> <span class='ocrx_word' id='word_1_115' title='bbox 601 1599 645 1637; x_wconf 83' lang='lat' dir='ltr'><em>(de</em></span> <span class='ocrx_word' id='word_1_116' title='bbox 663 1599 756 1637; x_wconf 81' lang='lat' dir='ltr'><em>quibus</em></span> <span class='ocrx_word' id='word_1_117' title='bbox 776 1599 805 1627; x_wconf 84' lang='lat' dir='ltr'><em>in</em></span> <span class='ocrx_word' id='word_1_118' title='bbox 828 1598 961 1637; x_wconf 77' lang='lat' dir='ltr'><em>rubrica).</em></span> <span class='ocrx_word' id='word_1_119' title='bbox 985 1615 1023 1620; x_wconf 94' lang='lat'>—</span> 
     </span>
     <span class='ocr_line' id='line_1_28' title="bbox 312 1642 1023 1683; baseline 0.004 -11"><span class='ocrx_word' id='word_1_120' title='bbox 312 1643 340 1673; x_wconf 75' lang='lat'><em>⁶2.</em></span> <span class='ocrx_word' id='word_1_121' title='bbox 358 1642 503 1674; x_wconf 87' lang='lat' dir='ltr'><em>Officiales</em></span> <span class='ocrx_word' id='word_1_122' title='bbox 527 1645 582 1674; x_wconf 88' lang='lat' dir='ltr'><em>die.</em></span> <span class='ocrx_word' id='word_1_123' title='bbox 602 1644 849 1674; x_wconf 65' lang='lat' dir='ltr'><em>confraternitatis</em></span> <span class='ocrx_word' id='word_1_124' title='bbox 869 1654 900 1673; x_wconf 89' lang='lat' dir='ltr'><em>ea</em></span> <span class='ocrx_word' id='word_1_125' title='bbox 920 1654 1023 1683; x_wconf 83' lang='lat' dir='ltr'><em>coepe-</em></span> 
     </span>
     <span class='ocr_line' id='line_1_29' title="bbox 313 1688 1024 1719; baseline 0.001 -1"><span class='ocrx_word' id='word_1_126' title='bbox 313 1693 381 1718; x_wconf 87' lang='lat' dir='ltr'><em>runt</em></span> <span class='ocrx_word' id='word_1_127' title='bbox 398 1698 541 1718; x_wconf 83' lang='lat' dir='ltr'><em>exercere.</em></span> <span class='ocrx_word' id='word_1_128' title='bbox 557 1707 596 1712; x_wconf 90' lang='grc'><strong>-</strong></span> <span class='ocrx_word' id='word_1_129' title='bbox 611 1689 638 1718; x_wconf 88' lang='grc'><em>3.</em></span> <span class='ocrx_word' id='word_1_130' title='bbox 657 1688 708 1719; x_wconf 88' lang='grc'>1110</span> <span class='ocrx_word' id='word_1_131' title='bbox 728 1690 812 1718; x_wconf 88' lang='lat' dir='ltr'><em>modo</em></span> <span class='ocrx_word' id='word_1_132' title='bbox 830 1689 959 1719; x_wconf 79' lang='lat' dir='ltr'><em>Pontifex</em></span> <span class='ocrx_word' id='word_1_133' title='bbox 979 1690 1024 1719; x_wconf 92' lang='lat' dir='ltr'><em>di-</em></span> 
     </span>
    </p>
   </div>
   <div class='ocr_carea' id='block_1_13' title="bbox 313 1733 1046 1773">
    <p class='ocr_par' dir='ltr' id='par_1_15' title="bbox 313 1733 1046 1773">
     <span class='ocr_line' id='line_1_30' title="bbox 313 1733 1046 1773; baseline 0.004 -11"><span class='ocrx_word' id='word_1_134' title='bbox 313 1738 386 1762; x_wconf 86' lang='lat' dir='ltr'><em>ctam</em></span> <span class='ocrx_word' id='word_1_135' title='bbox 417 1733 683 1763; x_wconf 74' lang='lat' dir='ltr'><em>confraternitatem</em></span> <span class='ocrx_word' id='word_1_136' title='bbox 704 1734 855 1773; x_wconf 81' lang='lat' dir='ltr'><em>approbat,</em></span> <span class='ocrx_word' id='word_1_137' title='bbox 878 1738 906 1764; x_wconf 90' lang='lat' dir='ltr'><em>et</em></span> <span class='ocrx_word' id='word_1_138' title='bbox 927 1735 955 1764; x_wconf 93' lang='lat' dir='ltr'><em>in</em></span> <span class='ocrx_word' id='word_1_139' title='bbox 978 1744 1024 1764; x_wconf 90' lang='lat' dir='ltr'><em>ar·</em></span> <span class='ocrx_word' id='word_1_140' title='bbox 1044 1754 1046 1766; x_wconf 84' lang='lat'>.</span> 
     </span>
    </p>
   </div>
   <div class='ocr_carea' id='block_1_14' title="bbox 312 1778 1025 1906">
    <p class='ocr_par' dir='ltr' id='par_1_16' title="bbox 312 1778 1025 1906">
     <span class='ocr_line' id='line_1_31' title="bbox 312 1778 1022 1815; baseline 0.004 -9"><span class='ocrx_word' id='word_1_141' title='bbox 312 1778 793 1815; x_wconf 56' lang='grc'>00100011010101101001011011,-</span> <span class='ocrx_word' id='word_1_142' title='bbox 804 1778 1022 1809; x_wconf 73' lang='grc' dir='ltr'>4.Γο001011001</span> 
     </span>
     <span class='ocr_line' id='line_1_32' title="bbox 312 1823 1025 1862; baseline 0 -11"><span class='ocrx_word' id='word_1_143' title='bbox 312 1823 457 1853; x_wconf 81' lang='lat' dir='ltr'><em>condendi</em></span> <span class='ocrx_word' id='word_1_144' title='bbox 478 1828 581 1853; x_wconf 88' lang='lat' dir='ltr'><em>statuta</em></span> <span class='ocrx_word' id='word_1_145' title='bbox 601 1828 762 1862; x_wconf 86' lang='lat' dir='ltr'><em>opportuna</em></span> <span class='ocrx_word' id='word_1_146' title='bbox 784 1824 810 1853; x_wconf 90' lang='lat' dir='ltr'><em>ei</em></span> <span class='ocrx_word' id='word_1_147' title='bbox 830 1824 1025 1860; x_wconf 64' lang='grc'>0011001110-</span> 
     </span>
     <span class='ocr_line' id='line_1_33' title="bbox 312 1866 1024 1906; baseline 0.001 -10"><span class='ocrx_word' id='word_1_148' title='bbox 312 1867 339 1896; x_wconf 81' lang='lat'><em>5.</em></span> <span class='ocrx_word' id='word_1_149' title='bbox 366 1866 567 1906; x_wconf 76' lang='lat' dir='ltr'><em>Indulgentias</em></span> <span class='ocrx_word' id='word_1_150' title='bbox 590 1867 787 1897; x_wconf 81' lang='lat' dir='ltr'><em>confratribus</em></span> <span class='ocrx_word' id='word_1_151' title='bbox 806 1872 833 1897; x_wconf 90' lang='lat' dir='ltr'><em>et</em></span> <span class='ocrx_word' id='word_1_152' title='bbox 859 1868 1024 1898; x_wconf 83' lang='lat' dir='ltr'><em>benefacto-</em></span> 
     </span>
    </p>
   </div>
   <div class='ocr_carea' id='block_1_15' title="bbox 313 1913 1024 1997">
    <p class='ocr_par' dir='ltr' id='par_1_17' title="bbox 313 1913 1024 1997">
     <span class='ocr_line' id='line_1_34' title="bbox 314 1913 1024 1953; baseline 0.001 -11"><span class='ocrx_word' id='word_1_153' title='bbox 314 1913 396 1942; x_wconf 82' lang='lat' dir='ltr'><em>ribus</em></span> <span class='ocrx_word' id='word_1_154' title='bbox 418 1913 566 1950; x_wconf 71' lang='lat' dir='ltr'><em>elargitur.</em></span> <span class='ocrx_word' id='word_1_155' title='bbox 593 1930 633 1935; x_wconf 89' lang='lat'><em>—-</em></span> <span class='ocrx_word' id='word_1_156' title='bbox 653 1914 680 1943; x_wconf 76' lang='lat' dir='ltr'><em>t&#39;).</em></span> <span class='ocrx_word' id='word_1_157' title='bbox 712 1913 787 1942; x_wconf 78' lang='lat' dir='ltr'><em>Boua</em></span> <span class='ocrx_word' id='word_1_158' title='bbox 811 1923 1024 1953; x_wconf 86' lang='lat' dir='ltr'><em>quaecumque,</em></span> 
     </span>
     <span class='ocr_line' id='line_1_35' title="bbox 313 1957 1024 1997; baseline 0.003 -11"><span class='ocrx_word' id='word_1_159' title='bbox 313 1957 399 1987; x_wconf 87' lang='lat' dir='ltr'><em>etiam</em></span> <span class='ocrx_word' id='word_1_160' title='bbox 420 1957 558 1995; x_wconf 87' lang='lat' dir='ltr'><em>feudalia,</em></span> <span class='ocrx_word' id='word_1_161' title='bbox 578 1962 628 1988; x_wconf 89' lang='lat' dir='ltr'><em>etc.</em></span> <span class='ocrx_word' id='word_1_162' title='bbox 650 1958 776 1997; x_wconf 81' lang='lat' dir='ltr'><em>relinqui</em></span> <span class='ocrx_word' id='word_1_163' title='bbox 796 1963 928 1997; x_wconf 75' lang='lat' dir='ltr'><em>possunt.</em></span> <span class='ocrx_word' id='word_1_164' title='bbox 944 1975 982 1980; x_wconf 93' lang='lat'><em>-—</em></span> <span class='ocrx_word' id='word_1_165' title='bbox 999 1959 1024 1988; x_wconf 83' lang='lat'><em>7.</em></span> 
     </span>
    </p>
   </div>
   <div class='ocr_carea' id='block_1_16' title="bbox 314 2000 1026 2173">
    <p class='ocr_par' dir='ltr' id='par_1_18' title="bbox 314 2000 1026 2173">
     <span class='ocr_line' id='line_1_36' title="bbox 314 2000 1023 2042; baseline 0.003 -12"><span class='ocrx_word' id='word_1_166' title='bbox 314 2000 503 2032; x_wconf 73' lang='lat' dir='ltr'><em>Observantia</em></span> <span class='ocrx_word' id='word_1_167' title='bbox 527 2003 614 2032; x_wconf 86' lang='grc'>110105</span> <span class='ocrx_word' id='word_1_168' title='bbox 634 2002 731 2031; x_wconf 84' lang='lat' dir='ltr'><em>bullae</em></span> <span class='ocrx_word' id='word_1_169' title='bbox 753 2003 890 2032; x_wconf 84' lang='lat' dir='ltr'><em>omnibns</em></span> <span class='ocrx_word' id='word_1_170' title='bbox 908 2003 1023 2042; x_wconf 84' lang='lat' dir='ltr'><em>praeci-</em></span> 
     </span>
     <span class='ocr_line' id='line_1_37' title="bbox 314 2046 1023 2085; baseline 0.003 -10"><span class='ocrx_word' id='word_1_171' title='bbox 314 2046 401 2085; x_wconf 90' lang='lat' dir='ltr'><em>pitur.</em></span> <span class='ocrx_word' id='word_1_172' title='bbox 420 2064 459 2069; x_wconf 91' lang='lat'>—</span> <span class='ocrx_word' id='word_1_173' title='bbox 477 2047 503 2076; x_wconf 86' lang='lat'><em>8.</em></span> <span class='ocrx_word' id='word_1_174' title='bbox 522 2046 674 2084; x_wconf 78' lang='lat' dir='ltr'><em>Derogatio</em></span> <span class='ocrx_word' id='word_1_175' title='bbox 697 2047 920 2076; x_wconf 83' lang='lat' dir='ltr'><em>contrariorum.</em></span> <span class='ocrx_word' id='word_1_176' title='bbox 938 2064 978 2069; x_wconf 87' lang='lat'><strong>—</strong></span> <span class='ocrx_word' id='word_1_177' title='bbox 995 2048 1023 2077; x_wconf 82' lang='lat'><em>9.</em></span> 
     </span>
     <span class='ocr_line' id='line_1_38' title="bbox 314 2089 1026 2130; baseline 0.004 -11"><span class='ocrx_word' id='word_1_178' title='bbox 314 2089 921 2130; x_wconf 60' lang='grc' dir='ltr'>(11005011101111105011011ν110.-10.1711105</span> <span class='ocrx_word' id='word_1_179' title='bbox 931 2101 1026 2122; x_wconf 85' lang='lat' dir='ltr'><em>exem—</em></span> 
     </span>
     <span class='ocr_line' id='line_1_39' title="bbox 316 2134 440 2173; baseline 0.008 -9"><span class='ocrx_word' id='word_1_180' title='bbox 316 2134 440 2173; x_wconf 89' lang='lat' dir='ltr'><em>plorum.</em></span> 
     </span>
    </p>
   </div>
   <div class='ocr_carea' id='block_1_17' title="bbox 364 2211 939 2299">
    <p class='ocr_par' dir='ltr' id='par_1_19' title="bbox 364 2211 939 2299">
     <span class='ocr_line' id='line_1_40' title="bbox 364 2211 939 2248; baseline -0.002 -7"><span class='ocrx_word' id='word_1_181' title='bbox 364 2212 413 2241; x_wconf 78' lang='lat' dir='ltr'><em>Leo</em></span> <span class='ocrx_word' id='word_1_182' title='bbox 432 2211 573 2248; x_wconf 80' lang='lat' dir='ltr'><em>episcopus</em></span> <span class='ocrx_word' id='word_1_183' title='bbox 599 2218 695 2240; x_wconf 86' lang='lat' dir='ltr'><em>servus</em></span> <span class='ocrx_word' id='word_1_184' title='bbox 718 2218 858 2240; x_wconf 85' lang='lat' dir='ltr'><em>servorum</em></span> <span class='ocrx_word' id='word_1_185' title='bbox 879 2211 939 2245; x_wconf 83' lang='lat' dir='ltr'><em>Dei.</em></span> 
     </span>
     <span class='ocr_line' id='line_1_41' title="bbox 411 2261 890 2299; baseline -0.004 -8"><span class='ocrx_word' id='word_1_186' title='bbox 411 2263 444 2291; x_wconf 84' lang='lat' dir='ltr'><em>ad</em></span> <span class='ocrx_word' id='word_1_187' title='bbox 467 2264 629 2299; x_wconf 81' lang='lat' dir='ltr'><em>perpetuam</em></span> <span class='ocrx_word' id='word_1_188' title='bbox 655 2262 696 2291; x_wconf 79' lang='lat' dir='ltr'><em>rei</em></span> <span class='ocrx_word' id='word_1_189' title='bbox 723 2261 890 2290; x_wconf 80' lang='lat' dir='ltr'><em>memoriam.</em></span> 
     </span>
    </p>
   </div>
   <div class='ocr_carea' id='block_1_18' title="bbox 276 2325 1026 2590">
    <p class='ocr_par' dir='ltr' id='par_1_20' title="bbox 276 2325 1026 2590">
     <span class='ocr_line' id='line_1_42' title="bbox 326 2325 1026 2374; baseline -0.001 -13"><span class='ocrx_word' id='word_1_190' title='bbox 326 2326 424 2371; x_wconf 83' lang='lat' dir='ltr'><em>lttius,</em></span> <span class='ocrx_word' id='word_1_191' title='bbox 438 2326 490 2374; x_wconf 89' lang='lat' dir='ltr'><em>qui</em></span> <span class='ocrx_word' id='word_1_192' title='bbox 513 2326 624 2361; x_wconf 88' lang='lat' dir='ltr'><em>caritas</em></span> <span class='ocrx_word' id='word_1_193' title='bbox 637 2334 683 2360; x_wconf 88' lang='lat' dir='ltr'><em>est</em></span> <span class='ocrx_word' id='word_1_194' title='bbox 705 2328 743 2369; x_wconf 90' lang='lat' dir='ltr'><em>(et</em></span> <span class='ocrx_word' id='word_1_195' title='bbox 760 2326 851 2360; x_wconf 89' lang='lat' dir='ltr'><em>cuius</em></span> <span class='ocrx_word' id='word_1_196' title='bbox 865 2325 1026 2372; x_wconf 88' lang='lat' dir='ltr'><em>apostolus</em></span> 
     </span>
     <span class='ocr_line' id='line_1_43' title="bbox 276 2379 1026 2426; baseline -0.001 -11"><span class='ocrx_word' id='word_1_197' title='bbox 276 2380 395 2415; x_wconf 90' lang='lat' dir='ltr'><em>Paulus</em></span> <span class='ocrx_word' id='word_1_198' title='bbox 417 2393 461 2426; x_wconf 81' lang='lat' dir='ltr'><em>se,</em></span> <span class='ocrx_word' id='word_1_199' title='bbox 485 2381 577 2416; x_wconf 86' lang='lat' dir='ltr'><em>etiam</em></span> <span class='ocrx_word' id='word_1_200' title='bbox 601 2380 624 2414; x_wconf 94' lang='lat' dir='ltr'><em>si</em></span> <span class='ocrx_word' id='word_1_201' title='bbox 653 2379 768 2426; x_wconf 73' lang='lat' dir='ltr'><em>linguis</em></span> <span class='ocrx_word' id='word_1_202' title='bbox 787 2380 951 2414; x_wconf 87' lang='lat' dir='ltr'><em>hominnm</em></span> <span class='ocrx_word' id='word_1_203' title='bbox 979 2379 1026 2414; x_wconf 88' lang='lat' dir='ltr'><em>lo·</em></span> 
     </span>
     <span class='ocr_line' id='line_1_44' title="bbox 277 2434 1025 2482; baseline -0.001 -14"><span class='ocrx_word' id='word_1_204' title='bbox 277 2444 427 2482; x_wconf 85' lang='lat' dir='ltr'><em>queretur</em></span> <span class='ocrx_word' id='word_1_205' title='bbox 460 2443 490 2469; x_wconf 85' lang='lat' dir='ltr'><em>et</em></span> <span class='ocrx_word' id='word_1_206' title='bbox 511 2434 693 2481; x_wconf 83' lang='lat' dir='ltr'><em>angelorum</em></span> <span class='ocrx_word' id='word_1_207' title='bbox 710 2462 718 2478; x_wconf 89' lang='lat'><em>,</em></span> <span class='ocrx_word' id='word_1_208' title='bbox 742 2434 942 2481; x_wconf 71' lang='lat' dir='ltr'><em>novissetque</em></span> <span class='ocrx_word' id='word_1_209' title='bbox 966 2447 1025 2482; x_wconf 78' lang='lat' dir='ltr'><em>my-</em></span> 
     </span>
     <span class='ocr_line' id='line_1_45' title="bbox 277 2489 1024 2537; baseline 0.001 -15"><span class='ocrx_word' id='word_1_210' title='bbox 277 2491 369 2524; x_wconf 73' lang='lat' dir='ltr'><em>steria</em></span> <span class='ocrx_word' id='word_1_211' title='bbox 396 2489 522 2531; x_wconf 84' lang='lat' dir='ltr'><em>omnia,</em></span> <span class='ocrx_word' id='word_1_212' title='bbox 549 2502 584 2524; x_wconf 88' lang='lat' dir='ltr'><em>ac</em></span> <span class='ocrx_word' id='word_1_213' title='bbox 613 2490 808 2537; x_wconf 77' lang='lat' dir='ltr'><em>prophetiam</em></span> <span class='ocrx_word' id='word_1_214' title='bbox 842 2498 870 2524; x_wconf 92' lang='grc'><em>01</em></span> <span class='ocrx_word' id='word_1_215' title='bbox 899 2502 1024 2523; x_wconf 84' lang='lat' dir='ltr'><em>omnem</em></span> 
     </span>
     <span class='ocr_line' id='line_1_46' title="bbox 277 2544 1025 2590; baseline 0.001 -12"><span class='ocrx_word' id='word_1_216' title='bbox 277 2544 450 2589; x_wconf 80' lang='lat' dir='ltr'><em>seientiam,</em></span> <span class='ocrx_word' id='word_1_217' title='bbox 466 2556 656 2590; x_wconf 89' lang='lat' dir='ltr'><em>omnemque</em></span> <span class='ocrx_word' id='word_1_218' title='bbox 678 2544 785 2588; x_wconf 80' lang='lat' dir='ltr'><em>fidem,</em></span> <span class='ocrx_word' id='word_1_219' title='bbox 799 2544 838 2578; x_wconf 86' lang='lat' dir='ltr'><em>ita</em></span> <span class='ocrx_word' id='word_1_220' title='bbox 856 2552 887 2578; x_wconf 92' lang='lat' dir='ltr'><em>ut</em></span> <span class='ocrx_word' id='word_1_221' title='bbox 903 2555 1025 2579; x_wconf 86' lang='lat' dir='ltr'><em>montes</em></span> 
     </span>
    </p>
   </div>
   <div class='ocr_carea' id='block_1_19' title="bbox 241 2598 1025 2646">
    <p class='ocr_par' dir='ltr' id='par_1_21' title="bbox 241 2598 1025 2646">
     <span class='ocr_line' id='line_1_47' title="bbox 241 2598 1025 2646; baseline 0.003 -15"><span class='ocrx_word' id='word_1_222' title='bbox 241 2623 244 2626; x_wconf 33' lang='lat'><strong>⁴</strong></span> <span class='ocrx_word' id='word_1_223' title='bbox 279 2598 421 2633; x_wconf 81' lang='lat' dir='ltr'><em>trasferre</em></span> <span class='ocrx_word' id='word_1_224' title='bbox 437 2607 552 2646; x_wconf 84' lang='lat' dir='ltr'><em>posset,</em></span> <span class='ocrx_word' id='word_1_225' title='bbox 575 2611 637 2633; x_wconf 90' lang='lat' dir='ltr'><em>uon</em></span> <span class='ocrx_word' id='word_1_226' title='bbox 666 2606 768 2633; x_wconf 87' lang='lat' dir='ltr'><em>tamen</em></span> <span class='ocrx_word' id='word_1_227' title='bbox 787 2599 947 2634; x_wconf 87' lang='lat' dir='ltr'><em>caritatem</em></span> <span class='ocrx_word' id='word_1_228' title='bbox 965 2599 1025 2634; x_wconf 81' lang='lat' dir='ltr'><em>ha-</em></span> 
     </span>
    </p>
   </div>
   <div class='ocr_carea' id='block_1_20' title="bbox 278 2669 1025 2746">
    <p class='ocr_par' dir='ltr' id='par_1_22' title="bbox 278 2669 1025 2746">
     <span class='ocr_line' id='line_1_48' title="bbox 313 2669 1025 2706; baseline 0.003 -11"><span class='ocrx_word' id='word_1_229' title='bbox 313 2670 351 2704; x_wconf 89' lang='lat' dir='ltr'><em>(t)</em></span> <span class='ocrx_word' id='word_1_230' title='bbox 368 2670 422 2697; x_wconf 90' lang='lat' dir='ltr'><em>Sub</em></span> <span class='ocrx_word' id='word_1_231' title='bbox 440 2678 549 2696; x_wconf 86' lang='lat' dir='ltr'><em>numero</em></span> <span class='ocrx_word' id='word_1_232' title='bbox 574 2677 609 2696; x_wconf 74' lang='lat' dir='ltr'><em>xL</em></span> <span class='ocrx_word' id='word_1_233' title='bbox 627 2669 692 2696; x_wconf 89' lang='lat' dir='ltr'><em>hanc</em></span> <span class='ocrx_word' id='word_1_234' title='bbox 718 2669 786 2705; x_wconf 75' lang='lat' dir='ltr'><em>leges</em></span> <span class='ocrx_word' id='word_1_235' title='bbox 806 2670 1025 2706; x_wconf 82' lang='lat' dir='ltr'><em>approbationem</em></span> 
     </span>
     <span class='ocr_line' id='line_1_49' title="bbox 278 2708 611 2746; baseline -0.003 -10"><span class='ocrx_word' id='word_1_236' title='bbox 278 2708 303 2736; x_wconf 91' lang='lat' dir='ltr'><em>in</em></span> <span class='ocrx_word' id='word_1_237' title='bbox 319 2708 396 2738; x_wconf 82' lang='lat' dir='ltr'><em>Rom.</em></span> <span class='ocrx_word' id='word_1_238' title='bbox 417 2709 487 2737; x_wconf 88' lang='lat' dir='ltr'><em>Edit.</em></span> <span class='ocrx_word' id='word_1_239' title='bbox 505 2710 543 2745; x_wconf 78' lang='lat' dir='ltr'><em>(a.</em></span> <span class='ocrx_word' id='word_1_240' title='bbox 562 2711 611 2746; x_wconf 83' lang='lat' dir='ltr'><em>T.).</em></span> 
     </span>
    </p>
   </div>
   <div class='ocr_carea' id='block_1_21' title="bbox 1035 387 1041 1016">
    <p class='ocr_par' dir='ltr' id='par_1_23' title="bbox 1035 387 1041 1016">
     <span class='ocr_line' id='line_1_50' title="bbox 1035 387 1041 1016; baseline 0 0"><span class='ocrx_word' id='word_1_241' title='bbox 1035 387 1041 1016; x_wconf 95' lang='lat' dir='ltr'><em> </em></span> 
     </span>
    </p>
   </div>
   <div class='ocr_carea' id='block_1_22' title="bbox 1038 387 1051 2731">
    <p class='ocr_par' dir='ltr' id='par_1_24' title="bbox 1038 387 1051 2731">
     <span class='ocr_line' id='line_1_51' title="bbox 1038 387 1051 2731; baseline 0 0"><span class='ocrx_word' id='word_1_242' title='bbox 1038 387 1051 2731; x_wconf 95' lang='lat' dir='ltr'><em> </em></span> 
     </span>
    </p>
   </div>
   <div class='ocr_carea' id='block_1_23' title="bbox 1684 295 1751 329">
    <p class='ocr_par' dir='ltr' id='par_1_25' title="bbox 1684 295 1751 329">
     <span class='ocr_line' id='line_1_52' title="bbox 1684 295 1751 329; baseline 0.015 -1"><span class='ocrx_word' id='word_1_243' title='bbox 1684 295 1751 329; x_wconf 79' lang='lat'><em>739</em></span> 
     </span>
    </p>
   </div>
   <div class='ocr_carea' id='block_1_24' title="bbox 1057 361 1816 2745">
    <p class='ocr_par' dir='ltr' id='par_1_26' title="bbox 1057 361 1804 760">
     <span class='ocr_line' id='line_1_53' title="bbox 1058 361 1802 410; baseline -0.007 -10"><span class='ocrx_word' id='word_1_244' title='bbox 1058 366 1154 410; x_wconf 81' lang='lat' dir='ltr'><em>beret,</em></span> <span class='ocrx_word' id='word_1_245' title='bbox 1177 364 1217 400; x_wconf 88' lang='lat' dir='ltr'><em>nil</em></span> <span class='ocrx_word' id='word_1_246' title='bbox 1240 375 1319 406; x_wconf 84' lang='lat' dir='ltr'><em>esse;</em></span> <span class='ocrx_word' id='word_1_247' title='bbox 1343 371 1371 399; x_wconf 89' lang='lat' dir='ltr'><em>et</em></span> <span class='ocrx_word' id='word_1_248' title='bbox 1396 362 1554 398; x_wconf 83' lang='lat' dir='ltr'><em>caritatem</em></span> <span class='ocrx_word' id='word_1_249' title='bbox 1582 361 1712 409; x_wconf 84' lang='lat' dir='ltr'><em>reliquis</em></span> <span class='ocrx_word' id='word_1_250' title='bbox 1741 361 1802 396; x_wconf 81' lang='lat' dir='ltr'><em>vir—</em></span> 
     </span>
     <span class='ocr_line' id='line_1_54' title="bbox 1059 412 1801 459; baseline -0.007 -9"><span class='ocrx_word' id='word_1_251' title='bbox 1059 416 1176 450; x_wconf 83' lang='lat' dir='ltr'><em>tutibus</em></span> <span class='ocrx_word' id='word_1_252' title='bbox 1209 415 1357 449; x_wconf 85' lang='lat' dir='ltr'><em>maiorem</em></span> <span class='ocrx_word' id='word_1_253' title='bbox 1376 441 1384 457; x_wconf 93' lang='lat'><em>,</em></span> <span class='ocrx_word' id='word_1_254' title='bbox 1407 426 1442 448; x_wconf 87' lang='lat' dir='ltr'><em>ac</em></span> <span class='ocrx_word' id='word_1_255' title='bbox 1468 413 1545 459; x_wconf 79' lang='lat' dir='ltr'><em>legis</em></span> <span class='ocrx_word' id='word_1_256' title='bbox 1574 412 1801 459; x_wconf 78' lang='lat' dir='ltr'><em>plenitudinem</em></span> 
     </span>
     <span class='ocr_line' id='line_1_55' title="bbox 1057 463 1804 509; baseline -0.007 -9"><span class='ocrx_word' id='word_1_257' title='bbox 1057 478 1125 500; x_wconf 85' lang='lat' dir='ltr'><em>esse</em></span> <span class='ocrx_word' id='word_1_258' title='bbox 1139 465 1293 509; x_wconf 82' lang='lat' dir='ltr'><em>firmavit),</em></span> <span class='ocrx_word' id='word_1_259' title='bbox 1306 463 1648 503; x_wconf 72' lang='grc' dir='ltr'>ν1005,1100111110101111,</span> <span class='ocrx_word' id='word_1_260' title='bbox 1660 469 1804 509; x_wconf 76' lang='lat' dir='ltr'><em>gerentes</em></span> 
     </span>
     <span class='ocr_line' id='line_1_56' title="bbox 1059 511 1802 559; baseline -0.005 -10"><span class='ocrx_word' id='word_1_261' title='bbox 1059 516 1088 548; x_wconf 94' lang='lat' dir='ltr'><em>in</em></span> <span class='ocrx_word' id='word_1_262' title='bbox 1108 516 1209 558; x_wconf 88' lang='lat' dir='ltr'><em>terris,</em></span> <span class='ocrx_word' id='word_1_263' title='bbox 1230 523 1262 549; x_wconf 88' lang='lat' dir='ltr'><em>ut</em></span> <span class='ocrx_word' id='word_1_264' title='bbox 1282 513 1424 553; x_wconf 77' lang='lat' dir='ltr'><em>ubilibet,</em></span> <span class='ocrx_word' id='word_1_265' title='bbox 1437 521 1465 547; x_wconf 91' lang='grc'><em>01</em></span> <span class='ocrx_word' id='word_1_266' title='bbox 1483 512 1662 559; x_wconf 87' lang='lat' dir='ltr'><em>praesertim</em></span> <span class='ocrx_word' id='word_1_267' title='bbox 1680 513 1708 545; x_wconf 88' lang='lat' dir='ltr'><em>in</em></span> <span class='ocrx_word' id='word_1_268' title='bbox 1724 511 1802 546; x_wconf 89' lang='lat' dir='ltr'><em>ahna</em></span> 
     </span>
     <span class='ocr_line' id='line_1_57' title="bbox 1058 561 1804 611; baseline -0.007 -12"><span class='ocrx_word' id='word_1_269' title='bbox 1058 564 1155 607; x_wconf 86' lang='lat' dir='ltr'><em>Urbe,</em></span> <span class='ocrx_word' id='word_1_270' title='bbox 1170 576 1250 611; x_wconf 89' lang='lat' dir='ltr'><em>quae</em></span> <span class='ocrx_word' id='word_1_271' title='bbox 1269 564 1414 598; x_wconf 82' lang='lat' dir='ltr'><em>universo</em></span> <span class='ocrx_word' id='word_1_272' title='bbox 1430 563 1495 597; x_wconf 92' lang='lat' dir='ltr'><em>orbi</em></span> <span class='ocrx_word' id='word_1_273' title='bbox 1515 562 1674 608; x_wconf 84' lang='lat' dir='ltr'><em>exemplar</em></span> <span class='ocrx_word' id='word_1_274' title='bbox 1698 570 1727 595; x_wconf 88' lang='lat' dir='ltr'><em>et</em></span> <span class='ocrx_word' id='word_1_275' title='bbox 1742 561 1804 594; x_wconf 90' lang='lat' dir='ltr'><em>vir-</em></span> 
     </span>
     <span class='ocr_line' id='line_1_58' title="bbox 1059 612 1804 661; baseline -0.005 -13"><span class='ocrx_word' id='word_1_276' title='bbox 1059 623 1159 648; x_wconf 89' lang='lat' dir='ltr'><em>tutum</em></span> <span class='ocrx_word' id='word_1_277' title='bbox 1183 614 1346 661; x_wconf 86' lang='lat' dir='ltr'><em>speculum</em></span> <span class='ocrx_word' id='word_1_278' title='bbox 1361 625 1428 647; x_wconf 87' lang='lat' dir='ltr'><em>esse</em></span> <span class='ocrx_word' id='word_1_279' title='bbox 1444 612 1547 652; x_wconf 74' lang='lat' dir='ltr'><em>debet,</em></span> <span class='ocrx_word' id='word_1_280' title='bbox 1560 612 1697 647; x_wconf 88' lang='lat' dir='ltr'><em>caritatis</em></span> <span class='ocrx_word' id='word_1_281' title='bbox 1712 622 1804 657; x_wconf 86' lang='lat' dir='ltr'><em>opera</em></span> 
     </span>
     <span class='ocr_line' id='line_1_59' title="bbox 1058 662 1804 710; baseline -0.005 -12"><span class='ocrx_word' id='word_1_282' title='bbox 1058 672 1261 698; x_wconf 75' lang='lat' dir='ltr'><em>exerceantur</em></span> <span class='ocrx_word' id='word_1_283' title='bbox 1292 662 1439 709; x_wconf 80' lang='lat' dir='ltr'><em>frugifera</em></span> <span class='ocrx_word' id='word_1_284' title='bbox 1457 689 1464 703; x_wconf 91' lang='lat'><em>,</em></span> <span class='ocrx_word' id='word_1_285' title='bbox 1492 674 1582 710; x_wconf 88' lang='lat' dir='ltr'><em>opem</em></span> <span class='ocrx_word' id='word_1_286' title='bbox 1619 669 1648 696; x_wconf 86' lang='lat' dir='ltr'><em>et</em></span> <span class='ocrx_word' id='word_1_287' title='bbox 1675 672 1804 709; x_wconf 87' lang='lat' dir='ltr'><em>operam</em></span> 
     </span>
     <span class='ocr_line' id='line_1_60' title="bbox 1061 713 1451 760; baseline -0.003 -13"><span class='ocrx_word' id='word_1_288' title='bbox 1061 713 1276 760; x_wconf 86' lang='lat' dir='ltr'><em>impendimus</em></span> <span class='ocrx_word' id='word_1_289' title='bbox 1298 713 1451 747; x_wconf 85' lang='lat' dir='ltr'><em>ellicaces.</em></span> 
     </span>
    </p>

    <p class='ocr_par' dir='ltr' id='par_1_27' title="bbox 1060 759 1816 2624">
     <span class='ocr_line' id='line_1_61' title="bbox 1107 759 1804 807; baseline -0.006 -10"><span class='ocrx_word' id='word_1_290' title='bbox 1107 768 1122 806; x_wconf 61' lang='lat' dir='ltr'>g</span> <span class='ocrx_word' id='word_1_291' title='bbox 1153 765 1183 796; x_wconf 84' lang='lat' dir='ltr'><em>t.</em></span> <span class='ocrx_word' id='word_1_292' title='bbox 1206 762 1289 797; x_wconf 82' lang='lat' dir='ltr'><em>Sane</em></span> <span class='ocrx_word' id='word_1_293' title='bbox 1312 762 1403 806; x_wconf 82' lang='lat' dir='ltr'><em>(sicut</em></span> <span class='ocrx_word' id='word_1_294' title='bbox 1425 761 1514 795; x_wconf 85' lang='lat' dir='ltr'><em>nohis</em></span> <span class='ocrx_word' id='word_1_295' title='bbox 1537 773 1638 807; x_wconf 81' lang='lat' dir='ltr'><em>nuper</em></span> <span class='ocrx_word' id='word_1_296' title='bbox 1659 759 1804 803; x_wconf 87' lang='lat' dir='ltr'><em>innotuit)</em></span> 
     </span>
     <span class='ocr_line' id='line_1_62' title="bbox 1060 809 1804 853; baseline -0.004 -8"><span class='ocrx_word' id='word_1_297' title='bbox 1060 812 1192 847; x_wconf 82' lang='lat' dir='ltr'><em>dilectus</em></span> <span class='ocrx_word' id='word_1_298' title='bbox 1220 811 1301 845; x_wconf 80' lang='lat' dir='ltr'><em>filius</em></span> <span class='ocrx_word' id='word_1_299' title='bbox 1331 819 1435 845; x_wconf 81' lang='lat' dir='ltr'><em>noster</em></span> <span class='ocrx_word' id='word_1_300' title='bbox 1463 810 1572 853; x_wconf 90' lang='lat' dir='ltr'><em>lulius,</em></span> <span class='ocrx_word' id='word_1_301' title='bbox 1600 811 1633 845; x_wconf 85' lang='lat' dir='ltr'><em>S.</em></span> <span class='ocrx_word' id='word_1_302' title='bbox 1647 809 1804 844; x_wconf 88' lang='lat' dir='ltr'><em>Laurentii</em></span> 
     </span>
     <span class='ocr_line' id='line_1_63' title="bbox 1062 858 1804 908; baseline -0.004 -13"><span class='ocrx_word' id='word_1_303' title='bbox 1062 862 1091 895; x_wconf 89' lang='lat' dir='ltr'><em>in</em></span> <span class='ocrx_word' id='word_1_304' title='bbox 1115 861 1248 896; x_wconf 85' lang='lat' dir='ltr'><em>Damaso</em></span> <span class='ocrx_word' id='word_1_305' title='bbox 1277 861 1437 908; x_wconf 64' lang='lat' dir='ltr'><em>presbyter</em></span> <span class='ocrx_word' id='word_1_306' title='bbox 1459 860 1636 904; x_wconf 86' lang='lat' dir='ltr'><em>cardinalis,</em></span> <span class='ocrx_word' id='word_1_307' title='bbox 1657 859 1690 894; x_wconf 92' lang='lat' dir='ltr'><em>S.</em></span> <span class='ocrx_word' id='word_1_308' title='bbox 1714 859 1752 893; x_wconf 79' lang='lat' dir='ltr'><em>R.</em></span> <span class='ocrx_word' id='word_1_309' title='bbox 1768 858 1804 893; x_wconf 90' lang='lat' dir='ltr'><em>E.</em></span> 
     </span>
     <span class='ocr_line' id='line_1_64' title="bbox 1062 908 1804 957; baseline -0.005 -12"><span class='ocrx_word' id='word_1_310' title='bbox 1062 911 1332 946; x_wconf 66' lang='lat' dir='ltr'><em>vicecancellarius</em></span> <span class='ocrx_word' id='word_1_311' title='bbox 1348 938 1355 951; x_wconf 77' lang='grc'>,</span> <span class='ocrx_word' id='word_1_312' title='bbox 1393 910 1443 957; x_wconf 86' lang='lat' dir='ltr'><em>pie</em></span> <span class='ocrx_word' id='word_1_313' title='bbox 1482 909 1685 944; x_wconf 83' lang='lat' dir='ltr'><em>considerans</em></span> <span class='ocrx_word' id='word_1_314' title='bbox 1721 908 1804 955; x_wconf 85' lang='lat' dir='ltr'><em>quod</em></span> 
     </span>
     <span class='ocr_line' id='line_1_65' title="bbox 1063 958 1806 1008; baseline -0.003 -15"><span class='ocrx_word' id='word_1_315' title='bbox 1063 973 1215 1008; x_wconf 82' lang='lat' dir='ltr'><em>pauperes</em></span> <span class='ocrx_word' id='word_1_316' title='bbox 1236 959 1414 994; x_wconf 86' lang='lat' dir='ltr'><em>mendicare</em></span> <span class='ocrx_word' id='word_1_317' title='bbox 1437 959 1660 994; x_wconf 75' lang='lat' dir='ltr'><em>erubescentes</em></span> <span class='ocrx_word' id='word_1_318' title='bbox 1677 986 1684 1000; x_wconf 88' lang='lat'><em>,</em></span> <span class='ocrx_word' id='word_1_319' title='bbox 1712 958 1806 1004; x_wconf 81' lang='lat' dir='ltr'><em>longe</em></span> 
     </span>
     <span class='ocr_line' id='line_1_66' title="bbox 1063 1009 1808 1056; baseline -0.003 -13"><span class='ocrx_word' id='word_1_320' title='bbox 1063 1011 1207 1055; x_wconf 88' lang='lat' dir='ltr'><em>maiores,</em></span> <span class='ocrx_word' id='word_1_321' title='bbox 1228 1021 1322 1056; x_wconf 86' lang='lat' dir='ltr'><em>quam</em></span> <span class='ocrx_word' id='word_1_322' title='bbox 1347 1021 1500 1056; x_wconf 88' lang='lat' dir='ltr'><em>pauperes</em></span> <span class='ocrx_word' id='word_1_323' title='bbox 1519 1009 1746 1051; x_wconf 81' lang='lat' dir='ltr'><em>mendicantes,</em></span> <span class='ocrx_word' id='word_1_324' title='bbox 1758 1020 1808 1041; x_wconf 89' lang='lat' dir='ltr'><em>su-</em></span> 
     </span>
     <span class='ocr_line' id='line_1_67' title="bbox 1061 1057 1808 1106; baseline -0.003 -13"><span class='ocrx_word' id='word_1_325' title='bbox 1061 1060 1178 1095; x_wconf 87' lang='lat' dir='ltr'><em>stineut</em></span> <span class='ocrx_word' id='word_1_326' title='bbox 1203 1059 1415 1093; x_wconf 68' lang='lat' dir='ltr'><em>necessitates:</em></span> <span class='ocrx_word' id='word_1_327' title='bbox 1439 1059 1597 1106; x_wconf 86' lang='lat' dir='ltr'><em>quodque,</em></span> <span class='ocrx_word' id='word_1_328' title='bbox 1624 1070 1696 1093; x_wconf 91' lang='lat' dir='ltr'><em>cum</em></span> <span class='ocrx_word' id='word_1_329' title='bbox 1713 1057 1808 1092; x_wconf 87' lang='lat' dir='ltr'><em>Curia</em></span> 
     </span>
     <span class='ocr_line' id='line_1_68' title="bbox 1062 1108 1807 1153; baseline -0.003 -10"><span class='ocrx_word' id='word_1_330' title='bbox 1062 1109 1203 1143; x_wconf 83' lang='lat' dir='ltr'><em>Romana</em></span> <span class='ocrx_word' id='word_1_331' title='bbox 1227 1110 1361 1143; x_wconf 78' lang='lat' dir='ltr'><em>maximo</em></span> <span class='ocrx_word' id='word_1_332' title='bbox 1384 1108 1556 1142; x_wconf 85' lang='lat' dir='ltr'><em>forensium</em></span> <span class='ocrx_word' id='word_1_333' title='bbox 1585 1116 1613 1142; x_wconf 92' lang='lat' dir='ltr'><em>et</em></span> <span class='ocrx_word' id='word_1_334' title='bbox 1630 1109 1807 1153; x_wconf 78' lang='lat' dir='ltr'><em>ignotorum</em></span> 
     </span>
     <span class='ocr_line' id='line_1_69' title="bbox 1063 1157 1809 1205; baseline -0.001 -13"><span class='ocrx_word' id='word_1_335' title='bbox 1063 1171 1196 1193; x_wconf 87' lang='lat' dir='ltr'><em>numero</em></span> <span class='ocrx_word' id='word_1_336' title='bbox 1223 1158 1460 1205; x_wconf 79' lang='lat' dir='ltr'><em>frequentetur,</em></span> <span class='ocrx_word' id='word_1_337' title='bbox 1483 1170 1593 1204; x_wconf 81' lang='lat' dir='ltr'><em>magua</em></span> <span class='ocrx_word' id='word_1_338' title='bbox 1618 1170 1688 1205; x_wconf 90' lang='lat' dir='ltr'><em>pars</em></span> <span class='ocrx_word' id='word_1_339' title='bbox 1711 1157 1809 1191; x_wconf 87' lang='lat' dir='ltr'><em>incar-</em></span> 
     </span>
     <span class='ocr_line' id='line_1_70' title="bbox 1063 1205 1808 1253; baseline -0.003 -11"><span class='ocrx_word' id='word_1_340' title='bbox 1063 1216 1238 1242; x_wconf 83' lang='lat' dir='ltr'><em>ceratorum</em></span> <span class='ocrx_word' id='word_1_341' title='bbox 1268 1209 1295 1240; x_wconf 93' lang='lat' dir='ltr'><em>in</em></span> <span class='ocrx_word' id='word_1_342' title='bbox 1325 1207 1432 1251; x_wconf 88' lang='lat' dir='ltr'><em>Urbe,</em></span> <span class='ocrx_word' id='word_1_343' title='bbox 1462 1207 1576 1241; x_wconf 88' lang='lat' dir='ltr'><em>nedum</em></span> <span class='ocrx_word' id='word_1_344' title='bbox 1605 1206 1732 1247; x_wconf 86' lang='lat' dir='ltr'><em>amicis,</em></span> <span class='ocrx_word' id='word_1_345' title='bbox 1755 1205 1808 1253; x_wconf 89' lang='lat' dir='ltr'><em>qui</em></span> 
     </span>
     <span class='ocr_line' id='line_1_71' title="bbox 1066 1257 1811 1304; baseline -0.001 -13"><span class='ocrx_word' id='word_1_346' title='bbox 1066 1270 1119 1304; x_wconf 87' lang='lat' dir='ltr'><em>pro</em></span> <span class='ocrx_word' id='word_1_347' title='bbox 1142 1258 1186 1292; x_wconf 91' lang='lat' dir='ltr'><em>eis</em></span> <span class='ocrx_word' id='word_1_348' title='bbox 1197 1257 1363 1297; x_wconf 82' lang='lat' dir='ltr'><em>solicitent,</em></span> <span class='ocrx_word' id='word_1_349' title='bbox 1388 1269 1496 1291; x_wconf 81' lang='lat' dir='ltr'><em>verum</em></span> <span class='ocrx_word' id='word_1_350' title='bbox 1514 1257 1606 1291; x_wconf 86' lang='lat' dir='ltr'><em>etiam</em></span> <span class='ocrx_word' id='word_1_351' title='bbox 1624 1257 1704 1290; x_wconf 88' lang='lat' dir='ltr'><em>notis</em></span> <span class='ocrx_word' id='word_1_352' title='bbox 1718 1267 1811 1302; x_wconf 83' lang='lat' dir='ltr'><em>saepe</em></span> 
     </span>
     <span class='ocr_line' id='line_1_72' title="bbox 1064 1305 1811 1353; baseline -0.001 -13"><span class='ocrx_word' id='word_1_353' title='bbox 1064 1315 1190 1341; x_wconf 85' lang='lat' dir='ltr'><em>carent:</em></span> <span class='ocrx_word' id='word_1_354' title='bbox 1214 1314 1244 1340; x_wconf 86' lang='lat' dir='ltr'><em>et</em></span> <span class='ocrx_word' id='word_1_355' title='bbox 1270 1306 1353 1353; x_wconf 88' lang='lat' dir='ltr'><em>quod</em></span> <span class='ocrx_word' id='word_1_356' title='bbox 1378 1306 1523 1340; x_wconf 85' lang='lat' dir='ltr'><em>cadavera</em></span> <span class='ocrx_word' id='word_1_357' title='bbox 1551 1317 1721 1352; x_wconf 87' lang='lat' dir='ltr'><em>pauperum</em></span> <span class='ocrx_word' id='word_1_358' title='bbox 1749 1305 1811 1339; x_wconf 85' lang='lat' dir='ltr'><em>de-</em></span> 
     </span>
     <span class='ocr_line' id='line_1_73' title="bbox 1065 1354 1810 1402; baseline -0.003 -12"><span class='ocrx_word' id='word_1_359' title='bbox 1065 1356 1242 1391; x_wconf 83' lang='lat' dir='ltr'><em>functorum</em></span> <span class='ocrx_word' id='word_1_360' title='bbox 1271 1356 1411 1402; x_wconf 85' lang='lat' dir='ltr'><em>quotidie</em></span> <span class='ocrx_word' id='word_1_361' title='bbox 1439 1367 1493 1402; x_wconf 86' lang='lat' dir='ltr'><em>per</em></span> <span class='ocrx_word' id='word_1_362' title='bbox 1517 1355 1636 1390; x_wconf 70' lang='grc'>11310105</span> <span class='ocrx_word' id='word_1_363' title='bbox 1657 1355 1686 1389; x_wconf 91' lang='lat' dir='ltr'><em>in</em></span> <span class='ocrx_word' id='word_1_364' title='bbox 1703 1354 1810 1401; x_wconf 88' lang='lat' dir='ltr'><em>plateis</em></span> 
     </span>
     <span class='ocr_line' id='line_1_74' title="bbox 1064 1403 1810 1452; baseline -0.003 -12"><span class='ocrx_word' id='word_1_365' title='bbox 1064 1419 1098 1440; x_wconf 87' lang='lat' dir='ltr'><em>ac</em></span> <span class='ocrx_word' id='word_1_366' title='bbox 1125 1406 1201 1440; x_wconf 89' lang='lat' dir='ltr'><em>loeis</em></span> <span class='ocrx_word' id='word_1_367' title='bbox 1216 1405 1350 1452; x_wconf 81' lang='lat' dir='ltr'><em>publicis</em></span> <span class='ocrx_word' id='word_1_368' title='bbox 1372 1405 1514 1440; x_wconf 81' lang='lat' dir='ltr'><em>eiusdem</em></span> <span class='ocrx_word' id='word_1_369' title='bbox 1527 1404 1620 1439; x_wconf 87' lang='lat' dir='ltr'><em>Urbis</em></span> <span class='ocrx_word' id='word_1_370' title='bbox 1643 1404 1758 1451; x_wconf 85' lang='lat' dir='ltr'><em>passim</em></span> <span class='ocrx_word' id='word_1_371' title='bbox 1773 1403 1810 1438; x_wconf 87' lang='lat' dir='ltr'><em>ad</em></span> 
     </span>
     <span class='ocr_line' id='line_1_75' title="bbox 1064 1453 1813 1503; baseline -0.004 -13"><span class='ocrx_word' id='word_1_372' title='bbox 1064 1455 1288 1502; x_wconf 79' lang='lat' dir='ltr'><em>colligendum,</em></span> <span class='ocrx_word' id='word_1_373' title='bbox 1318 1467 1372 1503; x_wconf 91' lang='lat' dir='ltr'><em>pro</em></span> <span class='ocrx_word' id='word_1_374' title='bbox 1395 1466 1502 1489; x_wconf 87' lang='lat' dir='ltr'><em>eornm</em></span> <span class='ocrx_word' id='word_1_375' title='bbox 1527 1463 1649 1489; x_wconf 87' lang='lat' dir='ltr'><em>vectura</em></span> <span class='ocrx_word' id='word_1_376' title='bbox 1664 1462 1694 1488; x_wconf 89' lang='lat' dir='ltr'><em>et</em></span> <span class='ocrx_word' id='word_1_377' title='bbox 1707 1453 1813 1500; x_wconf 88' lang='lat' dir='ltr'><em>sepul-</em></span> 
     </span>
     <span class='ocr_line' id='line_1_76' title="bbox 1065 1504 1813 1552; baseline -0.003 -13"><span class='ocrx_word' id='word_1_378' title='bbox 1065 1514 1132 1540; x_wconf 86' lang='lat' dir='ltr'><em>tura</em></span> <span class='ocrx_word' id='word_1_379' title='bbox 1144 1505 1357 1552; x_wconf 78' lang='lat' dir='ltr'><em>eleemosynas</em></span> <span class='ocrx_word' id='word_1_380' title='bbox 1374 1504 1582 1551; x_wconf 78' lang='lat' dir='ltr'><em>ponebantur,</em></span> <span class='ocrx_word' id='word_1_381' title='bbox 1596 1504 1703 1539; x_wconf 81' lang='lat' dir='ltr'><em>etsine</em></span> <span class='ocrx_word' id='word_1_382' title='bbox 1720 1515 1813 1538; x_wconf 89' lang='lat' dir='ltr'><em>cruce</em></span> 
     </span>
     <span class='ocr_line' id='line_1_77' title="bbox 1065 1553 1812 1600; baseline -0.001 -12"><span class='ocrx_word' id='word_1_383' title='bbox 1065 1568 1099 1589; x_wconf 77' lang='lat' dir='ltr'><em>ac</em></span> <span class='ocrx_word' id='word_1_384' title='bbox 1121 1555 1188 1589; x_wconf 83' lang='lat' dir='ltr'><em>siue</em></span> <span class='ocrx_word' id='word_1_385' title='bbox 1219 1555 1337 1589; x_wconf 89' lang='lat' dir='ltr'><em>lumine</em></span> <span class='ocrx_word' id='word_1_386' title='bbox 1364 1562 1395 1588; x_wconf 81' lang='lat' dir='ltr'><em>et</em></span> <span class='ocrx_word' id='word_1_387' title='bbox 1423 1566 1493 1588; x_wconf 89' lang='grc'>011111</span> <span class='ocrx_word' id='word_1_388' title='bbox 1523 1566 1635 1600; x_wconf 78' lang='lat' dir='ltr'><em>magno</em></span> <span class='ocrx_word' id='word_1_389' title='bbox 1660 1553 1812 1587; x_wconf 84' lang='lat' dir='ltr'><em>dedecore</em></span> 
     </span>
     <span class='ocr_line' id='line_1_78' title="bbox 1065 1603 1811 1648; baseline -0.004 -9"><span class='ocrx_word' id='word_1_390' title='bbox 1065 1613 1095 1639; x_wconf 89' lang='lat' dir='ltr'><em>et</em></span> <span class='ocrx_word' id='word_1_391' title='bbox 1122 1604 1375 1639; x_wconf 84' lang='lat' dir='ltr'><em>christifidelium</em></span> <span class='ocrx_word' id='word_1_392' title='bbox 1405 1603 1532 1637; x_wconf 86' lang='lat' dir='ltr'><em>horrore</em></span> <span class='ocrx_word' id='word_1_393' title='bbox 1558 1604 1594 1638; x_wconf 88' lang='lat' dir='ltr'><em>ad</em></span> <span class='ocrx_word' id='word_1_394' title='bbox 1618 1603 1811 1648; x_wconf 85' lang='lat' dir='ltr'><em>sepulturam</em></span> 
     </span>
     <span class='ocr_line' id='line_1_79' title="bbox 1065 1652 1812 1700; baseline -0.004 -12"><span class='ocrx_word' id='word_1_395' title='bbox 1065 1654 1269 1689; x_wconf 70' lang='lat' dir='ltr'><em>vellebantur:</em></span> <span class='ocrx_word' id='word_1_396' title='bbox 1298 1654 1492 1700; x_wconf 87' lang='lat' dir='ltr'><em>cupiensque</em></span> <span class='ocrx_word' id='word_1_397' title='bbox 1507 1653 1685 1700; x_wconf 87' lang='lat' dir='ltr'><em>praemissis</em></span> <span class='ocrx_word' id='word_1_398' title='bbox 1700 1661 1727 1686; x_wconf 90' lang='lat' dir='ltr'><em>et</em></span> <span class='ocrx_word' id='word_1_399' title='bbox 1744 1652 1812 1686; x_wconf 87' lang='lat' dir='ltr'><em>aliis</em></span> 
     </span>
     <span class='ocr_line' id='line_1_80' title="bbox 1067 1701 1810 1751; baseline -0.003 -13"><span class='ocrx_word' id='word_1_400' title='bbox 1067 1703 1258 1751; x_wconf 75' lang='lat' dir='ltr'><em>reipublicae</em></span> <span class='ocrx_word' id='word_1_401' title='bbox 1271 1704 1470 1743; x_wconf 80' lang='lat' dir='ltr'><em>christianae,</em></span> <span class='ocrx_word' id='word_1_402' title='bbox 1485 1703 1664 1749; x_wconf 86' lang='lat' dir='ltr'><em>praesertim</em></span> <span class='ocrx_word' id='word_1_403' title='bbox 1683 1702 1711 1736; x_wconf 89' lang='lat' dir='ltr'><em>iu</em></span> <span class='ocrx_word' id='word_1_404' title='bbox 1729 1701 1810 1736; x_wconf 85' lang='lat' dir='ltr'><em>dicta</em></span> 
     </span>
     <span class='ocr_line' id='line_1_81' title="bbox 1066 1751 1812 1798; baseline -0.001 -11"><span class='ocrx_word' id='word_1_405' title='bbox 1066 1754 1173 1797; x_wconf 84' lang='lat' dir='ltr'><em>Curia,</em></span> <span class='ocrx_word' id='word_1_406' title='bbox 1187 1753 1426 1789; x_wconf 80' lang='lat' dir='ltr'><em>necessitatibus</em></span> <span class='ocrx_word' id='word_1_407' title='bbox 1452 1762 1483 1787; x_wconf 85' lang='grc'><em>01</em></span> <span class='ocrx_word' id='word_1_408' title='bbox 1506 1753 1642 1787; x_wconf 76' lang='lat' dir='ltr'><em>cai-itatis</em></span> <span class='ocrx_word' id='word_1_409' title='bbox 1665 1751 1812 1798; x_wconf 63' lang='lat' dir='ltr'><em>operibus</em></span> 
     </span>
     <span class='ocr_line' id='line_1_82' title="bbox 1068 1802 1814 1850; baseline -0.001 -13"><span class='ocrx_word' id='word_1_410' title='bbox 1068 1804 1242 1850; x_wconf 76' lang='lat' dir='ltr'><em>providere,</em></span> <span class='ocrx_word' id='word_1_411' title='bbox 1258 1803 1380 1850; x_wconf 86' lang='lat' dir='ltr'><em>etqnod</em></span> <span class='ocrx_word' id='word_1_412' title='bbox 1401 1802 1727 1849; x_wconf 69' lang='lat' dir='ltr'><em>provisiohuiusmodi</em></span> <span class='ocrx_word' id='word_1_413' title='bbox 1747 1814 1814 1848; x_wconf 83' lang='lat' dir='ltr'><em>per-</em></span> 
     </span>
     <span class='ocr_line' id='line_1_83' title="bbox 1068 1851 1814 1899; baseline 0 -14"><span class='ocrx_word' id='word_1_414' title='bbox 1068 1861 1162 1899; x_wconf 76' lang='lat' dir='ltr'><em>petuo</em></span> <span class='ocrx_word' id='word_1_415' title='bbox 1177 1854 1301 1887; x_wconf 86' lang='lat' dir='ltr'><em>duraret</em></span> <span class='ocrx_word' id='word_1_416' title='bbox 1315 1862 1408 1899; x_wconf 89' lang='lat' dir='ltr'><em>atque</em></span> <span class='ocrx_word' id='word_1_417' title='bbox 1433 1853 1559 1898; x_wconf 72' lang='lat' dir='ltr'><em>rigeret,</em></span> <span class='ocrx_word' id='word_1_418' title='bbox 1583 1851 1752 1886; x_wconf 89' lang='lat' dir='ltr'><em>nonnullos</em></span> <span class='ocrx_word' id='word_1_419' title='bbox 1766 1864 1814 1886; x_wconf 76' lang='lat' dir='ltr'><em>cu·</em></span> 
     </span>
     <span class='ocr_line' id='line_1_84' title="bbox 1068 1902 1813 1947; baseline -0.003 -11"><span class='ocrx_word' id='word_1_420' title='bbox 1068 1902 1159 1936; x_wconf 82' lang='lat' dir='ltr'><em>iiales</em></span> <span class='ocrx_word' id='word_1_421' title='bbox 1181 1915 1216 1937; x_wconf 85' lang='lat' dir='ltr'><em>ac</em></span> <span class='ocrx_word' id='word_1_422' title='bbox 1237 1903 1338 1936; x_wconf 88' lang='lat' dir='ltr'><em>dictae</em></span> <span class='ocrx_word' id='word_1_423' title='bbox 1367 1902 1480 1936; x_wconf 84' lang='lat' dir='ltr'><em>Curiae</em></span> <span class='ocrx_word' id='word_1_424' title='bbox 1495 1902 1655 1941; x_wconf 66' lang='lat' dir='ltr'><em>ellit-iales,</em></span> <span class='ocrx_word' id='word_1_425' title='bbox 1681 1913 1813 1947; x_wconf 87' lang='lat' dir='ltr'><em>quorum</em></span> 
     </span>
     <span class='ocr_line' id='line_1_85' title="bbox 1067 1950 1814 1999; baseline -0.001 -15"><span class='ocrx_word' id='word_1_426' title='bbox 1067 1952 1162 1999; x_wconf 84' lang='lat' dir='ltr'><em>aliqui</em></span> <span class='ocrx_word' id='word_1_427' title='bbox 1185 1953 1265 1986; x_wconf 82' lang='lat' dir='ltr'><em>cirea</em></span> <span class='ocrx_word' id='word_1_428' title='bbox 1294 1952 1472 1986; x_wconf 83' lang='lat' dir='ltr'><em>mendicare</em></span> <span class='ocrx_word' id='word_1_429' title='bbox 1500 1951 1736 1993; x_wconf 76' lang='lat' dir='ltr'><em>crubescenti-s,</em></span> <span class='ocrx_word' id='word_1_430' title='bbox 1764 1950 1814 1984; x_wconf 90' lang='lat' dir='ltr'><em>alii</em></span> 
     </span>
     <span class='ocr_line' id='line_1_86' title="bbox 1069 2000 1814 2046; baseline -0.001 -12"><span class='ocrx_word' id='word_1_431' title='bbox 1069 2014 1138 2035; x_wconf 64' lang='lat' dir='ltr'><em>vero</em></span> <span class='ocrx_word' id='word_1_432' title='bbox 1157 2002 1236 2036; x_wconf 81' lang='lat' dir='ltr'><em>circa</em></span> <span class='ocrx_word' id='word_1_433' title='bbox 1261 2002 1470 2036; x_wconf 74' lang='lat' dir='ltr'><em>incarceratos</em></span> <span class='ocrx_word' id='word_1_434' title='bbox 1485 2000 1664 2034; x_wconf 87' lang='lat' dir='ltr'><em>huiusmodi</em></span> <span class='ocrx_word' id='word_1_435' title='bbox 1686 2012 1814 2046; x_wconf 87' lang='lat' dir='ltr'><em>operam</em></span> 
     </span>
     <span class='ocr_line' id='line_1_87' title="bbox 1067 2049 1815 2098; baseline -0.003 -14"><span class='ocrx_word' id='word_1_436' title='bbox 1067 2051 1260 2098; x_wconf 86' lang='lat' dir='ltr'><em>aliquamdiu</em></span> <span class='ocrx_word' id='word_1_437' title='bbox 1287 2052 1502 2098; x_wconf 81' lang='lat' dir='ltr'><em>praestiterant</em></span> <span class='ocrx_word' id='word_1_438' title='bbox 1531 2059 1560 2084; x_wconf 96' lang='grc'><em>01</em></span> <span class='ocrx_word' id='word_1_439' title='bbox 1585 2060 1740 2097; x_wconf 43' lang='lat' dir='ltr'><em>praestare</em></span> <span class='ocrx_word' id='word_1_440' title='bbox 1763 2049 1815 2083; x_wconf 90' lang='lat' dir='ltr'><em>de-</em></span> 
     </span>
     <span class='ocr_line' id='line_1_88' title="bbox 1067 2098 1813 2144; baseline -0.003 -9"><span class='ocrx_word' id='word_1_441' title='bbox 1067 2101 1262 2142; x_wconf 84' lang='lat' dir='ltr'><em>siderabant,</em></span> <span class='ocrx_word' id='word_1_442' title='bbox 1291 2101 1327 2135; x_wconf 81' lang='lat' dir='ltr'><em>ad</em></span> <span class='ocrx_word' id='word_1_443' title='bbox 1351 2113 1383 2134; x_wconf 87' lang='lat' dir='ltr'><em>se</em></span> <span class='ocrx_word' id='word_1_444' title='bbox 1411 2100 1482 2134; x_wconf 83' lang='lat' dir='ltr'><em>feeit</em></span> <span class='ocrx_word' id='word_1_445' title='bbox 1506 2100 1663 2144; x_wconf 77' lang='lat' dir='ltr'><em>vocari,et</em></span> <span class='ocrx_word' id='word_1_446' title='bbox 1679 2098 1813 2133; x_wconf 78' lang='lat' dir='ltr'><em>ellerens</em></span> 
     </span>
     <span class='ocr_line' id='line_1_89' title="bbox 1068 2153 1814 2202; baseline -0.003 -13"><span class='ocrx_word' id='word_1_447' title='bbox 1068 2156 1112 2190; x_wconf 88' lang='lat' dir='ltr'><em>eis</em></span> <span class='ocrx_word' id='word_1_448' title='bbox 1134 2168 1172 2190; x_wconf 81' lang='lat' dir='ltr'><em>ex</em></span> <span class='ocrx_word' id='word_1_449' title='bbox 1195 2163 1280 2194; x_wconf 82' lang='lat' dir='ltr'><em>tune,</em></span> <span class='ocrx_word' id='word_1_450' title='bbox 1301 2167 1356 2202; x_wconf 91' lang='lat' dir='ltr'><em>pro</em></span> <span class='ocrx_word' id='word_1_451' title='bbox 1370 2154 1519 2201; x_wconf 86' lang='lat' dir='ltr'><em>operibus</em></span> <span class='ocrx_word' id='word_1_452' title='bbox 1535 2153 1717 2188; x_wconf 88' lang='lat' dir='ltr'><em>huiusmodi</em></span> <span class='ocrx_word' id='word_1_453' title='bbox 1734 2165 1814 2187; x_wconf 92' lang='lat' dir='ltr'><em>sum-</em></span> 
     </span>
     <span class='ocr_line' id='line_1_90' title="bbox 1068 2208 1816 2244; baseline -0.004 0"><span class='ocrx_word' id='word_1_454' title='bbox 1068 2222 1149 2244; x_wconf 88' lang='lat' dir='ltr'><em>mam</em></span> <span class='ocrx_word' id='word_1_455' title='bbox 1172 2209 1306 2244; x_wconf 89' lang='lat' dir='ltr'><em>duorum</em></span> <span class='ocrx_word' id='word_1_456' title='bbox 1332 2209 1462 2242; x_wconf 88' lang='lat' dir='ltr'><em>millium</em></span> <span class='ocrx_word' id='word_1_457' title='bbox 1492 2209 1674 2243; x_wconf 85' lang='lat' dir='ltr'><em>ducatorum</em></span> <span class='ocrx_word' id='word_1_458' title='bbox 1697 2208 1764 2242; x_wconf 90' lang='lat' dir='ltr'><em>auri</em></span> <span class='ocrx_word' id='word_1_459' title='bbox 1786 2215 1816 2242; x_wconf 89' lang='lat' dir='ltr'><em>et</em></span> 
     </span>
     <span class='ocr_line' id='line_1_91' title="bbox 1068 2262 1815 2310; baseline -0.005 -11"><span class='ocrx_word' id='word_1_460' title='bbox 1068 2277 1160 2299; x_wconf 89' lang='lat' dir='ltr'><em>omne</em></span> <span class='ocrx_word' id='word_1_461' title='bbox 1187 2264 1351 2304; x_wconf 87' lang='lat' dir='ltr'><em>auxilium,</em></span> <span class='ocrx_word' id='word_1_462' title='bbox 1379 2275 1504 2310; x_wconf 88' lang='lat' dir='ltr'><em>operam</em></span> <span class='ocrx_word' id='word_1_463' title='bbox 1528 2270 1557 2297; x_wconf 87' lang='grc'><em>01</em></span> <span class='ocrx_word' id='word_1_464' title='bbox 1585 2262 1738 2305; x_wconf 77' lang='lat' dir='ltr'><em>favorem,</em></span> <span class='ocrx_word' id='word_1_465' title='bbox 1761 2274 1815 2296; x_wconf 84' lang='lat' dir='ltr'><em>eos</em></span> 
     </span>
     <span class='ocr_line' id='line_1_92' title="bbox 1069 2316 1816 2358; baseline -0.005 -5"><span class='ocrx_word' id='word_1_466' title='bbox 1069 2319 1207 2353; x_wconf 78' lang='lat' dir='ltr'><em>hortatus</em></span> <span class='ocrx_word' id='word_1_467' title='bbox 1230 2327 1274 2353; x_wconf 88' lang='lat' dir='ltr'><em>est</em></span> <span class='ocrx_word' id='word_1_468' title='bbox 1309 2326 1358 2358; x_wconf 90' lang='grc'>111,</span> <span class='ocrx_word' id='word_1_469' title='bbox 1388 2319 1466 2351; x_wconf 92' lang='lat' dir='ltr'><em>inter</em></span> <span class='ocrx_word' id='word_1_470' title='bbox 1500 2330 1533 2351; x_wconf 91' lang='lat' dir='ltr'><em>se</em></span> <span class='ocrx_word' id='word_1_471' title='bbox 1559 2325 1589 2351; x_wconf 85' lang='lat' dir='ltr'><em>et</em></span> <span class='ocrx_word' id='word_1_472' title='bbox 1617 2317 1692 2351; x_wconf 88' lang='lat' dir='ltr'><em>alios</em></span> <span class='ocrx_word' id='word_1_473' title='bbox 1721 2316 1816 2350; x_wconf 86' lang='lat' dir='ltr'><em>dictis</em></span> 
     </span>
     <span class='ocr_line' id='line_1_93' title="bbox 1067 2371 1813 2419; baseline -0.001 -13"><span class='ocrx_word' id='word_1_474' title='bbox 1067 2374 1215 2419; x_wconf 83' lang='lat' dir='ltr'><em>operibus</em></span> <span class='ocrx_word' id='word_1_475' title='bbox 1228 2374 1371 2407; x_wconf 47' lang='lat' dir='ltr'><em>assistere</em></span> <span class='ocrx_word' id='word_1_476' title='bbox 1391 2371 1540 2409; x_wconf 76' lang='lat' dir='ltr'><em>volentes,</em></span> <span class='ocrx_word' id='word_1_477' title='bbox 1557 2373 1737 2406; x_wconf 79' lang='lat' dir='ltr'><em>societatem</em></span> <span class='ocrx_word' id='word_1_478' title='bbox 1754 2371 1813 2406; x_wconf 89' lang='lat' dir='ltr'><em>snb</em></span> 
     </span>
     <span class='ocr_line' id='line_1_94' title="bbox 1069 2426 1814 2465; baseline -0.003 -4"><span class='ocrx_word' id='word_1_479' title='bbox 1069 2428 1157 2462; x_wconf 86' lang='lat' dir='ltr'><em>titulo</em></span> <span class='ocrx_word' id='word_1_480' title='bbox 1189 2427 1406 2462; x_wconf 74' lang='lat' dir='ltr'><em>Sanctissimae</em></span> <span class='ocrx_word' id='word_1_481' title='bbox 1436 2426 1581 2460; x_wconf 75' lang='lat' dir='ltr'><em>Caritatis</em></span> <span class='ocrx_word' id='word_1_482' title='bbox 1616 2426 1751 2465; x_wconf 74' lang='lat' dir='ltr'><em>inirent,</em></span> <span class='ocrx_word' id='word_1_483' title='bbox 1779 2437 1814 2459; x_wconf 86' lang='lat' dir='ltr'><em>ac</em></span> 
     </span>
     <span class='ocr_line' id='line_1_95' title="bbox 1068 2477 1814 2527; baseline -0.003 -12"><span class='ocrx_word' id='word_1_484' title='bbox 1068 2482 1159 2515; x_wconf 85' lang='lat' dir='ltr'><em>dietis</em></span> <span class='ocrx_word' id='word_1_485' title='bbox 1187 2489 1217 2515; x_wconf 87' lang='lat' dir='ltr'><em>et</em></span> <span class='ocrx_word' id='word_1_486' title='bbox 1244 2481 1335 2523; x_wconf 84' lang='lat' dir='ltr'><em>aliis,</em></span> <span class='ocrx_word' id='word_1_487' title='bbox 1368 2493 1423 2527; x_wconf 82' lang='lat' dir='ltr'><em>per</em></span> <span class='ocrx_word' id='word_1_488' title='bbox 1449 2481 1524 2514; x_wconf 84' lang='lat' dir='ltr'><em>alias</em></span> <span class='ocrx_word' id='word_1_489' title='bbox 1551 2480 1689 2514; x_wconf 83' lang='lat' dir='ltr'><em>eiusdem</em></span> <span class='ocrx_word' id='word_1_490' title='bbox 1719 2477 1814 2514; x_wconf 90' lang='lat' dir='ltr'><em>Urbis</em></span> 
     </span>
     <span class='ocr_line' id='line_1_96' title="bbox 1067 2533 1813 2582; baseline -0.001 -13"><span class='ocrx_word' id='word_1_491' title='bbox 1067 2536 1250 2574; x_wconf 76' lang='lat' dir='ltr'><em>societates,</em></span> <span class='ocrx_word' id='word_1_492' title='bbox 1278 2535 1448 2582; x_wconf 83' lang='lat' dir='ltr'><em>assumptis</em></span> <span class='ocrx_word' id='word_1_493' title='bbox 1474 2535 1609 2570; x_wconf 83' lang='lat' dir='ltr'><em>caritatis</em></span> <span class='ocrx_word' id='word_1_494' title='bbox 1640 2533 1813 2581; x_wconf 83' lang='lat' dir='ltr'><em>operibus,</em></span> 
     </span>
     <span class='ocr_line' id='line_1_97' title="bbox 1069 2590 1275 2624; baseline 0.005 -1"><span class='ocrx_word' id='word_1_495' title='bbox 1069 2590 1275 2624; x_wconf 85' lang='lat' dir='ltr'><em>intenderent.</em></span> 
     </span>
    </p>

    <p class='ocr_par' dir='ltr' id='par_1_28' title="bbox 1069 2641 1813 2745">
     <span class='ocr_line' id='line_1_98' title="bbox 1115 2641 1813 2691; baseline -0.001 -13"><span class='ocrx_word' id='word_1_496' title='bbox 1115 2645 1134 2691; x_wconf 63' lang='lat' dir='ltr'>g</span> <span class='ocrx_word' id='word_1_497' title='bbox 1156 2646 1189 2678; x_wconf 78' lang='lat'><em>2.</em></span> <span class='ocrx_word' id='word_1_498' title='bbox 1211 2644 1283 2685; x_wconf 81' lang='lat' dir='ltr'><em>Quo</em></span> <span class='ocrx_word' id='word_1_499' title='bbox 1309 2643 1436 2691; x_wconf 87' lang='lat' dir='ltr'><em>quidem</em></span> <span class='ocrx_word' id='word_1_500' title='bbox 1460 2650 1597 2682; x_wconf 68' lang='lat' dir='ltr'><em>auctore,</em></span> <span class='ocrx_word' id='word_1_501' title='bbox 1621 2641 1692 2677; x_wconf 90' lang='lat' dir='ltr'><em>dicti</em></span> <span class='ocrx_word' id='word_1_502' title='bbox 1715 2642 1813 2677; x_wconf 67' lang='lat' dir='ltr'><em>curia⁶</em></span> 
     </span>
     <span class='ocr_line' id='line_1_99' title="bbox 1069 2696 1811 2745; baseline 0.001 -14"><span class='ocrx_word' id='word_1_503' title='bbox 1069 2697 1111 2732; x_wconf 81' lang='lat' dir='ltr'><em>les</em></span> <span class='ocrx_word' id='word_1_504' title='bbox 1126 2706 1155 2733; x_wconf 87' lang='grc'><em>01</em></span> <span class='ocrx_word' id='word_1_505' title='bbox 1177 2698 1324 2733; x_wconf 80' lang='lat' dir='ltr'><em>officiales</em></span> <span class='ocrx_word' id='word_1_506' title='bbox 1339 2698 1460 2732; x_wconf 83' lang='lat' dir='ltr'><em>intenso</em></span> <span class='ocrx_word' id='word_1_507' title='bbox 1474 2697 1588 2743; x_wconf 64' lang='lat' dir='ltr'><em>gaudio</em></span> <span class='ocrx_word' id='word_1_508' title='bbox 1605 2696 1733 2745; x_wconf 79' lang='lat' dir='ltr'><em>perfusi,</em></span> <span class='ocrx_word' id='word_1_509' title='bbox 1752 2697 1811 2732; x_wconf 85' lang='lat' dir='ltr'><em>iam</em></span> 
     </span>
    </p>
   </div>
   <div class='ocr_carea' id='block_1_25' title="bbox 1817 298 1998 333">
    <p class='ocr_par' dir='ltr' id='par_1_29' title="bbox 1817 298 1998 333">
     <span class='ocr_line' id='line_1_100' title="bbox 1817 298 1998 333; baseline -0.006 0"><span class='ocrx_word' id='word_1_510' title='bbox 1817 303 1868 333; x_wconf 75' lang='lat' dir='ltr'><em>Au.</em></span> <span class='ocrx_word' id='word_1_511' title='bbox 1881 299 1910 332; x_wconf 86' lang='grc'><em>0.</em></span> <span class='ocrx_word' id='word_1_512' title='bbox 1931 298 1998 332; x_wconf 70' lang='lat'><strong>¹520</strong></span> 
     </span>
    </p>
   </div>
   <div class='ocr_carea' id='block_1_26' title="bbox 1822 767 2008 981">
    <p class='ocr_par' dir='ltr' id='par_1_30' title="bbox 1822 767 2008 981">
     <span class='ocr_line' id='line_1_101' title="bbox 1834 767 2006 790; baseline 0 -2"><span class='ocrx_word' id='word_1_513' title='bbox 1834 767 1897 789; x_wconf 78' lang='lat' dir='ltr'><em>tutius</em></span> <span class='ocrx_word' id='word_1_514' title='bbox 1909 768 2006 790; x_wconf 72' lang='lat' dir='ltr'><em>cardina-</em></span> 
     </span>
     <span class='ocr_line' id='line_1_102' title="bbox 1823 798 2004 819; baseline -0.011 0"><span class='ocrx_word' id='word_1_515' title='bbox 1823 799 1847 819; x_wconf 78' lang='lat' dir='ltr'><em>lis</em></span> <span class='ocrx_word' id='word_1_516' title='bbox 1871 798 1961 818; x_wconf 76' lang='lat' dir='ltr'><em>instituit</em></span> <span class='ocrx_word' id='word_1_517' title='bbox 1984 798 2004 818; x_wconf 86' lang='lat' dir='ltr'><em>ln</em></span> 
     </span>
     <span class='ocr_line' id='line_1_103' title="bbox 1823 828 2007 851; baseline -0.016 0"><span class='ocrx_word' id='word_1_518' title='bbox 1823 829 1877 851; x_wconf 85' lang='lat' dir='ltr'><em>Urbe</em></span> <span class='ocrx_word' id='word_1_519' title='bbox 1892 828 2007 849; x_wconf 74' lang='lat' dir='ltr'><em>confrater-</em></span> 
     </span>
     <span class='ocr_line' id='line_1_104' title="bbox 1822 858 2005 882; baseline -0.016 0"><span class='ocrx_word' id='word_1_520' title='bbox 1822 863 1909 882; x_wconf 72' lang='lat' dir='ltr'><em>nitatem</em></span> <span class='ocrx_word' id='word_1_521' title='bbox 1945 858 2005 880; x_wconf 59' lang='lat' dir='ltr'><em>Cari-</em></span> 
     </span>
     <span class='ocr_line' id='line_1_105' title="bbox 1822 892 2006 918; baseline -0.011 -5"><span class='ocrx_word' id='word_1_522' title='bbox 1822 894 1879 917; x_wconf 72' lang='lat' dir='ltr'><em>tatis,</em></span> <span class='ocrx_word' id='word_1_523' title='bbox 1895 892 1919 912; x_wconf 77' lang='lat' dir='ltr'><em>ad</em></span> <span class='ocrx_word' id='word_1_524' title='bbox 1934 892 1967 918; x_wconf 77' lang='lat' dir='ltr'><em>pia</em></span> <span class='ocrx_word' id='word_1_525' title='bbox 1982 897 2006 911; x_wconf 87' lang='lat' dir='ltr'><em>o-</em></span> 
     </span>
     <span class='ocr_line' id='line_1_106' title="bbox 1823 922 2007 950; baseline -0.016 -6"><span class='ocrx_word' id='word_1_526' title='bbox 1823 929 1873 950; x_wconf 80' lang='lat' dir='ltr'><em>pera</em></span> <span class='ocrx_word' id='word_1_527' title='bbox 1888 922 2007 943; x_wconf 76' lang='lat' dir='ltr'><em>exercenda</em></span> 
     </span>
     <span class='ocr_line' id='line_1_107' title="bbox 1822 954 2008 981; baseline -0.011 -6"><span class='ocrx_word' id='word_1_528' title='bbox 1822 955 1855 980; x_wconf 83' lang='lat' dir='ltr'><em>(de</em></span> <span class='ocrx_word' id='word_1_529' title='bbox 1865 954 2008 981; x_wconf 75' lang='lat' dir='ltr'><em>quibueinru-</em></span> 
     </span>
    </p>
   </div>
   <div class='ocr_carea' id='block_1_27' title="bbox 1836 988 1895 1013">
    <p class='ocr_par' dir='ltr' id='par_1_31' title="bbox 1836 988 1895 1013">
     <span class='ocr_line' id='line_1_108' title="bbox 1836 988 1895 1013; baseline -0.034 -5"><span class='ocrx_word' id='word_1_530' title='bbox 1836 988 1895 1013; x_wconf 74' lang='lat' dir='ltr'><em>mea).</em></span> 
     </span>
    </p>
   </div>
  </div>
 </body>
</html>
