<?xml version="1.0" encoding="UTF-8"?>
<!DOCTYPE html PUBLIC "-//W3C//DTD XHTML 1.0 Transitional//EN"
    "http://www.w3.org/TR/xhtml1/DTD/xhtml1-transitional.dtd">
<html xmlns="http://www.w3.org/1999/xhtml" xml:lang="en" lang="en">
 <head>
  <title>
</title>
<meta http-equiv="Content-Type" content="text/html;charset=utf-8" />
  <meta name='ocr-system' content='tesseract 3.04.00' />
  <meta name='ocr-capabilities' content='ocr_page ocr_carea ocr_par ocr_line ocrx_word'/>
</head>
<body>
  <div class='ocr_page' id='page_1' title='image "./bullarumdiplomat05cath_0467.png"; bbox 0 0 2281 3251; ppageno 0'>
   <div class='ocr_carea' id='block_1_1' title="bbox 0 0 27 2250">
    <p class='ocr_par' dir='ltr' id='par_1_1' title="bbox 0 0 27 2250">
     <span class='ocr_line' id='line_1_1' title="bbox 0 0 27 2250; baseline 0 0"><span class='ocrx_word' id='word_1_1' title='bbox 0 0 27 2250; x_wconf 95' lang='lat' dir='ltr'> </span> 
     </span>
    </p>
   </div>
   <div class='ocr_carea' id='block_1_2' title="bbox 113 254 291 283">
    <p class='ocr_par' dir='ltr' id='par_1_2' title="bbox 113 254 291 283">
     <span class='ocr_line' id='line_1_2' title="bbox 113 254 291 283; baseline 0.017 -3"><span class='ocrx_word' id='word_1_2' title='bbox 113 254 160 281; x_wconf 73' lang='lat' dir='ltr'>An.</span> <span class='ocrx_word' id='word_1_3' title='bbox 181 256 208 281; x_wconf 89' lang='lat' dir='ltr'>C.</span> <span class='ocrx_word' id='word_1_4' title='bbox 227 256 291 283; x_wconf 60' lang='lat'>¹:507</span> 
     </span>
    </p>
   </div>
   <div class='ocr_carea' id='block_1_3' title="bbox 98 1102 282 1219">
    <p class='ocr_par' dir='ltr' id='par_1_3' title="bbox 98 1102 282 1219">
     <span class='ocr_line' id='line_1_3' title="bbox 116 1102 282 1124; baseline 0.006 -1"><span class='ocrx_word' id='word_1_5' title='bbox 116 1102 206 1123; x_wconf 63' lang='lat' dir='ltr'>praelati</span> <span class='ocrx_word' id='word_1_6' title='bbox 229 1110 282 1124; x_wconf 72' lang='lat' dir='ltr'>con-</span> 
     </span>
     <span class='ocr_line' id='line_1_4' title="bbox 99 1135 282 1159; baseline 0.011 -6"><span class='ocrx_word' id='word_1_7' title='bbox 99 1135 226 1159; x_wconf 67' lang='lat' dir='ltr'>gregationis</span> <span class='ocrx_word' id='word_1_8' title='bbox 246 1140 282 1155; x_wconf 75' lang='lat' dir='ltr'>re-</span> 
     </span>
     <span class='ocr_line' id='line_1_5' title="bbox 98 1169 280 1186; baseline 0.011 -2"><span class='ocrx_word' id='word_1_9' title='bbox 98 1171 143 1185; x_wconf 45' lang='lat' dir='ltr'>voc,</span> <span class='ocrx_word' id='word_1_10' title='bbox 161 1169 219 1185; x_wconf 69' lang='lat' dir='ltr'>extra</span> <span class='ocrx_word' id='word_1_11' title='bbox 235 1172 280 1186; x_wconf 74' lang='lat' dir='ltr'>earn</span> 
     </span>
     <span class='ocr_line' id='line_1_6' title="bbox 99 1196 226 1219; baseline 0.008 -4"><span class='ocrx_word' id='word_1_12' title='bbox 99 1196 226 1219; x_wconf 40' lang='lat' dir='ltr'>dlv-anantes,</span> 
     </span>
    </p>
   </div>
   <div class='ocr_carea' id='block_1_4' title="bbox 92 2255 275 2376">
    <p class='ocr_par' dir='ltr' id='par_1_4' title="bbox 92 2255 275 2376">
     <span class='ocr_line' id='line_1_7' title="bbox 106 2255 275 2283; baseline 0.012 -7"><span class='ocrx_word' id='word_1_13' title='bbox 106 2255 188 2283; x_wconf 76' lang='lat' dir='ltr'>Excmp.</span> <span class='ocrx_word' id='word_1_14' title='bbox 204 2257 227 2277; x_wconf 74' lang='lat' dir='ltr'>ab</span> <span class='ocrx_word' id='word_1_15' title='bbox 238 2263 275 2277; x_wconf 86' lang='lat' dir='ltr'>or-</span> 
     </span>
     <span class='ocr_line' id='line_1_8' title="bbox 93 2289 275 2314; baseline 0.005 -7"><span class='ocrx_word' id='word_1_16' title='bbox 93 2289 158 2307; x_wconf 74' lang='lat' dir='ltr'>dinar.</span> <span class='ocrx_word' id='word_1_17' title='bbox 178 2291 199 2307; x_wconf 83' lang='lat' dir='ltr'>et</span> <span class='ocrx_word' id='word_1_18' title='bbox 222 2294 275 2314; x_wconf 72' lang='lat' dir='ltr'>qua·</span> 
     </span>
     <span class='ocr_line' id='line_1_9' title="bbox 94 2319 275 2340; baseline 0.028 -5"><span class='ocrx_word' id='word_1_19' title='bbox 94 2324 181 2340; x_wconf 67' lang='lat' dir='ltr'>rumque</span> <span class='ocrx_word' id='word_1_20' title='bbox 193 2319 275 2340; x_wconf 69' lang='lat' dir='ltr'>aliaiu—</span> 
     </span>
     <span class='ocr_line' id='line_1_10' title="bbox 92 2349 273 2376; baseline 0.011 -8"><span class='ocrx_word' id='word_1_21' title='bbox 92 2349 214 2370; x_wconf 71' lang='lat' dir='ltr'>ris·t1‹=tione</span> <span class='ocrx_word' id='word_1_22' title='bbox 237 2350 273 2376; x_wconf 81' lang='lat'>(1).</span> 
     </span>
    </p>
   </div>
   <div class='ocr_carea' id='block_1_5' title="bbox 956 260 1174 283">
    <p class='ocr_par' dir='ltr' id='par_1_5' title="bbox 956 260 1174 283">
     <span class='ocr_line' id='line_1_11' title="bbox 956 260 1174 283; baseline -0.005 -1"><span class='ocrx_word' id='word_1_23' title='bbox 956 260 1059 283; x_wconf 65' lang='lat' dir='ltr'>lleUS</span> <span class='ocrx_word' id='word_1_24' title='bbox 1083 261 1103 283; x_wconf 82' lang='lat' dir='ltr'>tl</span> <span class='ocrx_word' id='word_1_25' title='bbox 1130 261 1174 282; x_wconf 63' lang='lat'>1³1³.</span> 
     </span>
    </p>
   </div>
   <div class='ocr_carea' id='block_1_6' title="bbox 287 310 1052 2599">
    <p class='ocr_par' dir='ltr' id='par_1_6' title="bbox 295 310 1052 1056">
     <span class='ocr_line' id='line_1_12' title="bbox 306 310 1052 363; baseline 0.005 -17"><span class='ocrx_word' id='word_1_26' title='bbox 306 310 485 346; x_wconf 86' lang='lat' dir='ltr'>auctoritate</span> <span class='ocrx_word' id='word_1_27' title='bbox 501 310 658 346; x_wconf 88' lang='lat' dir='ltr'>literarum</span> <span class='ocrx_word' id='word_1_28' title='bbox 674 313 928 360; x_wconf 85' lang='lat' dir='ltr'>apostolicarum,</span> <span class='ocrx_word' id='word_1_29' title='bbox 942 315 971 349; x_wconf 91' lang='lat' dir='ltr'>in</span> <span class='ocrx_word' id='word_1_30' title='bbox 986 316 1052 363; x_wconf 85' lang='lat' dir='ltr'>qni-</span> 
     </span>
     <span class='ocr_line' id='line_1_13' title="bbox 305 360 1052 409; baseline 0.007 -14"><span class='ocrx_word' id='word_1_31' title='bbox 305 361 363 396; x_wconf 90' lang='lat' dir='ltr'>bns</span> <span class='ocrx_word' id='word_1_32' title='bbox 385 360 424 395; x_wconf 93' lang='lat' dir='ltr'>de</span> <span class='ocrx_word' id='word_1_33' title='bbox 447 360 626 396; x_wconf 85' lang='lat' dir='ltr'>huiusmodi</span> <span class='ocrx_word' id='word_1_34' title='bbox 652 363 786 409; x_wconf 88' lang='lat' dir='ltr'>praelato</span> <span class='ocrx_word' id='word_1_35' title='bbox 808 365 852 399; x_wconf 79' lang='lat' dir='ltr'>vel</span> <span class='ocrx_word' id='word_1_36' title='bbox 874 377 1003 400; x_wconf 86' lang='lat' dir='ltr'>monaco</span> <span class='ocrx_word' id='word_1_37' title='bbox 1022 374 1052 399; x_wconf 82' lang='lat' dir='ltr'>et</span> 
     </span>
     <span class='ocr_line' id='line_1_14' title="bbox 304 410 1050 461; baseline 0.008 -18"><span class='ocrx_word' id='word_1_38' title='bbox 304 410 545 456; x_wconf 78' lang='lat' dir='ltr'>congregatione</span> <span class='ocrx_word' id='word_1_39' title='bbox 565 412 748 447; x_wconf 91' lang='lat' dir='ltr'>nominatim</span> <span class='ocrx_word' id='word_1_40' title='bbox 768 426 911 461; x_wconf 90' lang='lat' dir='ltr'>expressa</span> <span class='ocrx_word' id='word_1_41' title='bbox 934 416 1050 449; x_wconf 86' lang='lat' dir='ltr'>mentio</span> 
     </span>
     <span class='ocr_line' id='line_1_15' title="bbox 305 460 1049 511; baseline 0.007 -18"><span class='ocrx_word' id='word_1_42' title='bbox 305 471 365 493; x_wconf 91' lang='lat' dir='ltr'>non</span> <span class='ocrx_word' id='word_1_43' title='bbox 402 461 474 499; x_wconf 81' lang='lat' dir='ltr'>liat,</span> <span class='ocrx_word' id='word_1_44' title='bbox 501 460 619 508; x_wconf 81' lang='lat' dir='ltr'>absque</span> <span class='ocrx_word' id='word_1_45' title='bbox 650 474 803 497; x_wconf 74' lang='lat' dir='ltr'>consensu</span> <span class='ocrx_word' id='word_1_46' title='bbox 833 464 960 511; x_wconf 86' lang='lat' dir='ltr'>capituli</span> <span class='ocrx_word' id='word_1_47' title='bbox 995 477 1049 500; x_wconf 84' lang='lat' dir='ltr'>seu</span> 
     </span>
     <span class='ocr_line' id='line_1_16' title="bbox 302 508 1051 559; baseline 0.009 -17"><span class='ocrx_word' id='word_1_48' title='bbox 302 508 423 543; x_wconf 87' lang='lat' dir='ltr'>abbatis</span> <span class='ocrx_word' id='word_1_49' title='bbox 443 510 600 555; x_wconf 85' lang='lat' dir='ltr'>generalis</span> <span class='ocrx_word' id='word_1_50' title='bbox 614 512 659 545; x_wconf 90' lang='lat' dir='ltr'>vel</span> <span class='ocrx_word' id='word_1_51' title='bbox 684 512 809 547; x_wconf 87' lang='lat' dir='ltr'>maioris</span> <span class='ocrx_word' id='word_1_52' title='bbox 833 515 928 559; x_wconf 88' lang='lat' dir='ltr'>partis</span> <span class='ocrx_word' id='word_1_53' title='bbox 945 514 1051 549; x_wconf 86' lang='lat' dir='ltr'>visita-</span> 
     </span>
     <span class='ocr_line' id='line_1_17' title="bbox 303 559 1049 611; baseline 0.008 -20"><span class='ocrx_word' id='word_1_54' title='bbox 303 566 403 592; x_wconf 86' lang='lat' dir='ltr'>torum</span> <span class='ocrx_word' id='word_1_55' title='bbox 432 559 532 593; x_wconf 86' lang='lat' dir='ltr'>dictae</span> <span class='ocrx_word' id='word_1_56' title='bbox 559 562 811 607; x_wconf 82' lang='lat' dir='ltr'>congregationis</span> <span class='ocrx_word' id='word_1_57' title='bbox 834 576 888 609; x_wconf 90' lang='lat' dir='ltr'>pro</span> <span class='ocrx_word' id='word_1_58' title='bbox 907 572 1049 611; x_wconf 79' lang='lat' dir='ltr'>tempore</span> 
     </span>
     <span class='ocr_line' id='line_1_18' title="bbox 302 607 1051 658; baseline 0.009 -17"><span class='ocrx_word' id='word_1_59' title='bbox 302 607 515 643; x_wconf 85' lang='lat' dir='ltr'>existentium.</span> <span class='ocrx_word' id='word_1_60' title='bbox 529 609 620 651; x_wconf 84' lang='lat' dir='ltr'>Quod</span> <span class='ocrx_word' id='word_1_61' title='bbox 635 610 659 644; x_wconf 87' lang='lat' dir='ltr'>si</span> <span class='ocrx_word' id='word_1_62' title='bbox 678 612 877 658; x_wconf 75' lang='lat' dir='ltr'>recipientes,</span> <span class='ocrx_word' id='word_1_63' title='bbox 895 614 972 648; x_wconf 86' lang='lat' dir='ltr'>infra</span> <span class='ocrx_word' id='word_1_64' title='bbox 990 623 1051 649; x_wconf 88' lang='lat' dir='ltr'>tres</span> 
     </span>
     <span class='ocr_line' id='line_1_19' title="bbox 301 657 1049 707; baseline 0.009 -17"><span class='ocrx_word' id='word_1_65' title='bbox 301 657 379 697; x_wconf 87' lang='lat' dir='ltr'>dies,</span> <span class='ocrx_word' id='word_1_66' title='bbox 393 665 558 705; x_wconf 89' lang='lat' dir='ltr'>postquam</span> <span class='ocrx_word' id='word_1_67' title='bbox 578 659 624 694; x_wconf 87' lang='lat' dir='ltr'>eis</span> <span class='ocrx_word' id='word_1_68' title='bbox 641 671 822 707; x_wconf 73' lang='lat' dir='ltr'>praesentes</span> <span class='ocrx_word' id='word_1_69' title='bbox 844 663 1049 703; x_wconf 71' lang='lat' dir='ltr'>innotuerint,</span> 
     </span>
     <span class='ocr_line' id='line_1_20' title="bbox 301 707 1049 759; baseline 0.011 -19"><span class='ocrx_word' id='word_1_70' title='bbox 301 707 473 753; x_wconf 87' lang='lat' dir='ltr'>praelatum</span> <span class='ocrx_word' id='word_1_71' title='bbox 489 720 542 743; x_wconf 91' lang='lat' dir='ltr'>seu</span> <span class='ocrx_word' id='word_1_72' title='bbox 566 721 731 745; x_wconf 89' lang='lat' dir='ltr'>monacum</span> <span class='ocrx_word' id='word_1_73' title='bbox 755 719 838 746; x_wconf 83' lang='lat' dir='ltr'>extra</span> <span class='ocrx_word' id='word_1_74' title='bbox 856 713 954 759; x_wconf 82' lang='lat' dir='ltr'>ipsam</span> <span class='ocrx_word' id='word_1_75' title='bbox 971 725 1049 747; x_wconf 88' lang='lat' dir='ltr'>con-</span> 
     </span>
     <span class='ocr_line' id='line_1_21' title="bbox 300 757 1047 803; baseline 0.009 -13"><span class='ocrx_word' id='word_1_76' title='bbox 300 757 512 803; x_wconf 80' lang='lat' dir='ltr'>gregationem</span> <span class='ocrx_word' id='word_1_77' title='bbox 541 759 728 795; x_wconf 76' lang='lat' dir='ltr'>existentem</span> <span class='ocrx_word' id='word_1_78' title='bbox 744 761 924 797; x_wconf 89' lang='lat' dir='ltr'>huiusmodi</span> <span class='ocrx_word' id='word_1_79' title='bbox 946 763 1047 797; x_wconf 88' lang='lat' dir='ltr'>eidem</span> 
     </span>
     <span class='ocr_line' id='line_1_22' title="bbox 299 808 1048 857; baseline 0.011 -17"><span class='ocrx_word' id='word_1_80' title='bbox 299 808 533 853; x_wconf 79' lang='lat' dir='ltr'>congregationi</span> <span class='ocrx_word' id='word_1_81' title='bbox 550 820 612 843; x_wconf 91' lang='lat' dir='ltr'>non</span> <span class='ocrx_word' id='word_1_82' title='bbox 633 811 825 845; x_wconf 81' lang='lat' dir='ltr'>restituerint</span> <span class='ocrx_word' id='word_1_83' title='bbox 842 824 913 846; x_wconf 88' lang='lat' dir='ltr'>cum</span> <span class='ocrx_word' id='word_1_84' title='bbox 926 813 1048 857; x_wconf 72' lang='lat' dir='ltr'>effectu,</span> 
     </span>
     <span class='ocr_line' id='line_1_23' title="bbox 299 855 1049 900; baseline 0.011 -11"><span class='ocrx_word' id='word_1_85' title='bbox 299 855 344 890; x_wconf 89' lang='lat' dir='ltr'>vel</span> <span class='ocrx_word' id='word_1_86' title='bbox 372 868 388 890; x_wconf 94' lang='lat' dir='ltr'>a</span> <span class='ocrx_word' id='word_1_87' title='bbox 411 869 444 891; x_wconf 92' lang='lat' dir='ltr'>se</span> <span class='ocrx_word' id='word_1_88' title='bbox 471 857 594 893; x_wconf 79' lang='lat' dir='ltr'>realiter</span> <span class='ocrx_word' id='word_1_89' title='bbox 621 871 682 893; x_wconf 92' lang='lat' dir='ltr'>non</span> <span class='ocrx_word' id='word_1_90' title='bbox 710 860 893 900; x_wconf 76' lang='lat' dir='ltr'>abiecerint,</span> <span class='ocrx_word' id='word_1_91' title='bbox 920 876 1049 897; x_wconf 86' lang='lat' dir='ltr'>excom-</span> 
     </span>
     <span class='ocr_line' id='line_1_24' title="bbox 298 906 1048 947; baseline 0.011 -8"><span class='ocrx_word' id='word_1_92' title='bbox 298 906 521 941; x_wconf 89' lang='lat' dir='ltr'>municationis</span> <span class='ocrx_word' id='word_1_93' title='bbox 545 910 695 944; x_wconf 80' lang='lat' dir='ltr'>sententia</span> <span class='ocrx_word' id='word_1_94' title='bbox 712 910 847 945; x_wconf 86' lang='lat' dir='ltr'>innodati</span> <span class='ocrx_word' id='word_1_95' title='bbox 863 912 996 946; x_wconf 82' lang='lat' dir='ltr'>existant</span> <span class='ocrx_word' id='word_1_96' title='bbox 1012 926 1048 947; x_wconf 88' lang='lat' dir='ltr'>eo</span> 
     </span>
     <span class='ocr_line' id='line_1_25' title="bbox 298 956 1046 1003; baseline 0.011 -14"><span class='ocrx_word' id='word_1_97' title='bbox 298 956 379 1002; x_wconf 91' lang='lat' dir='ltr'>ipso,</span> <span class='ocrx_word' id='word_1_98' title='bbox 406 968 421 990; x_wconf 91' lang='lat' dir='ltr'>a</span> <span class='ocrx_word' id='word_1_99' title='bbox 444 968 517 1003; x_wconf 86' lang='lat' dir='ltr'>qna,</span> <span class='ocrx_word' id='word_1_100' title='bbox 541 957 599 992; x_wconf 85' lang='lat' dir='ltr'>nisi</span> <span class='ocrx_word' id='word_1_101' title='bbox 621 958 650 992; x_wconf 94' lang='lat' dir='ltr'>in</span> <span class='ocrx_word' id='word_1_102' title='bbox 675 961 783 993; x_wconf 84' lang='lat' dir='ltr'>mortis</span> <span class='ocrx_word' id='word_1_103' title='bbox 798 961 930 996; x_wconf 87' lang='lat' dir='ltr'>articulo</span> <span class='ocrx_word' id='word_1_104' title='bbox 950 971 1004 997; x_wconf 90' lang='lat' dir='ltr'>aut</span> <span class='ocrx_word' id='word_1_105' title='bbox 1031 976 1046 997; x_wconf 93' lang='lat' dir='ltr'>a</span> 
     </span>
     <span class='ocr_line' id='line_1_26' title="bbox 295 1005 939 1056; baseline 0.009 -17"><span class='ocrx_word' id='word_1_106' title='bbox 295 1005 377 1040; x_wconf 85' lang='lat' dir='ltr'>Sede</span> <span class='ocrx_word' id='word_1_107' title='bbox 393 1006 560 1052; x_wconf 87' lang='lat' dir='ltr'>praedicta,</span> <span class='ocrx_word' id='word_1_108' title='bbox 582 1008 699 1042; x_wconf 86' lang='lat' dir='ltr'>absolvi</span> <span class='ocrx_word' id='word_1_109' title='bbox 723 1021 783 1043; x_wconf 92' lang='lat' dir='ltr'>non</span> <span class='ocrx_word' id='word_1_110' title='bbox 809 1010 939 1056; x_wconf 79' lang='lat' dir='ltr'>possint.</span> 
     </span>
    </p>

    <p class='ocr_par' dir='ltr' id='par_1_7' title="bbox 290 1055 1047 2203">
     <span class='ocr_line' id='line_1_27' title="bbox 345 1055 1047 1098; baseline 0.011 -10"><span class='ocrx_word' id='word_1_111' title='bbox 345 1059 360 1098; x_wconf 67' lang='lat' dir='ltr'>g</span> <span class='ocrx_word' id='word_1_112' title='bbox 386 1059 443 1089; x_wconf 75' lang='lat'>22.</span> <span class='ocrx_word' id='word_1_113' title='bbox 474 1055 639 1092; x_wconf 77' lang='lat' dir='ltr'>Generalis</span> <span class='ocrx_word' id='word_1_114' title='bbox 661 1067 765 1093; x_wconf 90' lang='lat' dir='ltr'>autem</span> <span class='ocrx_word' id='word_1_115' title='bbox 795 1068 824 1093; x_wconf 93' lang='lat' dir='ltr'>et</span> <span class='ocrx_word' id='word_1_116' title='bbox 847 1060 897 1094; x_wconf 91' lang='lat' dir='ltr'>alii</span> <span class='ocrx_word' id='word_1_117' title='bbox 919 1060 1047 1096; x_wconf 80' lang='lat' dir='ltr'>abbates</span> 
     </span>
     <span class='ocr_line' id='line_1_28' title="bbox 297 1105 1047 1156; baseline 0.011 -19"><span class='ocrx_word' id='word_1_118' title='bbox 297 1112 327 1138; x_wconf 93' lang='lat' dir='ltr'>et</span> <span class='ocrx_word' id='word_1_119' title='bbox 350 1105 470 1151; x_wconf 89' lang='lat' dir='ltr'>priores</span> <span class='ocrx_word' id='word_1_120' title='bbox 489 1106 589 1141; x_wconf 86' lang='lat' dir='ltr'>dictae</span> <span class='ocrx_word' id='word_1_121' title='bbox 611 1109 865 1154; x_wconf 81' lang='lat' dir='ltr'>congregationis</span> <span class='ocrx_word' id='word_1_122' title='bbox 888 1122 944 1156; x_wconf 91' lang='lat' dir='ltr'>pro</span> <span class='ocrx_word' id='word_1_123' title='bbox 966 1118 1047 1145; x_wconf 89' lang='lat' dir='ltr'>tem-</span> 
     </span>
     <span class='ocr_line' id='line_1_29' title="bbox 297 1154 1046 1207; baseline 0.011 -20"><span class='ocrx_word' id='word_1_124' title='bbox 297 1165 371 1200; x_wconf 83' lang='lat' dir='ltr'>pore</span> <span class='ocrx_word' id='word_1_125' title='bbox 393 1154 572 1196; x_wconf 76' lang='lat' dir='ltr'>existentes,</span> <span class='ocrx_word' id='word_1_126' title='bbox 589 1168 644 1191; x_wconf 87' lang='lat' dir='ltr'>seu</span> <span class='ocrx_word' id='word_1_127' title='bbox 667 1157 705 1191; x_wconf 88' lang='lat' dir='ltr'>ab</span> <span class='ocrx_word' id='word_1_128' title='bbox 727 1158 771 1192; x_wconf 90' lang='lat' dir='ltr'>eis</span> <span class='ocrx_word' id='word_1_129' title='bbox 798 1158 950 1206; x_wconf 90' lang='lat' dir='ltr'>deputati,</span> <span class='ocrx_word' id='word_1_130' title='bbox 972 1172 1046 1207; x_wconf 92' lang='lat' dir='ltr'>pos-</span> 
     </span>
     <span class='ocr_line' id='line_1_30' title="bbox 296 1203 1047 1256; baseline 0.012 -20"><span class='ocrx_word' id='word_1_131' title='bbox 296 1203 360 1237; x_wconf 84' lang='lat' dir='ltr'>sint</span> <span class='ocrx_word' id='word_1_132' title='bbox 375 1215 485 1239; x_wconf 91' lang='lat' dir='ltr'>omnes</span> <span class='ocrx_word' id='word_1_133' title='bbox 500 1214 529 1239; x_wconf 91' lang='lat' dir='ltr'>et</span> <span class='ocrx_word' id='word_1_134' title='bbox 544 1205 686 1252; x_wconf 85' lang='lat' dir='ltr'>singulos</span> <span class='ocrx_word' id='word_1_135' title='bbox 708 1207 848 1242; x_wconf 89' lang='lat' dir='ltr'>eiusdem</span> <span class='ocrx_word' id='word_1_136' title='bbox 872 1221 1047 1256; x_wconf 81' lang='lat' dir='ltr'>congrega-</span> 
     </span>
     <span class='ocr_line' id='line_1_31' title="bbox 296 1252 1045 1305; baseline 0.011 -19"><span class='ocrx_word' id='word_1_137' title='bbox 296 1252 393 1287; x_wconf 89' lang='lat' dir='ltr'>tionis</span> <span class='ocrx_word' id='word_1_138' title='bbox 416 1266 576 1295; x_wconf 90' lang='lat' dir='ltr'>monacos,</span> <span class='ocrx_word' id='word_1_139' title='bbox 601 1255 639 1289; x_wconf 90' lang='lat' dir='ltr'>ab</span> <span class='ocrx_word' id='word_1_140' title='bbox 659 1256 707 1290; x_wconf 91' lang='lat' dir='ltr'>illa</span> <span class='ocrx_word' id='word_1_141' title='bbox 733 1269 828 1303; x_wconf 85' lang='lat' dir='ltr'>vagos</span> <span class='ocrx_word' id='word_1_142' title='bbox 846 1266 874 1292; x_wconf 91' lang='lat' dir='ltr'>et</span> <span class='ocrx_word' id='word_1_143' title='bbox 890 1258 1045 1305; x_wconf 81' lang='lat' dir='ltr'>fugitivos,</span> 
     </span>
     <span class='ocr_line' id='line_1_32' title="bbox 296 1302 1043 1350; baseline 0.011 -14"><span class='ocrx_word' id='word_1_144' title='bbox 296 1311 349 1336; x_wconf 91' lang='lat' dir='ltr'>aut</span> <span class='ocrx_word' id='word_1_145' title='bbox 364 1302 430 1337; x_wconf 82' lang='lat' dir='ltr'>suis</span> <span class='ocrx_word' id='word_1_146' title='bbox 444 1304 662 1350; x_wconf 88' lang='lat' dir='ltr'>superioribus</span> <span class='ocrx_word' id='word_1_147' title='bbox 678 1318 738 1341; x_wconf 90' lang='lat' dir='ltr'>non</span> <span class='ocrx_word' id='word_1_148' title='bbox 756 1307 940 1343; x_wconf 89' lang='lat' dir='ltr'>obedientes</span> <span class='ocrx_word' id='word_1_149' title='bbox 952 1317 983 1343; x_wconf 93' lang='lat' dir='ltr'>et</span> <span class='ocrx_word' id='word_1_150' title='bbox 997 1321 1043 1343; x_wconf 93' lang='lat' dir='ltr'>re-</span> 
     </span>
     <span class='ocr_line' id='line_1_33' title="bbox 297 1351 1043 1401; baseline 0.011 -15"><span class='ocrx_word' id='word_1_151' title='bbox 297 1351 405 1397; x_wconf 84' lang='lat' dir='ltr'>belles,</span> <span class='ocrx_word' id='word_1_152' title='bbox 427 1361 456 1387; x_wconf 89' lang='lat' dir='ltr'>et</span> <span class='ocrx_word' id='word_1_153' title='bbox 470 1354 536 1400; x_wconf 93' lang='lat' dir='ltr'>qui,</span> <span class='ocrx_word' id='word_1_154' title='bbox 554 1353 658 1396; x_wconf 84' lang='lat' dir='ltr'>habita</span> <span class='ocrx_word' id='word_1_155' title='bbox 673 1355 809 1401; x_wconf 91' lang='lat' dir='ltr'>licentia,</span> <span class='ocrx_word' id='word_1_156' title='bbox 832 1358 1043 1394; x_wconf 87' lang='lat' dir='ltr'>conditionem</span> 
     </span>
     <span class='ocr_line' id='line_1_34' title="bbox 295 1401 1044 1457; baseline 0.013 -22"><span class='ocrx_word' id='word_1_157' title='bbox 295 1401 340 1436; x_wconf 91' lang='lat' dir='ltr'>eis</span> <span class='ocrx_word' id='word_1_158' title='bbox 368 1402 545 1450; x_wconf 86' lang='lat' dir='ltr'>impositam</span> <span class='ocrx_word' id='word_1_159' title='bbox 569 1416 631 1438; x_wconf 92' lang='lat' dir='ltr'>non</span> <span class='ocrx_word' id='word_1_160' title='bbox 654 1405 862 1453; x_wconf 78' lang='lat' dir='ltr'>impleverint,</span> <span class='ocrx_word' id='word_1_161' title='bbox 884 1417 937 1443; x_wconf 92' lang='lat' dir='ltr'>aut</span> <span class='ocrx_word' id='word_1_162' title='bbox 958 1409 1044 1457; x_wconf 90' lang='lat' dir='ltr'>lapso</span> 
     </span>
     <span class='ocr_line' id='line_1_35' title="bbox 297 1451 1043 1504; baseline 0.013 -19"><span class='ocrx_word' id='word_1_163' title='bbox 297 1451 438 1486; x_wconf 84' lang='lat' dir='ltr'>licentiae</span> <span class='ocrx_word' id='word_1_164' title='bbox 464 1454 599 1489; x_wconf 90' lang='lat' dir='ltr'>termino</span> <span class='ocrx_word' id='word_1_165' title='bbox 629 1455 667 1489; x_wconf 92' lang='lat' dir='ltr'>ad</span> <span class='ocrx_word' id='word_1_166' title='bbox 699 1457 822 1504; x_wconf 90' lang='lat' dir='ltr'>propria</span> <span class='ocrx_word' id='word_1_167' title='bbox 855 1462 1043 1496; x_wconf 86' lang='lat' dir='ltr'>monasteria</span> 
     </span>
     <span class='ocr_line' id='line_1_36' title="bbox 295 1502 1043 1550; baseline 0.013 -15"><span class='ocrx_word' id='word_1_168' title='bbox 295 1513 357 1536; x_wconf 91' lang='lat' dir='ltr'>non</span> <span class='ocrx_word' id='word_1_169' title='bbox 380 1502 540 1547; x_wconf 77' lang='lat' dir='ltr'>redierint,</span> <span class='ocrx_word' id='word_1_170' title='bbox 556 1503 600 1539; x_wconf 93' lang='lat' dir='ltr'>vel</span> <span class='ocrx_word' id='word_1_171' title='bbox 616 1505 675 1540; x_wconf 90' lang='lat' dir='ltr'>alia</span> <span class='ocrx_word' id='word_1_172' title='bbox 689 1505 754 1540; x_wconf 85' lang='lat' dir='ltr'>loca</span> <span class='ocrx_word' id='word_1_173' title='bbox 773 1519 827 1541; x_wconf 90' lang='lat' dir='ltr'>seu</span> <span class='ocrx_word' id='word_1_174' title='bbox 844 1511 1043 1550; x_wconf 84' lang='lat' dir='ltr'>monasteria,</span> 
     </span>
     <span class='ocr_line' id='line_1_37' title="bbox 293 1551 1044 1606; baseline 0.012 -20"><span class='ocrx_word' id='word_1_175' title='bbox 293 1551 412 1599; x_wconf 85' lang='lat' dir='ltr'>absque</span> <span class='ocrx_word' id='word_1_176' title='bbox 439 1553 566 1600; x_wconf 90' lang='lat' dir='ltr'>speciali</span> <span class='ocrx_word' id='word_1_177' title='bbox 589 1555 761 1601; x_wconf 88' lang='lat' dir='ltr'>apostolico</span> <span class='ocrx_word' id='word_1_178' title='bbox 779 1557 943 1605; x_wconf 80' lang='lat' dir='ltr'>privilegio</span> <span class='ocrx_word' id='word_1_179' title='bbox 960 1572 1044 1606; x_wconf 88' lang='lat' dir='ltr'>prae-</span> 
     </span>
     <span class='ocr_line' id='line_1_38' title="bbox 293 1601 1041 1655; baseline 0.012 -20"><span class='ocrx_word' id='word_1_180' title='bbox 293 1601 434 1637; x_wconf 91' lang='lat' dir='ltr'>sentibus</span> <span class='ocrx_word' id='word_1_181' title='bbox 461 1603 646 1649; x_wconf 83' lang='lat' dir='ltr'>deroganti,</span> <span class='ocrx_word' id='word_1_182' title='bbox 675 1614 727 1640; x_wconf 90' lang='lat' dir='ltr'>aut</span> <span class='ocrx_word' id='word_1_183' title='bbox 749 1607 818 1641; x_wconf 83' lang='lat' dir='ltr'>sine</span> <span class='ocrx_word' id='word_1_184' title='bbox 845 1609 1041 1655; x_wconf 79' lang='lat' dir='ltr'>superiorum</span> 
     </span>
     <span class='ocr_line' id='line_1_39' title="bbox 293 1651 1044 1706; baseline 0.012 -21"><span class='ocrx_word' id='word_1_185' title='bbox 293 1663 423 1686; x_wconf 90' lang='lat' dir='ltr'>suorum</span> <span class='ocrx_word' id='word_1_186' title='bbox 438 1651 561 1687; x_wconf 88' lang='lat' dir='ltr'>licentia</span> <span class='ocrx_word' id='word_1_187' title='bbox 575 1665 608 1688; x_wconf 88' lang='lat' dir='ltr'>se</span> <span class='ocrx_word' id='word_1_188' title='bbox 622 1656 848 1698; x_wconf 79' lang='lat' dir='ltr'>transtulerint,</span> <span class='ocrx_word' id='word_1_189' title='bbox 859 1658 904 1691; x_wconf 88' lang='lat' dir='ltr'>vel</span> <span class='ocrx_word' id='word_1_190' title='bbox 916 1659 1044 1706; x_wconf 92' lang='lat' dir='ltr'>aliqua—</span> 
     </span>
     <span class='ocr_line' id='line_1_40' title="bbox 291 1707 1042 1754; baseline 0.013 -20"><span class='ocrx_word' id='word_1_191' title='bbox 291 1712 361 1735; x_wconf 89' lang='lat' dir='ltr'>rum</span> <span class='ocrx_word' id='word_1_192' title='bbox 390 1713 594 1749; x_wconf 86' lang='lat' dir='ltr'>personarum</span> <span class='ocrx_word' id='word_1_193' title='bbox 610 1732 619 1743; x_wconf 89' lang='lat'><em>‚</em></span> <span class='ocrx_word' id='word_1_194' title='bbox 642 1716 843 1753; x_wconf 88' lang='lat' dir='ltr'>quacumque</span> <span class='ocrx_word' id='word_1_195' title='bbox 870 1707 1019 1754; x_wconf 81' lang='lat' dir='ltr'>dignitate</span> <span class='ocrx_word' id='word_1_196' title='bbox 1034 1738 1042 1753; x_wconf 90' lang='lat'>,</span> 
     </span>
     <span class='ocr_line' id='line_1_41' title="bbox 290 1750 1042 1803; baseline 0.013 -19"><span class='ocrx_word' id='word_1_197' title='bbox 290 1750 382 1785; x_wconf 89' lang='lat' dir='ltr'>etiam</span> <span class='ocrx_word' id='word_1_198' title='bbox 399 1752 607 1788; x_wconf 84' lang='lat' dir='ltr'>cardinalatus</span> <span class='ocrx_word' id='word_1_199' title='bbox 621 1753 739 1790; x_wconf 88' lang='lat' dir='ltr'>honore</span> <span class='ocrx_word' id='word_1_200' title='bbox 762 1755 960 1803; x_wconf 82' lang='lat' dir='ltr'>fulgentium,</span> <span class='ocrx_word' id='word_1_201' title='bbox 981 1771 1042 1794; x_wconf 88' lang='lat' dir='ltr'>ser-</span> 
     </span>
     <span class='ocr_line' id='line_1_42' title="bbox 291 1800 1041 1853; baseline 0.015 -20"><span class='ocrx_word' id='word_1_202' title='bbox 291 1800 383 1840; x_wconf 91' lang='lat' dir='ltr'>vitiis,</span> <span class='ocrx_word' id='word_1_203' title='bbox 406 1801 438 1835; x_wconf 90' lang='lat' dir='ltr'>in</span> <span class='ocrx_word' id='word_1_204' title='bbox 460 1801 602 1837; x_wconf 88' lang='lat' dir='ltr'>Romana</span> <span class='ocrx_word' id='word_1_205' title='bbox 621 1803 716 1838; x_wconf 89' lang='lat' dir='ltr'>Curia</span> <span class='ocrx_word' id='word_1_206' title='bbox 732 1805 777 1839; x_wconf 88' lang='lat' dir='ltr'>vel</span> <span class='ocrx_word' id='word_1_207' title='bbox 800 1815 884 1841; x_wconf 87' lang='lat' dir='ltr'>extra</span> <span class='ocrx_word' id='word_1_208' title='bbox 908 1820 994 1853; x_wconf 87' lang='lat' dir='ltr'>eam,</span> <span class='ocrx_word' id='word_1_209' title='bbox 1009 1822 1041 1844; x_wconf 90' lang='lat' dir='ltr'>se</span> 
     </span>
     <span class='ocr_line' id='line_1_43' title="bbox 290 1849 1041 1895; baseline 0.015 -12"><span class='ocrx_word' id='word_1_210' title='bbox 290 1849 480 1895; x_wconf 76' lang='lat' dir='ltr'>addixerint,</span> <span class='ocrx_word' id='word_1_211' title='bbox 502 1851 548 1886; x_wconf 90' lang='lat' dir='ltr'>vel</span> <span class='ocrx_word' id='word_1_212' title='bbox 563 1852 601 1886; x_wconf 90' lang='lat' dir='ltr'>ab</span> <span class='ocrx_word' id='word_1_213' title='bbox 620 1853 666 1888; x_wconf 90' lang='lat' dir='ltr'>eis</span> <span class='ocrx_word' id='word_1_214' title='bbox 694 1853 798 1890; x_wconf 84' lang='lat' dir='ltr'>literas</span> <span class='ocrx_word' id='word_1_215' title='bbox 822 1856 1041 1894; x_wconf 78' lang='lat' dir='ltr'>familiaritatis</span> 
     </span>
     <span class='ocr_line' id='line_1_44' title="bbox 290 1901 1039 1954; baseline 0.015 -21"><span class='ocrx_word' id='word_1_216' title='bbox 290 1907 343 1933; x_wconf 90' lang='lat' dir='ltr'>aut</span> <span class='ocrx_word' id='word_1_217' title='bbox 357 1901 591 1948; x_wconf 86' lang='lat' dir='ltr'>cappellanatus</span> <span class='ocrx_word' id='word_1_218' title='bbox 604 1902 810 1946; x_wconf 76' lang='lat' dir='ltr'>obtinuerint,</span> <span class='ocrx_word' id='word_1_219' title='bbox 831 1918 942 1954; x_wconf 88' lang='lat' dir='ltr'>capere</span> <span class='ocrx_word' id='word_1_220' title='bbox 965 1917 994 1943; x_wconf 88' lang='lat' dir='ltr'>et</span> <span class='ocrx_word' id='word_1_221' title='bbox 1010 1909 1039 1944; x_wconf 94' lang='lat' dir='ltr'>in</span> 
     </span>
     <span class='ocr_line' id='line_1_45' title="bbox 290 1950 1040 2002; baseline 0.015 -19"><span class='ocrx_word' id='word_1_222' title='bbox 290 1950 469 1985; x_wconf 85' lang='lat' dir='ltr'>carceribus</span> <span class='ocrx_word' id='word_1_223' title='bbox 491 1950 644 1994; x_wconf 87' lang='lat' dir='ltr'>detinere,</span> <span class='ocrx_word' id='word_1_224' title='bbox 665 1963 719 1988; x_wconf 86' lang='lat' dir='ltr'>aut</span> <span class='ocrx_word' id='word_1_225' title='bbox 741 1967 797 2002; x_wconf 88' lang='lat' dir='ltr'>per</span> <span class='ocrx_word' id='word_1_226' title='bbox 808 1968 972 1992; x_wconf 86' lang='lat' dir='ltr'>censuram</span> <span class='ocrx_word' id='word_1_227' title='bbox 988 1971 1040 1994; x_wconf 88' lang='lat' dir='ltr'>ec-</span> 
     </span>
     <span class='ocr_line' id='line_1_46' title="bbox 290 1998 1040 2055; baseline 0.013 -22"><span class='ocrx_word' id='word_1_228' title='bbox 290 1998 493 2035; x_wconf 87' lang='lat' dir='ltr'>clesiasticam</span> <span class='ocrx_word' id='word_1_229' title='bbox 521 2009 551 2035; x_wconf 89' lang='lat' dir='ltr'>et</span> <span class='ocrx_word' id='word_1_230' title='bbox 573 2001 631 2036; x_wconf 86' lang='lat' dir='ltr'>alia</span> <span class='ocrx_word' id='word_1_231' title='bbox 658 2003 734 2039; x_wconf 85' lang='lat' dir='ltr'>iuris</span> <span class='ocrx_word' id='word_1_232' title='bbox 756 2006 907 2047; x_wconf 87' lang='lat' dir='ltr'>remedia,</span> <span class='ocrx_word' id='word_1_233' title='bbox 930 2009 1040 2055; x_wconf 90' lang='lat' dir='ltr'>appel—</span> 
     </span>
     <span class='ocr_line' id='line_1_47' title="bbox 291 2047 1038 2099; baseline 0.015 -17"><span class='ocrx_word' id='word_1_234' title='bbox 291 2047 407 2083; x_wconf 88' lang='lat' dir='ltr'>latione</span> <span class='ocrx_word' id='word_1_235' title='bbox 434 2059 564 2095; x_wconf 88' lang='lat' dir='ltr'>remota,</span> <span class='ocrx_word' id='word_1_236' title='bbox 586 2052 678 2087; x_wconf 88' lang='lat' dir='ltr'>etiam</span> <span class='ocrx_word' id='word_1_237' title='bbox 699 2053 841 2090; x_wconf 89' lang='lat' dir='ltr'>invocato</span> <span class='ocrx_word' id='word_1_238' title='bbox 868 2057 905 2091; x_wconf 89' lang='lat' dir='ltr'>ad</span> <span class='ocrx_word' id='word_1_239' title='bbox 928 2057 1000 2099; x_wconf 90' lang='lat' dir='ltr'>hoc,</span> <span class='ocrx_word' id='word_1_240' title='bbox 1015 2060 1038 2093; x_wconf 90' lang='lat' dir='ltr'>si</span> 
     </span>
     <span class='ocr_line' id='line_1_48' title="bbox 290 2099 1038 2151; baseline 0.015 -19"><span class='ocrx_word' id='word_1_241' title='bbox 290 2110 371 2145; x_wconf 92' lang='lat' dir='ltr'>opus</span> <span class='ocrx_word' id='word_1_242' title='bbox 398 2099 500 2144; x_wconf 86' lang='lat' dir='ltr'>fuerit,</span> <span class='ocrx_word' id='word_1_243' title='bbox 523 2101 638 2136; x_wconf 85' lang='lat' dir='ltr'>auxilio</span> <span class='ocrx_word' id='word_1_244' title='bbox 665 2102 783 2138; x_wconf 88' lang='lat' dir='ltr'>brachii</span> <span class='ocrx_word' id='word_1_245' title='bbox 806 2106 987 2151; x_wconf 87' lang='lat' dir='ltr'>saecularis,</span> <span class='ocrx_word' id='word_1_246' title='bbox 1001 2109 1038 2142; x_wconf 87' lang='lat' dir='ltr'>ad</span> 
     </span>
     <span class='ocr_line' id='line_1_49' title="bbox 290 2147 1038 2203; baseline 0.016 -22"><span class='ocrx_word' id='word_1_247' title='bbox 290 2147 411 2183; x_wconf 91' lang='lat' dir='ltr'>solitam</span> <span class='ocrx_word' id='word_1_248' title='bbox 426 2157 456 2184; x_wconf 89' lang='lat' dir='ltr'>et</span> <span class='ocrx_word' id='word_1_249' title='bbox 467 2149 603 2185; x_wconf 84' lang='lat' dir='ltr'>debitam</span> <span class='ocrx_word' id='word_1_250' title='bbox 616 2151 827 2189; x_wconf 87' lang='lat' dir='ltr'>obedientiam</span> <span class='ocrx_word' id='word_1_251' title='bbox 838 2158 1038 2203; x_wconf 85' lang='lat' dir='ltr'>compellere.</span> 
     </span>
    </p>

    <p class='ocr_par' dir='ltr' id='par_1_8' title="bbox 287 2199 1040 2599">
     <span class='ocr_line' id='line_1_50' title="bbox 338 2199 1040 2250; baseline 0.017 -19"><span class='ocrx_word' id='word_1_252' title='bbox 338 2202 353 2241; x_wconf 60' lang='grc' dir='ltr'><strong>ἕ</strong></span> <span class='ocrx_word' id='word_1_253' title='bbox 379 2202 437 2233; x_wconf 75' lang='lat'>25.</span> <span class='ocrx_word' id='word_1_254' title='bbox 460 2199 498 2234; x_wconf 89' lang='lat' dir='ltr'>Et</span> <span class='ocrx_word' id='word_1_255' title='bbox 527 2207 560 2234; x_wconf 91' lang='lat' dir='ltr'>ut</span> <span class='ocrx_word' id='word_1_256' title='bbox 582 2200 682 2236; x_wconf 90' lang='lat' dir='ltr'>dictae</span> <span class='ocrx_word' id='word_1_257' title='bbox 704 2206 955 2250; x_wconf 82' lang='lat' dir='ltr'>congregationis</span> <span class='ocrx_word' id='word_1_258' title='bbox 973 2220 1040 2243; x_wconf 88' lang='lat' dir='ltr'>mo-</span> 
     </span>
     <span class='ocr_line' id='line_1_51' title="bbox 287 2247 1039 2300; baseline 0.016 -20"><span class='ocrx_word' id='word_1_259' title='bbox 287 2247 359 2295; x_wconf 72' lang='lat' dir='ltr'>naci</span> <span class='ocrx_word' id='word_1_260' title='bbox 377 2247 493 2283; x_wconf 92' lang='lat' dir='ltr'>divinis</span> <span class='ocrx_word' id='word_1_261' title='bbox 513 2249 717 2298; x_wconf 86' lang='lat' dir='ltr'>beneplacitis</span> <span class='ocrx_word' id='word_1_262' title='bbox 738 2254 877 2300; x_wconf 88' lang='lat' dir='ltr'>quietius</span> <span class='ocrx_word' id='word_1_263' title='bbox 903 2264 934 2290; x_wconf 91' lang='lat' dir='ltr'>et</span> <span class='ocrx_word' id='word_1_264' title='bbox 961 2257 1039 2292; x_wconf 89' lang='lat' dir='ltr'>libe-</span> 
     </span>
     <span class='ocr_line' id='line_1_52' title="bbox 290 2296 1039 2351; baseline 0.015 -20"><span class='ocrx_word' id='word_1_265' title='bbox 290 2296 356 2332; x_wconf 92' lang='lat' dir='ltr'>rius</span> <span class='ocrx_word' id='word_1_266' title='bbox 372 2297 530 2343; x_wconf 77' lang='lat' dir='ltr'>insistant,</span> <span class='ocrx_word' id='word_1_267' title='bbox 552 2300 695 2335; x_wconf 89' lang='lat' dir='ltr'>eamdem</span> <span class='ocrx_word' id='word_1_268' title='bbox 717 2306 992 2351; x_wconf 81' lang='lat' dir='ltr'>congregationem</span> <span class='ocrx_word' id='word_1_269' title='bbox 1010 2317 1039 2342; x_wconf 87' lang='lat' dir='ltr'>et</span> 
     </span>
     <span class='ocr_line' id='line_1_53' title="bbox 291 2346 1039 2396; baseline 0.016 -16"><span class='ocrx_word' id='word_1_270' title='bbox 291 2346 374 2381; x_wconf 89' lang='lat' dir='ltr'>illius</span> <span class='ocrx_word' id='word_1_271' title='bbox 389 2349 568 2394; x_wconf 84' lang='lat' dir='ltr'>generalem</span> <span class='ocrx_word' id='word_1_272' title='bbox 586 2350 741 2396; x_wconf 89' lang='lat' dir='ltr'>abbatem,</span> <span class='ocrx_word' id='word_1_273' title='bbox 763 2365 797 2388; x_wconf 87' lang='lat' dir='ltr'>ac</span> <span class='ocrx_word' id='word_1_274' title='bbox 821 2355 993 2392; x_wconf 89' lang='lat' dir='ltr'>visitatores</span> <span class='ocrx_word' id='word_1_275' title='bbox 1009 2366 1039 2392; x_wconf 90' lang='lat' dir='ltr'>et</span> 
     </span>
     <span class='ocr_line' id='line_1_54' title="bbox 289 2396 1038 2451; baseline 0.016 -21"><span class='ocrx_word' id='word_1_276' title='bbox 289 2396 366 2431; x_wconf 91' lang='lat' dir='ltr'>alios</span> <span class='ocrx_word' id='word_1_277' title='bbox 393 2398 561 2444; x_wconf 87' lang='lat' dir='ltr'>praelatos,</span> <span class='ocrx_word' id='word_1_278' title='bbox 602 2412 638 2435; x_wconf 89' lang='lat' dir='ltr'>ac</span> <span class='ocrx_word' id='word_1_279' title='bbox 672 2414 832 2447; x_wconf 79' lang='lat' dir='ltr'>monaCOS,</span> <span class='ocrx_word' id='word_1_280' title='bbox 859 2417 1038 2451; x_wconf 89' lang='lat' dir='ltr'>conversos,</span> 
     </span>
     <span class='ocr_line' id='line_1_55' title="bbox 289 2447 1036 2500; baseline 0.016 -21"><span class='ocrx_word' id='word_1_281' title='bbox 289 2447 488 2492; x_wconf 84' lang='lat' dir='ltr'>commissos,</span> <span class='ocrx_word' id='word_1_282' title='bbox 511 2449 647 2484; x_wconf 91' lang='lat' dir='ltr'>novitios</span> <span class='ocrx_word' id='word_1_283' title='bbox 665 2459 695 2486; x_wconf 87' lang='lat' dir='ltr'>et</span> <span class='ocrx_word' id='word_1_284' title='bbox 717 2453 929 2500; x_wconf 88' lang='lat' dir='ltr'>cappellanos,</span> <span class='ocrx_word' id='word_1_285' title='bbox 945 2457 1036 2491; x_wconf 88' lang='lat' dir='ltr'>etiam</span> 
     </span>
     <span class='ocr_line' id='line_1_56' title="bbox 290 2495 1034 2552; baseline 0.016 -23"><span class='ocrx_word' id='word_1_286' title='bbox 290 2495 441 2531; x_wconf 89' lang='lat' dir='ltr'>habentes</span> <span class='ocrx_word' id='word_1_287' title='bbox 455 2509 561 2532; x_wconf 89' lang='lat' dir='ltr'>curam</span> <span class='ocrx_word' id='word_1_288' title='bbox 578 2499 765 2543; x_wconf 81' lang='lat' dir='ltr'>animarum,</span> <span class='ocrx_word' id='word_1_289' title='bbox 779 2515 902 2538; x_wconf 87' lang='lat' dir='ltr'>necnon</span> <span class='ocrx_word' id='word_1_290' title='bbox 923 2517 1034 2552; x_wconf 90' lang='lat' dir='ltr'>perso-</span> 
     </span>
     <span class='ocr_line' id='line_1_57' title="bbox 290 2545 1038 2599; baseline 0.017 -21"><span class='ocrx_word' id='word_1_291' title='bbox 290 2556 345 2579; x_wconf 89' lang='lat' dir='ltr'>nas</span> <span class='ocrx_word' id='word_1_292' title='bbox 365 2545 532 2582; x_wconf 84' lang='lat' dir='ltr'>familiares</span> <span class='ocrx_word' id='word_1_293' title='bbox 553 2555 584 2583; x_wconf 90' lang='lat' dir='ltr'>et</span> <span class='ocrx_word' id='word_1_294' title='bbox 605 2550 770 2586; x_wconf 89' lang='lat' dir='ltr'>servitores</span> <span class='ocrx_word' id='word_1_295' title='bbox 789 2552 929 2599; x_wconf 89' lang='lat' dir='ltr'>ipsorum</span> <span class='ocrx_word' id='word_1_296' title='bbox 954 2567 1038 2592; x_wconf 89' lang='lat' dir='ltr'>nunc</span> 
     </span>
    </p>
   </div>
   <div class='ocr_carea' id='block_1_7' title="bbox 289 2602 1037 2676">
    <p class='ocr_par' dir='ltr' id='par_1_9' title="bbox 289 2602 1037 2676">
     <span class='ocr_line' id='line_1_58' title="bbox 323 2602 1037 2648; baseline 0.015 -19"><span class='ocrx_word' id='word_1_297' title='bbox 323 2602 363 2638; x_wconf 83' lang='lat' dir='ltr'>(l)</span> <span class='ocrx_word' id='word_1_298' title='bbox 382 2603 448 2631; x_wconf 85' lang='lat' dir='ltr'>Vide</span> <span class='ocrx_word' id='word_1_299' title='bbox 467 2604 565 2632; x_wconf 90' lang='lat' dir='ltr'>Concil.</span> <span class='ocrx_word' id='word_1_300' title='bbox 583 2605 668 2639; x_wconf 87' lang='lat' dir='ltr'>Trid.,</span> <span class='ocrx_word' id='word_1_301' title='bbox 697 2615 765 2635; x_wconf 87' lang='lat' dir='ltr'>sess.</span> <span class='ocrx_word' id='word_1_302' title='bbox 785 2617 854 2643; x_wconf 80' lang='lat' dir='ltr'>xxv,</span> <span class='ocrx_word' id='word_1_303' title='bbox 883 2612 918 2637; x_wconf 84' lang='lat' dir='ltr'>De</span> <span class='ocrx_word' id='word_1_304' title='bbox 936 2613 1037 2648; x_wconf 56' lang='lat' dir='ltr'>Requl„</span> 
     </span>
     <span class='ocr_line' id='line_1_59' title="bbox 289 2643 483 2676; baseline 0.021 -9"><span class='ocrx_word' id='word_1_305' title='bbox 289 2649 346 2676; x_wconf 88' lang='lat' dir='ltr'>cap.</span> <span class='ocrx_word' id='word_1_306' title='bbox 360 2643 387 2669; x_wconf 87' lang='grc' dir='ltr'>Η</span> <span class='ocrx_word' id='word_1_307' title='bbox 401 2648 428 2670; x_wconf 84' lang='lat' dir='ltr'>et</span> <span class='ocrx_word' id='word_1_308' title='bbox 441 2645 483 2671; x_wconf 80' lang='lat' dir='ltr'>ilt.</span> 
     </span>
    </p>
   </div>
   <div class='ocr_carea' id='block_1_8' title="bbox 368 2686 675 2721">
    <p class='ocr_par' dir='ltr' id='par_1_10' title="bbox 368 2686 675 2721">
     <span class='ocr_line' id='line_1_60' title="bbox 368 2686 675 2721; baseline 0.016 -5"><span class='ocrx_word' id='word_1_309' title='bbox 368 2686 441 2717; x_wconf 72' lang='lat' dir='ltr'>Ball.</span> <span class='ocrx_word' id='word_1_310' title='bbox 463 2688 539 2720; x_wconf 83' lang='lat' dir='ltr'>Rom.</span> <span class='ocrx_word' id='word_1_311' title='bbox 567 2689 621 2721; x_wconf 88' lang='lat' dir='ltr'>Vol.</span> <span class='ocrx_word' id='word_1_312' title='bbox 647 2690 675 2720; x_wconf 80' lang='lat' dir='ltr'>V.</span> 
     </span>
    </p>
   </div>
   <div class='ocr_carea' id='block_1_9' title="bbox 861 2697 897 2727">
    <p class='ocr_par' dir='ltr' id='par_1_11' title="bbox 861 2697 897 2727">
     <span class='ocr_line' id='line_1_61' title="bbox 861 2697 897 2727; baseline 0.028 -1"><span class='ocrx_word' id='word_1_313' title='bbox 861 2697 897 2727; x_wconf 66' lang='grc' dir='ltr'>δῖ</span> 
     </span>
    </p>
   </div>
   <div class='ocr_carea' id='block_1_10' title="bbox 1723 252 1790 285">
    <p class='ocr_par' dir='ltr' id='par_1_12' title="bbox 1723 252 1790 285">
     <span class='ocr_line' id='line_1_62' title="bbox 1723 252 1790 285; baseline 0 0"><span class='ocrx_word' id='word_1_314' title='bbox 1723 253 1741 285; x_wconf 65' lang='lat' dir='ltr'>l</span> <span class='ocrx_word' id='word_1_315' title='bbox 1754 252 1790 285; x_wconf 67' lang='lat'>15)</span> 
     </span>
    </p>
   </div>
   <div class='ocr_carea' id='block_1_11' title="bbox 1078 316 1843 2704">
    <p class='ocr_par' dir='ltr' id='par_1_13' title="bbox 1078 316 1843 2704">
     <span class='ocr_line' id='line_1_63' title="bbox 1093 316 1843 363; baseline 0.005 -14"><span class='ocrx_word' id='word_1_316' title='bbox 1093 324 1120 349; x_wconf 82' lang='lat' dir='ltr'>ct</span> <span class='ocrx_word' id='word_1_317' title='bbox 1150 328 1205 362; x_wconf 90' lang='lat' dir='ltr'>pro</span> <span class='ocrx_word' id='word_1_318' title='bbox 1228 324 1367 362; x_wconf 84' lang='lat' dir='ltr'>tempore</span> <span class='ocrx_word' id='word_1_319' title='bbox 1389 317 1571 357; x_wconf 83' lang='lat' dir='ltr'>existentes,</span> <span class='ocrx_word' id='word_1_320' title='bbox 1593 327 1629 352; x_wconf 89' lang='lat' dir='ltr'>ac</span> <span class='ocrx_word' id='word_1_321' title='bbox 1648 316 1744 363; x_wconf 85' lang='lat' dir='ltr'>ipsius</span> <span class='ocrx_word' id='word_1_322' title='bbox 1766 331 1843 353; x_wconf 82' lang='lat' dir='ltr'>con-</span> 
     </span>
     <span class='ocr_line' id='line_1_64' title="bbox 1091 366 1842 413; baseline 0.005 -14"><span class='ocrx_word' id='word_1_323' title='bbox 1091 366 1281 412; x_wconf 79' lang='lat' dir='ltr'>gregationis</span> <span class='ocrx_word' id='word_1_324' title='bbox 1300 367 1503 406; x_wconf 85' lang='lat' dir='ltr'>monasteria,</span> <span class='ocrx_word' id='word_1_325' title='bbox 1524 367 1678 413; x_wconf 86' lang='lat' dir='ltr'>prioratus</span> <span class='ocrx_word' id='word_1_326' title='bbox 1706 376 1736 402; x_wconf 89' lang='lat' dir='ltr'>et</span> <span class='ocrx_word' id='word_1_327' title='bbox 1759 368 1842 411; x_wconf 86' lang='lat' dir='ltr'>loca,</span> 
     </span>
     <span class='ocr_line' id='line_1_65' title="bbox 1091 415 1843 465; baseline 0.004 -16"><span class='ocrx_word' id='word_1_328' title='bbox 1091 415 1182 449; x_wconf 87' lang='lat' dir='ltr'>etiam</span> <span class='ocrx_word' id='word_1_329' title='bbox 1205 427 1285 462; x_wconf 87' lang='lat' dir='ltr'>quae</span> <span class='ocrx_word' id='word_1_330' title='bbox 1313 415 1341 450; x_wconf 92' lang='lat' dir='ltr'>in</span> <span class='ocrx_word' id='word_1_331' title='bbox 1366 424 1524 462; x_wconf 89' lang='lat' dir='ltr'>posterum</span> <span class='ocrx_word' id='word_1_332' title='bbox 1547 417 1651 452; x_wconf 86' lang='lat' dir='ltr'>eidem</span> <span class='ocrx_word' id='word_1_333' title='bbox 1668 429 1843 465; x_wconf 80' lang='lat' dir='ltr'>congrega-</span> 
     </span>
     <span class='ocr_line' id='line_1_66' title="bbox 1091 464 1838 514; baseline 0.004 -16"><span class='ocrx_word' id='word_1_334' title='bbox 1091 464 1446 513; x_wconf 86' lang='lat' dir='ltr'>tioniquandocumque</span> <span class='ocrx_word' id='word_1_335' title='bbox 1471 466 1550 501; x_wconf 90' lang='lat' dir='ltr'>uniri</span> <span class='ocrx_word' id='word_1_336' title='bbox 1579 467 1625 502; x_wconf 92' lang='lat' dir='ltr'>vel</span> <span class='ocrx_word' id='word_1_337' title='bbox 1649 467 1838 514; x_wconf 85' lang='lat' dir='ltr'>incorporari</span> 
     </span>
     <span class='ocr_line' id='line_1_67' title="bbox 1090 515 1841 564; baseline 0.004 -16"><span class='ocrx_word' id='word_1_338' title='bbox 1090 526 1146 548; x_wconf 88' lang='lat' dir='ltr'>seu</span> <span class='ocrx_word' id='word_1_339' title='bbox 1168 515 1281 549; x_wconf 88' lang='lat' dir='ltr'>subiici</span> <span class='ocrx_word' id='word_1_340' title='bbox 1305 515 1351 549; x_wconf 82' lang='lat' dir='ltr'>vel</span> <span class='ocrx_word' id='word_1_341' title='bbox 1375 516 1450 550; x_wconf 89' lang='lat' dir='ltr'>alias</span> <span class='ocrx_word' id='word_1_342' title='bbox 1472 516 1708 564; x_wconf 86' lang='lat' dir='ltr'>quomodolibet</span> <span class='ocrx_word' id='word_1_343' title='bbox 1728 529 1841 564; x_wconf 79' lang='lat' dir='ltr'>aggre-</span> 
     </span>
     <span class='ocr_line' id='line_1_68' title="bbox 1090 565 1841 613; baseline 0.004 -15"><span class='ocrx_word' id='word_1_344' title='bbox 1090 565 1154 610; x_wconf 87' lang='lat' dir='ltr'>gari</span> <span class='ocrx_word' id='word_1_345' title='bbox 1178 565 1355 611; x_wconf 70' lang='lat' dir='ltr'>contigerit,</span> <span class='ocrx_word' id='word_1_346' title='bbox 1373 565 1539 613; x_wconf 87' lang='lat' dir='ltr'>omniaque</span> <span class='ocrx_word' id='word_1_347' title='bbox 1554 573 1583 600; x_wconf 87' lang='lat' dir='ltr'>et</span> <span class='ocrx_word' id='word_1_348' title='bbox 1598 566 1718 612; x_wconf 85' lang='lat' dir='ltr'>singula</span> <span class='ocrx_word' id='word_1_349' title='bbox 1734 567 1841 601; x_wconf 89' lang='lat' dir='ltr'>dicto-</span> 
     </span>
     <span class='ocr_line' id='line_1_69' title="bbox 1090 614 1842 662; baseline 0.003 -15"><span class='ocrx_word' id='word_1_350' title='bbox 1090 626 1158 647; x_wconf 88' lang='lat' dir='ltr'>rum</span> <span class='ocrx_word' id='word_1_351' title='bbox 1187 614 1461 659; x_wconf 85' lang='lat' dir='ltr'>monasteriorum,</span> <span class='ocrx_word' id='word_1_352' title='bbox 1481 616 1673 662; x_wconf 89' lang='lat' dir='ltr'>prioratuum</span> <span class='ocrx_word' id='word_1_353' title='bbox 1693 625 1723 651; x_wconf 88' lang='lat' dir='ltr'>et</span> <span class='ocrx_word' id='word_1_354' title='bbox 1749 616 1842 651; x_wconf 74' lang='lat' dir='ltr'>loco-</span> 
     </span>
     <span class='ocr_line' id='line_1_70' title="bbox 1090 664 1841 709; baseline 0.008 -13"><span class='ocrx_word' id='word_1_355' title='bbox 1090 675 1172 708; x_wconf 88' lang='lat' dir='ltr'>rum,</span> <span class='ocrx_word' id='word_1_356' title='bbox 1190 664 1397 709; x_wconf 88' lang='lat' dir='ltr'>praesentium</span> <span class='ocrx_word' id='word_1_357' title='bbox 1420 672 1451 699; x_wconf 93' lang='lat' dir='ltr'>et</span> <span class='ocrx_word' id='word_1_358' title='bbox 1472 664 1662 705; x_wconf 90' lang='lat' dir='ltr'>futurorum,</span> <span class='ocrx_word' id='word_1_359' title='bbox 1681 666 1841 702; x_wconf 52' lang='lat' dir='ltr'>ecclesias.</span> 
     </span>
     <span class='ocr_line' id='line_1_71' title="bbox 1089 712 1838 761; baseline 0.004 -14"><span class='ocrx_word' id='word_1_360' title='bbox 1089 712 1359 760; x_wconf 85' lang='lat' dir='ltr'>cappellas,etiam</span> <span class='ocrx_word' id='word_1_361' title='bbox 1375 714 1400 748; x_wconf 92' lang='lat' dir='ltr'>si</span> <span class='ocrx_word' id='word_1_362' title='bbox 1417 714 1446 748; x_wconf 91' lang='lat' dir='ltr'>in</span> <span class='ocrx_word' id='word_1_363' title='bbox 1458 714 1646 761; x_wconf 88' lang='lat' dir='ltr'>ipsiscuram</span> <span class='ocrx_word' id='word_1_364' title='bbox 1664 716 1838 750; x_wconf 80' lang='lat' dir='ltr'>animarum</span> 
     </span>
     <span class='ocr_line' id='line_1_72' title="bbox 1091 762 1840 807; baseline 0.007 -12"><span class='ocrx_word' id='word_1_365' title='bbox 1091 762 1276 806; x_wconf 88' lang='lat' dir='ltr'>immineat,</span> <span class='ocrx_word' id='word_1_366' title='bbox 1302 764 1457 807; x_wconf 86' lang='lat' dir='ltr'>oratoria,</span> <span class='ocrx_word' id='word_1_367' title='bbox 1483 764 1635 799; x_wconf 86' lang='lat' dir='ltr'>manualia</span> <span class='ocrx_word' id='word_1_368' title='bbox 1653 793 1661 806; x_wconf 92' lang='lat'>,</span> <span class='ocrx_word' id='word_1_369' title='bbox 1688 765 1840 806; x_wconf 86' lang='lat' dir='ltr'>membra,</span> 
     </span>
     <span class='ocr_line' id='line_1_73' title="bbox 1090 811 1840 862; baseline 0.003 -16"><span class='ocrx_word' id='word_1_370' title='bbox 1090 819 1201 850; x_wconf 82' lang='lat' dir='ltr'>castra,</span> <span class='ocrx_word' id='word_1_371' title='bbox 1216 811 1377 857; x_wconf 91' lang='lat' dir='ltr'>fortalicia,</span> <span class='ocrx_word' id='word_1_372' title='bbox 1399 813 1550 853; x_wconf 80' lang='lat' dir='ltr'>aedilicia,</span> <span class='ocrx_word' id='word_1_373' title='bbox 1566 814 1665 854; x_wconf 88' lang='lat' dir='ltr'>villas,</span> <span class='ocrx_word' id='word_1_374' title='bbox 1682 816 1840 862; x_wconf 69' lang='lat' dir='ltr'>grangias,</span> 
     </span>
     <span class='ocr_line' id='line_1_74' title="bbox 1089 861 1840 909; baseline 0.004 -14"><span class='ocrx_word' id='word_1_375' title='bbox 1089 861 1207 906; x_wconf 90' lang='lat' dir='ltr'>vineas,</span> <span class='ocrx_word' id='word_1_376' title='bbox 1229 861 1340 896; x_wconf 90' lang='lat' dir='ltr'>oliveta</span> <span class='ocrx_word' id='word_1_377' title='bbox 1367 870 1397 896; x_wconf 89' lang='lat' dir='ltr'>et</span> <span class='ocrx_word' id='word_1_378' title='bbox 1423 863 1543 904; x_wconf 88' lang='lat' dir='ltr'>hortos,</span> <span class='ocrx_word' id='word_1_379' title='bbox 1570 864 1675 909; x_wconf 90' lang='lat' dir='ltr'>silvas,</span> <span class='ocrx_word' id='word_1_380' title='bbox 1699 878 1840 909; x_wconf 76' lang='lat' dir='ltr'>nemora,</span> 
     </span>
     <span class='ocr_line' id='line_1_75' title="bbox 1090 912 1840 959; baseline 0.008 -15"><span class='ocrx_word' id='word_1_381' title='bbox 1090 918 1187 958; x_wconf 87' lang='lat' dir='ltr'>prata,</span> <span class='ocrx_word' id='word_1_382' title='bbox 1214 923 1341 958; x_wconf 89' lang='lat' dir='ltr'>pascua,</span> <span class='ocrx_word' id='word_1_383' title='bbox 1363 912 1564 959; x_wconf 78' lang='lat' dir='ltr'>piscationes,</span> <span class='ocrx_word' id='word_1_384' title='bbox 1590 914 1782 959; x_wconf 90' lang='lat' dir='ltr'>molendina,</span> <span class='ocrx_word' id='word_1_385' title='bbox 1807 930 1840 950; x_wconf 87' lang='lat' dir='ltr'>a-</span> 
     </span>
     <span class='ocr_line' id='line_1_76' title="bbox 1088 961 1840 1008; baseline 0.007 -14"><span class='ocrx_word' id='word_1_386' title='bbox 1088 972 1178 1008; x_wconf 89' lang='lat' dir='ltr'>quas,</span> <span class='ocrx_word' id='word_1_387' title='bbox 1200 973 1349 1008; x_wconf 88' lang='lat' dir='ltr'>aquarum</span> <span class='ocrx_word' id='word_1_388' title='bbox 1367 961 1621 1007; x_wconf 87' lang='lat' dir='ltr'>decursus,iura,</span> <span class='ocrx_word' id='word_1_389' title='bbox 1645 964 1840 999; x_wconf 83' lang='lat' dir='ltr'>iurisdictio-</span> 
     </span>
     <span class='ocr_line' id='line_1_77' title="bbox 1090 1011 1840 1062; baseline 0.007 -18"><span class='ocrx_word' id='word_1_390' title='bbox 1090 1022 1155 1048; x_wconf 83' lang='lat' dir='ltr'>nes,</span> <span class='ocrx_word' id='word_1_391' title='bbox 1185 1011 1323 1057; x_wconf 88' lang='lat' dir='ltr'>praedia,</span> <span class='ocrx_word' id='word_1_392' title='bbox 1350 1013 1569 1058; x_wconf 88' lang='lat' dir='ltr'>possessiones</span> <span class='ocrx_word' id='word_1_393' title='bbox 1591 1021 1621 1048; x_wconf 87' lang='lat' dir='ltr'>et</span> <span class='ocrx_word' id='word_1_394' title='bbox 1644 1013 1724 1048; x_wconf 89' lang='lat' dir='ltr'>bona</span> <span class='ocrx_word' id='word_1_395' title='bbox 1747 1027 1840 1062; x_wconf 78' lang='lat' dir='ltr'>quac-</span> 
     </span>
     <span class='ocr_line' id='line_1_78' title="bbox 1088 1061 1840 1108; baseline 0.008 -15"><span class='ocrx_word' id='word_1_396' title='bbox 1088 1072 1238 1107; x_wconf 84' lang='lat' dir='ltr'>cumque,</span> <span class='ocrx_word' id='word_1_397' title='bbox 1260 1072 1341 1107; x_wconf 88' lang='lat' dir='ltr'>quae</span> <span class='ocrx_word' id='word_1_398' title='bbox 1363 1061 1393 1095; x_wconf 95' lang='lat' dir='ltr'>in</span> <span class='ocrx_word' id='word_1_399' title='bbox 1417 1063 1590 1108; x_wconf 87' lang='lat' dir='ltr'>praesentia</span> <span class='ocrx_word' id='word_1_400' title='bbox 1604 1071 1676 1097; x_wconf 89' lang='lat' dir='ltr'>sunt</span> <span class='ocrx_word' id='word_1_401' title='bbox 1692 1064 1766 1098; x_wconf 87' lang='lat' dir='ltr'>etin</span> <span class='ocrx_word' id='word_1_402' title='bbox 1783 1065 1840 1099; x_wconf 84' lang='lat' dir='ltr'>fu-</span> 
     </span>
     <span class='ocr_line' id='line_1_79' title="bbox 1088 1109 1838 1161; baseline 0.004 -18"><span class='ocrx_word' id='word_1_403' title='bbox 1088 1116 1193 1144; x_wconf 90' lang='lat' dir='ltr'>turum</span> <span class='ocrx_word' id='word_1_404' title='bbox 1210 1118 1303 1144; x_wconf 90' lang='lat' dir='ltr'>erunt</span> <span class='ocrx_word' id='word_1_405' title='bbox 1317 1109 1419 1145; x_wconf 90' lang='lat' dir='ltr'>dictae</span> <span class='ocrx_word' id='word_1_406' title='bbox 1435 1112 1699 1158; x_wconf 86' lang='lat' dir='ltr'>congregationis,</span> <span class='ocrx_word' id='word_1_407' title='bbox 1714 1121 1744 1148; x_wconf 88' lang='lat' dir='ltr'>et</span> <span class='ocrx_word' id='word_1_408' title='bbox 1758 1126 1838 1161; x_wconf 74' lang='lat' dir='ltr'>quac&gt;v</span> 
     </span>
     <span class='ocr_line' id='line_1_80' title="bbox 1087 1159 1839 1207; baseline 0.008 -14"><span class='ocrx_word' id='word_1_409' title='bbox 1087 1160 1191 1194; x_wconf 90' lang='lat' dir='ltr'>omnia</span> <span class='ocrx_word' id='word_1_410' title='bbox 1203 1167 1232 1194; x_wconf 92' lang='lat' dir='ltr'>et</span> <span class='ocrx_word' id='word_1_411' title='bbox 1243 1159 1443 1207; x_wconf 84' lang='lat' dir='ltr'>singula,per</span> <span class='ocrx_word' id='word_1_412' title='bbox 1453 1172 1560 1196; x_wconf 92' lang='lat' dir='ltr'>eorum</span> <span class='ocrx_word' id='word_1_413' title='bbox 1577 1161 1839 1207; x_wconf 77' lang='lat' dir='ltr'>vocabula,fines,</span> 
     </span>
     <span class='ocr_line' id='line_1_81' title="bbox 1088 1208 1838 1258; baseline 0.009 -17"><span class='ocrx_word' id='word_1_414' title='bbox 1088 1208 1219 1252; x_wconf 90' lang='lat' dir='ltr'>valores,</span> <span class='ocrx_word' id='word_1_415' title='bbox 1234 1210 1402 1256; x_wconf 88' lang='lat' dir='ltr'>qualitates</span> <span class='ocrx_word' id='word_1_416' title='bbox 1412 1218 1442 1244; x_wconf 89' lang='lat' dir='ltr'>et</span> <span class='ocrx_word' id='word_1_417' title='bbox 1454 1211 1654 1258; x_wconf 89' lang='lat' dir='ltr'>quantitates,</span> <span class='ocrx_word' id='word_1_418' title='bbox 1667 1212 1719 1247; x_wconf 89' lang='lat' dir='ltr'>hic</span> <span class='ocrx_word' id='word_1_419' title='bbox 1732 1213 1838 1248; x_wconf 88' lang='lat' dir='ltr'>haberi</span> 
     </span>
     <span class='ocr_line' id='line_1_82' title="bbox 1087 1257 1840 1310; baseline 0.008 -19"><span class='ocrx_word' id='word_1_420' title='bbox 1087 1257 1233 1293; x_wconf 89' lang='lat' dir='ltr'>volumus</span> <span class='ocrx_word' id='word_1_421' title='bbox 1252 1271 1308 1306; x_wconf 92' lang='lat' dir='ltr'>pro</span> <span class='ocrx_word' id='word_1_422' title='bbox 1327 1259 1520 1296; x_wconf 85' lang='lat' dir='ltr'>sufficienter</span> <span class='ocrx_word' id='word_1_423' title='bbox 1536 1263 1705 1308; x_wconf 87' lang='lat' dir='ltr'>expressis,</span> <span class='ocrx_word' id='word_1_424' title='bbox 1720 1275 1735 1297; x_wconf 88' lang='lat' dir='ltr'>a</span> <span class='ocrx_word' id='word_1_425' title='bbox 1752 1275 1840 1310; x_wconf 86' lang='lat' dir='ltr'>quo-</span> 
     </span>
     <span class='ocr_line' id='line_1_83' title="bbox 1087 1308 1841 1358; baseline 0.008 -17"><span class='ocrx_word' id='word_1_426' title='bbox 1087 1320 1295 1355; x_wconf 89' lang='lat' dir='ltr'>rumcumque</span> <span class='ocrx_word' id='word_1_427' title='bbox 1317 1308 1503 1355; x_wconf 85' lang='lat' dir='ltr'>legatorum,</span> <span class='ocrx_word' id='word_1_428' title='bbox 1516 1311 1611 1345; x_wconf 90' lang='lat' dir='ltr'>etiam</span> <span class='ocrx_word' id='word_1_429' title='bbox 1630 1311 1667 1346; x_wconf 91' lang='lat' dir='ltr'>de</span> <span class='ocrx_word' id='word_1_430' title='bbox 1688 1311 1794 1358; x_wconf 85' lang='lat' dir='ltr'>latere,</span> <span class='ocrx_word' id='word_1_431' title='bbox 1811 1323 1841 1348; x_wconf 87' lang='lat' dir='ltr'>et</span> 
     </span>
     <span class='ocr_line' id='line_1_84' title="bbox 1085 1357 1838 1404; baseline 0.008 -13"><span class='ocrx_word' id='word_1_432' title='bbox 1085 1357 1374 1404; x_wconf 82' lang='lat' dir='ltr'>subdelegatorum‚</span> <span class='ocrx_word' id='word_1_433' title='bbox 1389 1371 1511 1394; x_wconf 90' lang='lat' dir='ltr'>necnon</span> <span class='ocrx_word' id='word_1_434' title='bbox 1533 1361 1722 1396; x_wconf 87' lang='lat' dir='ltr'>nunciorum</span> <span class='ocrx_word' id='word_1_435' title='bbox 1737 1362 1838 1398; x_wconf 87' lang='lat' dir='ltr'>dictae</span> 
     </span>
     <span class='ocr_line' id='line_1_85' title="bbox 1084 1406 1839 1459; baseline 0.009 -19"><span class='ocrx_word' id='word_1_436' title='bbox 1084 1406 1188 1447; x_wconf 89' lang='lat' dir='ltr'>Sedis,</span> <span class='ocrx_word' id='word_1_437' title='bbox 1205 1419 1239 1442; x_wconf 89' lang='lat' dir='ltr'>ac</span> <span class='ocrx_word' id='word_1_438' title='bbox 1252 1408 1452 1450; x_wconf 85' lang='lat' dir='ltr'>vicariorum,</span> <span class='ocrx_word' id='word_1_439' title='bbox 1468 1418 1624 1444; x_wconf 90' lang='lat' dir='ltr'>rectorum</span> <span class='ocrx_word' id='word_1_440' title='bbox 1640 1418 1670 1445; x_wconf 89' lang='lat' dir='ltr'>et</span> <span class='ocrx_word' id='word_1_441' title='bbox 1691 1424 1839 1459; x_wconf 87' lang='lat' dir='ltr'>quorum-</span> 
     </span>
     <span class='ocr_line' id='line_1_86' title="bbox 1085 1456 1835 1501; baseline 0.011 -12"><span class='ocrx_word' id='word_1_442' title='bbox 1085 1456 1131 1490; x_wconf 86' lang='lat' dir='ltr'>vis</span> <span class='ocrx_word' id='word_1_443' title='bbox 1146 1457 1326 1492; x_wconf 88' lang='lat' dir='ltr'>officialium</span> <span class='ocrx_word' id='word_1_444' title='bbox 1346 1459 1509 1494; x_wconf 86' lang='lat' dir='ltr'>Romanae</span> <span class='ocrx_word' id='word_1_445' title='bbox 1524 1460 1700 1501; x_wconf 78' lang='lat' dir='ltr'>Ecclesiae,</span> <span class='ocrx_word' id='word_1_446' title='bbox 1714 1474 1835 1497; x_wconf 91' lang='lat' dir='ltr'>necnon</span> 
     </span>
     <span class='ocr_line' id='line_1_87' title="bbox 1086 1507 1839 1559; baseline 0.007 -19"><span class='ocrx_word' id='word_1_447' title='bbox 1086 1507 1345 1553; x_wconf 86' lang='lat' dir='ltr'>patriarcharum,</span> <span class='ocrx_word' id='word_1_448' title='bbox 1369 1509 1692 1557; x_wconf 88' lang='lat' dir='ltr'>archiepiscoporum,</span> <span class='ocrx_word' id='word_1_449' title='bbox 1719 1513 1839 1559; x_wconf 80' lang='lat' dir='ltr'>episco-</span> 
     </span>
     <span class='ocr_line' id='line_1_88' title="bbox 1084 1557 1838 1602; baseline 0.007 -12"><span class='ocrx_word' id='word_1_450' title='bbox 1084 1567 1209 1602; x_wconf 91' lang='lat' dir='ltr'>porum,</span> <span class='ocrx_word' id='word_1_451' title='bbox 1223 1557 1707 1602; x_wconf 88' lang='lat' dir='ltr'>electorum,administratorum</span> <span class='ocrx_word' id='word_1_452' title='bbox 1724 1563 1838 1597; x_wconf 76' lang='lat' dir='ltr'>etalio-</span> 
     </span>
     <span class='ocr_line' id='line_1_89' title="bbox 1084 1609 1836 1655; baseline 0.011 -16"><span class='ocrx_word' id='word_1_453' title='bbox 1084 1618 1153 1640; x_wconf 90' lang='lat' dir='ltr'>rum</span> <span class='ocrx_word' id='word_1_454' title='bbox 1177 1619 1450 1655; x_wconf 86' lang='lat' dir='ltr'>quorumcumque</span> <span class='ocrx_word' id='word_1_455' title='bbox 1473 1609 1626 1651; x_wconf 91' lang='lat' dir='ltr'>iudicum,</span> <span class='ocrx_word' id='word_1_456' title='bbox 1653 1610 1836 1647; x_wconf 81' lang='lat' dir='ltr'>ordinario-</span> 
     </span>
     <span class='ocr_line' id='line_1_90' title="bbox 1084 1657 1837 1708; baseline 0.009 -19"><span class='ocrx_word' id='word_1_457' title='bbox 1084 1668 1164 1700; x_wconf 93' lang='lat' dir='ltr'>rum,</span> <span class='ocrx_word' id='word_1_458' title='bbox 1180 1657 1290 1703; x_wconf 88' lang='lat' dir='ltr'>quavis</span> <span class='ocrx_word' id='word_1_459' title='bbox 1304 1658 1487 1693; x_wconf 89' lang='lat' dir='ltr'>auctoritate</span> <span class='ocrx_word' id='word_1_460' title='bbox 1500 1668 1530 1694; x_wconf 91' lang='lat' dir='ltr'>et</span> <span class='ocrx_word' id='word_1_461' title='bbox 1546 1667 1696 1706; x_wconf 85' lang='lat' dir='ltr'>potestate</span> <span class='ocrx_word' id='word_1_462' title='bbox 1711 1661 1837 1708; x_wconf 82' lang='lat' dir='ltr'>fulgen—</span> 
     </span>
     <span class='ocr_line' id='line_1_91' title="bbox 1083 1705 1836 1756; baseline 0.011 -17"><span class='ocrx_word' id='word_1_463' title='bbox 1083 1705 1174 1750; x_wconf 90' lang='lat' dir='ltr'>tium,</span> <span class='ocrx_word' id='word_1_464' title='bbox 1197 1706 1352 1741; x_wconf 89' lang='lat' dir='ltr'>dictorum</span> <span class='ocrx_word' id='word_1_465' title='bbox 1378 1708 1573 1751; x_wconf 88' lang='lat' dir='ltr'>auctoritate,</span> <span class='ocrx_word' id='word_1_466' title='bbox 1597 1718 1760 1756; x_wconf 84' lang='lat' dir='ltr'>potestate,</span> <span class='ocrx_word' id='word_1_467' title='bbox 1776 1712 1836 1746; x_wconf 91' lang='lat' dir='ltr'>do-</span> 
     </span>
     <span class='ocr_line' id='line_1_92' title="bbox 1083 1755 1835 1799; baseline 0.012 -11"><span class='ocrx_word' id='word_1_468' title='bbox 1083 1755 1191 1799; x_wconf 75' lang='lat' dir='ltr'>minio,</span> <span class='ocrx_word' id='word_1_469' title='bbox 1202 1756 1387 1797; x_wconf 86' lang='lat' dir='ltr'>visitatione,</span> <span class='ocrx_word' id='word_1_470' title='bbox 1400 1757 1621 1794; x_wconf 86' lang='lat' dir='ltr'>reformatione</span> <span class='ocrx_word' id='word_1_471' title='bbox 1633 1767 1662 1794; x_wconf 87' lang='lat' dir='ltr'>et</span> <span class='ocrx_word' id='word_1_472' title='bbox 1672 1763 1835 1797; x_wconf 87' lang='lat' dir='ltr'>correctio·</span> 
     </span>
     <span class='ocr_line' id='line_1_93' title="bbox 1082 1804 1834 1855; baseline 0.011 -17"><span class='ocrx_word' id='word_1_473' title='bbox 1082 1804 1271 1853; x_wconf 88' lang='lat' dir='ltr'>ne,itaquod</span> <span class='ocrx_word' id='word_1_474' title='bbox 1284 1806 1436 1841; x_wconf 88' lang='lat' dir='ltr'>indictam</span> <span class='ocrx_word' id='word_1_475' title='bbox 1448 1809 1734 1855; x_wconf 81' lang='lat' dir='ltr'>congregationem,</span> <span class='ocrx_word' id='word_1_476' title='bbox 1744 1811 1790 1846; x_wconf 88' lang='lat' dir='ltr'>vel</span> <span class='ocrx_word' id='word_1_477' title='bbox 1805 1814 1834 1846; x_wconf 92' lang='lat' dir='ltr'>in</span> 
     </span>
     <span class='ocr_line' id='line_1_94' title="bbox 1081 1854 1834 1905; baseline 0.011 -17"><span class='ocrx_word' id='word_1_478' title='bbox 1081 1854 1150 1889; x_wconf 88' lang='lat' dir='ltr'>eius</span> <span class='ocrx_word' id='word_1_479' title='bbox 1171 1855 1347 1901; x_wconf 85' lang='lat' dir='ltr'>singulares</span> <span class='ocrx_word' id='word_1_480' title='bbox 1371 1868 1521 1903; x_wconf 88' lang='lat' dir='ltr'>personas</span> <span class='ocrx_word' id='word_1_481' title='bbox 1533 1870 1589 1893; x_wconf 88' lang='lat' dir='ltr'>seu</span> <span class='ocrx_word' id='word_1_482' title='bbox 1608 1859 1834 1905; x_wconf 65' lang='lat' dir='ltr'>benefactores,</span> 
     </span>
     <span class='ocr_line' id='line_1_95' title="bbox 1081 1905 1833 1946; baseline 0.011 -8"><span class='ocrx_word' id='word_1_483' title='bbox 1081 1905 1245 1940; x_wconf 87' lang='lat' dir='ltr'>occasione</span> <span class='ocrx_word' id='word_1_484' title='bbox 1261 1905 1488 1941; x_wconf 89' lang='lat' dir='ltr'>beneficiorum</span> <span class='ocrx_word' id='word_1_485' title='bbox 1504 1908 1624 1943; x_wconf 88' lang='lat' dir='ltr'>eisdem</span> <span class='ocrx_word' id='word_1_486' title='bbox 1647 1910 1833 1946; x_wconf 86' lang='lat' dir='ltr'>collatorum</span> 
     </span>
     <span class='ocr_line' id='line_1_96' title="bbox 1081 1953 1834 2002; baseline 0.012 -15"><span class='ocrx_word' id='word_1_487' title='bbox 1081 1953 1118 1988; x_wconf 92' lang='lat' dir='ltr'>ab</span> <span class='ocrx_word' id='word_1_488' title='bbox 1134 1954 1190 1996; x_wconf 85' lang='lat' dir='ltr'>eis,</span> <span class='ocrx_word' id='word_1_489' title='bbox 1212 1963 1266 1990; x_wconf 92' lang='lat' dir='ltr'>aut</span> <span class='ocrx_word' id='word_1_490' title='bbox 1282 1956 1353 2002; x_wconf 91' lang='lat' dir='ltr'>quia</span> <span class='ocrx_word' id='word_1_491' title='bbox 1369 1956 1485 1991; x_wconf 91' lang='lat' dir='ltr'>subditi</span> <span class='ocrx_word' id='word_1_492' title='bbox 1503 1969 1611 1992; x_wconf 87' lang='lat' dir='ltr'>eorum</span> <span class='ocrx_word' id='word_1_493' title='bbox 1629 1971 1699 1994; x_wconf 90' lang='lat' dir='ltr'>cum</span> <span class='ocrx_word' id='word_1_494' title='bbox 1715 1961 1834 1996; x_wconf 91' lang='lat' dir='ltr'>eisdem</span> 
     </span>
     <span class='ocr_line' id='line_1_97' title="bbox 1082 2004 1837 2056; baseline 0.011 -19"><span class='ocrx_word' id='word_1_495' title='bbox 1082 2004 1223 2039; x_wconf 88' lang='lat' dir='ltr'>monacis</span> <span class='ocrx_word' id='word_1_496' title='bbox 1249 2014 1488 2047; x_wconf 80' lang='lat' dir='ltr'>conversentur,</span> <span class='ocrx_word' id='word_1_497' title='bbox 1516 2020 1570 2042; x_wconf 92' lang='lat' dir='ltr'>seu</span> <span class='ocrx_word' id='word_1_498' title='bbox 1592 2008 1632 2043; x_wconf 93' lang='lat' dir='ltr'>ab</span> <span class='ocrx_word' id='word_1_499' title='bbox 1653 2009 1730 2056; x_wconf 92' lang='lat' dir='ltr'>ipsis</span> <span class='ocrx_word' id='word_1_500' title='bbox 1757 2013 1837 2046; x_wconf 91' lang='lat' dir='ltr'>reci-</span> 
     </span>
     <span class='ocr_line' id='line_1_98' title="bbox 1082 2053 1834 2100; baseline 0.011 -13"><span class='ocrx_word' id='word_1_501' title='bbox 1082 2053 1165 2100; x_wconf 90' lang='lat' dir='ltr'>piant</span> <span class='ocrx_word' id='word_1_502' title='bbox 1179 2054 1384 2090; x_wconf 87' lang='lat' dir='ltr'>absolutionis</span> <span class='ocrx_word' id='word_1_503' title='bbox 1394 2064 1424 2090; x_wconf 91' lang='lat' dir='ltr'>et</span> <span class='ocrx_word' id='word_1_504' title='bbox 1435 2056 1648 2093; x_wconf 86' lang='lat' dir='ltr'>Eucharistiae</span> <span class='ocrx_word' id='word_1_505' title='bbox 1661 2071 1834 2095; x_wconf 55' lang='lat' dir='ltr'>sacramen«</span> 
     </span>
     <span class='ocr_line' id='line_1_99' title="bbox 1081 2109 1832 2159; baseline 0.008 -18"><span class='ocrx_word' id='word_1_506' title='bbox 1081 2115 1160 2149; x_wconf 88' lang='lat' dir='ltr'>tum;</span> <span class='ocrx_word' id='word_1_507' title='bbox 1175 2120 1296 2143; x_wconf 90' lang='lat' dir='ltr'>necnon</span> <span class='ocrx_word' id='word_1_508' title='bbox 1311 2109 1340 2144; x_wconf 93' lang='lat' dir='ltr'>in</span> <span class='ocrx_word' id='word_1_509' title='bbox 1355 2112 1558 2156; x_wconf 88' lang='lat' dir='ltr'>monasteria,</span> <span class='ocrx_word' id='word_1_510' title='bbox 1582 2112 1748 2159; x_wconf 83' lang='lat' dir='ltr'>prioratus,</span> <span class='ocrx_word' id='word_1_511' title='bbox 1767 2115 1832 2150; x_wconf 65' lang='lat' dir='ltr'>loca</span> 
     </span>
     <span class='ocr_line' id='line_1_100' title="bbox 1081 2163 1833 2211; baseline 0.011 -16"><span class='ocrx_word' id='word_1_512' title='bbox 1081 2169 1111 2196; x_wconf 87' lang='lat' dir='ltr'>et</span> <span class='ocrx_word' id='word_1_513' title='bbox 1124 2173 1276 2208; x_wconf 86' lang='lat' dir='ltr'>personas</span> <span class='ocrx_word' id='word_1_514' title='bbox 1291 2163 1322 2197; x_wconf 93' lang='lat' dir='ltr'>in</span> <span class='ocrx_word' id='word_1_515' title='bbox 1339 2164 1384 2198; x_wconf 92' lang='lat' dir='ltr'>eis</span> <span class='ocrx_word' id='word_1_516' title='bbox 1405 2164 1569 2211; x_wconf 86' lang='lat' dir='ltr'>degentes,</span> <span class='ocrx_word' id='word_1_517' title='bbox 1584 2166 1702 2202; x_wconf 89' lang='lat' dir='ltr'>ratione</span> <span class='ocrx_word' id='word_1_518' title='bbox 1716 2168 1833 2208; x_wconf 82' lang='lat' dir='ltr'>delicti,</span> 
     </span>
     <span class='ocr_line' id='line_1_101' title="bbox 1080 2221 1831 2270; baseline 0.011 -21"><span class='ocrx_word' id='word_1_519' title='bbox 1080 2226 1229 2251; x_wconf 83' lang='lat' dir='ltr'>excessus</span> <span class='ocrx_word' id='word_1_520' title='bbox 1264 2228 1319 2251; x_wconf 85' lang='lat' dir='ltr'>seu</span> <span class='ocrx_word' id='word_1_521' title='bbox 1349 2226 1527 2254; x_wconf 87' lang='lat' dir='ltr'>contractus</span> <span class='ocrx_word' id='word_1_522' title='bbox 1554 2227 1606 2254; x_wconf 84' lang='lat' dir='ltr'>aut</span> <span class='ocrx_word' id='word_1_523' title='bbox 1634 2221 1676 2255; x_wconf 88' lang='lat' dir='ltr'>rei</span> <span class='ocrx_word' id='word_1_524' title='bbox 1711 2221 1750 2257; x_wconf 91' lang='lat' dir='ltr'>de</span> <span class='ocrx_word' id='word_1_525' title='bbox 1772 2236 1831 2270; x_wconf 74' lang='lat' dir='ltr'>qua</span> 
     </span>
     <span class='ocr_line' id='line_1_102' title="bbox 1079 2270 1832 2319; baseline 0.007 -15"><span class='ocrx_word' id='word_1_526' title='bbox 1079 2270 1193 2316; x_wconf 87' lang='lat' dir='ltr'>agitur,</span> <span class='ocrx_word' id='word_1_527' title='bbox 1203 2271 1394 2319; x_wconf 88' lang='lat' dir='ltr'>ubicumque</span> <span class='ocrx_word' id='word_1_528' title='bbox 1408 2273 1532 2308; x_wconf 90' lang='lat' dir='ltr'>ineatur</span> <span class='ocrx_word' id='word_1_529' title='bbox 1544 2283 1735 2317; x_wconf 88' lang='lat' dir='ltr'>contractus,</span> <span class='ocrx_word' id='word_1_530' title='bbox 1750 2290 1832 2312; x_wconf 86' lang='lat' dir='ltr'>com-</span> 
     </span>
     <span class='ocr_line' id='line_1_103' title="bbox 1080 2324 1830 2377; baseline 0.012 -19"><span class='ocrx_word' id='word_1_531' title='bbox 1080 2324 1222 2366; x_wconf 87' lang='lat' dir='ltr'>mittatur</span> <span class='ocrx_word' id='word_1_532' title='bbox 1243 2326 1407 2371; x_wconf 87' lang='lat' dir='ltr'>delictum,</span> <span class='ocrx_word' id='word_1_533' title='bbox 1434 2335 1488 2362; x_wconf 89' lang='lat' dir='ltr'>aut</span> <span class='ocrx_word' id='word_1_534' title='bbox 1516 2340 1565 2363; x_wconf 91' lang='lat' dir='ltr'>res</span> <span class='ocrx_word' id='word_1_535' title='bbox 1587 2329 1652 2377; x_wconf 90' lang='lat' dir='ltr'>ipsa</span> <span class='ocrx_word' id='word_1_536' title='bbox 1668 2331 1830 2368; x_wconf 81' lang='lat' dir='ltr'>consistat.</span> 
     </span>
     <span class='ocr_line' id='line_1_104' title="bbox 1079 2381 1828 2430; baseline 0.011 -17"><span class='ocrx_word' id='word_1_537' title='bbox 1079 2381 1428 2426; x_wconf 87' lang='lat' dir='ltr'>excommunicationis,</span> <span class='ocrx_word' id='word_1_538' title='bbox 1443 2383 1661 2430; x_wconf 89' lang='lat' dir='ltr'>suspensionis</span> <span class='ocrx_word' id='word_1_539' title='bbox 1676 2393 1706 2420; x_wconf 89' lang='lat' dir='ltr'>et</span> <span class='ocrx_word' id='word_1_540' title='bbox 1730 2385 1828 2421; x_wconf 51' lang='lat' dir='ltr'>inter2</span> 
     </span>
     <span class='ocr_line' id='line_1_105' title="bbox 1078 2432 1829 2483; baseline 0.011 -16"><span class='ocrx_word' id='word_1_541' title='bbox 1078 2432 1166 2474; x_wconf 90' lang='lat' dir='ltr'>dicti,</span> <span class='ocrx_word' id='word_1_542' title='bbox 1188 2442 1241 2468; x_wconf 92' lang='lat' dir='ltr'>aut</span> <span class='ocrx_word' id='word_1_543' title='bbox 1263 2434 1338 2469; x_wconf 90' lang='lat' dir='ltr'>alias</span> <span class='ocrx_word' id='word_1_544' title='bbox 1360 2437 1486 2482; x_wconf 89' lang='lat' dir='ltr'>quasvis</span> <span class='ocrx_word' id='word_1_545' title='bbox 1507 2439 1690 2483; x_wconf 89' lang='lat' dir='ltr'>sententias,</span> <span class='ocrx_word' id='word_1_546' title='bbox 1712 2441 1771 2474; x_wconf 89' lang='lat' dir='ltr'>nisi</span> <span class='ocrx_word' id='word_1_547' title='bbox 1792 2442 1829 2475; x_wconf 56' lang='lat' dir='ltr'>dt»</span> 
     </span>
     <span class='ocr_line' id='line_1_106' title="bbox 1078 2487 1828 2542; baseline 0.008 -21"><span class='ocrx_word' id='word_1_548' title='bbox 1078 2487 1205 2534; x_wconf 88' lang='lat' dir='ltr'>speciali</span> <span class='ocrx_word' id='word_1_549' title='bbox 1217 2487 1309 2523; x_wconf 89' lang='lat' dir='ltr'>Sedis</span> <span class='ocrx_word' id='word_1_550' title='bbox 1322 2489 1499 2536; x_wconf 89' lang='lat' dir='ltr'>praedictae</span> <span class='ocrx_word' id='word_1_551' title='bbox 1511 2493 1828 2542; x_wconf 49' lang='lat' dir='ltr'>commissionequo-</span> 
     </span>
     <span class='ocr_line' id='line_1_107' title="bbox 1079 2540 1825 2594; baseline 0.013 -20"><span class='ocrx_word' id='word_1_552' title='bbox 1079 2540 1262 2586; x_wconf 90' lang='lat' dir='ltr'>modolibet,</span> <span class='ocrx_word' id='word_1_553' title='bbox 1285 2542 1402 2578; x_wconf 87' lang='lat' dir='ltr'>directe</span> <span class='ocrx_word' id='word_1_554' title='bbox 1423 2544 1469 2579; x_wconf 91' lang='lat' dir='ltr'>vel</span> <span class='ocrx_word' id='word_1_555' title='bbox 1487 2545 1649 2587; x_wconf 86' lang='lat' dir='ltr'>indirecte,</span> <span class='ocrx_word' id='word_1_556' title='bbox 1673 2548 1825 2594; x_wconf 88' lang='lat' dir='ltr'>proferre,</span> 
     </span>
     <span class='ocr_line' id='line_1_108' title="bbox 1078 2596 1823 2648; baseline 0.013 -20"><span class='ocrx_word' id='word_1_557' title='bbox 1078 2606 1133 2629; x_wconf 93' lang='lat' dir='ltr'>seu</span> <span class='ocrx_word' id='word_1_558' title='bbox 1156 2596 1355 2642; x_wconf 84' lang='lat' dir='ltr'>promulgare</span> <span class='ocrx_word' id='word_1_559' title='bbox 1377 2610 1438 2633; x_wconf 93' lang='lat' dir='ltr'>non</span> <span class='ocrx_word' id='word_1_560' title='bbox 1461 2600 1593 2646; x_wconf 87' lang='lat' dir='ltr'>possint,</span> <span class='ocrx_word' id='word_1_561' title='bbox 1616 2613 1744 2648; x_wconf 90' lang='lat' dir='ltr'>prorsus</span> <span class='ocrx_word' id='word_1_562' title='bbox 1759 2606 1823 2638; x_wconf 88' lang='lat' dir='ltr'>exi-</span> 
     </span>
     <span class='ocr_line' id='line_1_109' title="bbox 1078 2649 1821 2704; baseline 0.013 -22"><span class='ocrx_word' id='word_1_563' title='bbox 1078 2649 1194 2684; x_wconf 88' lang='lat' dir='ltr'>mimus</span> <span class='ocrx_word' id='word_1_564' title='bbox 1216 2657 1245 2684; x_wconf 91' lang='lat' dir='ltr'>et</span> <span class='ocrx_word' id='word_1_565' title='bbox 1273 2650 1406 2686; x_wconf 88' lang='lat' dir='ltr'>totaliter</span> <span class='ocrx_word' id='word_1_566' title='bbox 1431 2652 1609 2689; x_wconf 88' lang='lat' dir='ltr'>liberamus.</span> <span class='ocrx_word' id='word_1_567' title='bbox 1633 2655 1739 2704; x_wconf 87' lang='lat' dir='ltr'>anue</span> <span class='ocrx_word' id='word_1_568' title='bbox 1753 2669 1821 2692; x_wconf 93' lang='lat' dir='ltr'>om—</span> 
     </span>
    </p>
   </div>
   <div class='ocr_carea' id='block_1_12' title="bbox 1863 262 2037 291">
    <p class='ocr_par' dir='ltr' id='par_1_14' title="bbox 1863 262 2037 291">
     <span class='ocr_line' id='line_1_110' title="bbox 1863 262 2037 291; baseline 0.017 -3"><span class='ocrx_word' id='word_1_569' title='bbox 1863 262 1909 291; x_wconf 84' lang='grc' dir='ltr'>Αη.</span> <span class='ocrx_word' id='word_1_570' title='bbox 1924 263 1952 288; x_wconf 82' lang='lat' dir='ltr'>C.</span> <span class='ocrx_word' id='word_1_571' title='bbox 1970 263 2037 291; x_wconf 68' lang='lat'>1507</span> 
     </span>
    </p>
   </div>
  </div>
 </body>
</html>
