2281 3251
196 232 246 256 Αη.
264 228 294 255 C.
313 228 380 255 ¹502

445 219 515 253 598
987 226 1172 249 urrunnu
1202 225 1361 248 nontsut
1967 224 2148 252 A11.C.t50·2

396 284 504 325 minet,
526 283 768 320 subiicerentur,
782 292 892 315 eorum
913 280 1032 315 incolae
1049 290 1077 316 et
1093 281 1149 316 ha-

396 333 543 368 bitatores
566 331 715 380 praedicti
739 330 913 365 laudabiles
935 342 969 365 se
992 331 1148 377 recepisse

395 392 544 422 rectores,
571 394 643 417 cum
673 380 816 415 maximis
843 392 952 414 eorum
973 380 1150 415 commodis

395 432 597 472 laetarentur,
621 430 726 465 habita
753 442 850 476 super
873 429 920 464 his
943 442 1015 463 cum
1044 428 1149 464 fratri-

395 482 453 516 bus
481 481 596 516 nostris
618 479 759 514 eiusdem
773 488 899 513 sanctae
915 478 1077 513 Romanae
1093 478 1151 513 Ec-

395 530 508 566 clesiae
531 529 744 565 cardinalibus
766 528 992 564 deliberatione
1017 537 1149 569 matura,

395 592 429 615 ac
453 579 492 614 de
517 591 625 614 corum
648 578 795 619 consilio,
830 579 935 613 omnia
969 587 998 613 et
1026 577 1150 624 singula

394 638 493 664 castra
516 637 546 664 et
567 628 634 663 loca
663 627 833 676 praedicta,
848 640 919 662 eum
949 628 1099 662 omnibus
1121 636 1151 662 et

395 678 530 724 singulis
553 689 663 712 eorum
687 686 717 712 et
738 676 907 712 cuiuslibet
929 677 1069 724 ipsorum
1101 677 1151 711 in-

395 727 474 762 colis
501 736 531 762 et
553 726 795 767 habitatoribus,
818 739 992 773 eorumque
1017 727 1107 761 bonis
1122 735 1151 761 et

395 776 502 822 rebus,
517 789 552 812 ac
573 776 781 819 districtibus,
801 776 974 816 territoriis,
994 777 1150 818 terminis,

396 826 487 871 villis,
502 826 640 867 arcibus,
667 825 834 869 fortalitiis,
857 825 1025 865 casalibus
1052 838 1150 860 mon-

395 875 491 915 tibus,
519 876 641 930 vineis,
654 874 762 922 sylxis,
786 876 894 922 pratis,
930 876 1065 922 pascuis
1094 888 1150 910 ne-

395 925 547 965 moribus,
569 925 670 972 aquis,
693 936 846 972 aquarum
870 923 1031 969 ductibus,
1046 924 1152 959 ssumi-

394 974 490 1009 nibus
525 982 554 1009 et
581 974 749 1009 fluminum
783 974 903 1014 alieis,
933 974 1150 1019 torrentibus,

396 1023 636 1070 piscationibus,
663 1023 866 1065 molendinis,
896 1023 986 1058 terris
1007 1023 1100 1058 cultis
1122 1032 1151 1058 ct

395 1073 534 1115 incultis,
558 1073 834 1108 iurisdictionibus
849 1081 879 1107 et
897 1072 967 1108 aliis
983 1073 1151 1120 quibusvis

396 1123 516 1157 iuribus
537 1131 567 1158 et
588 1124 684 1158 rebus
711 1123 895 1158 eorumdem
920 1122 958 1157 ab
981 1123 1066 1157 omni
1090 1135 1151 1157 su-

397 1172 588 1220 perioritate,
610 1172 764 1216 dominio,
791 1172 958 1219 gubernio,
988 1172 1151 1218 regimine,

398 1230 550 1269 potestate
572 1222 735 1269 Spoletan.
759 1229 787 1256 et
811 1222 1022 1257 luteramnen.
1047 1222 1151 1256 huius-

396 1271 483 1307 modi
511 1280 540 1307 et
575 1284 848 1326 quarumcumque
876 1272 1005 1306 aliarum
1035 1272 1151 1306 civita—

397 1330 462 1356 tum
485 1333 657 1377 earumque
683 1322 946 1356 communitatum
967 1333 1002 1355 ac
1016 1320 1149 1355 aliorum

395 1371 594 1418 superiorum
612 1379 642 1405 et
663 1370 909 1417 gubernatorum
924 1370 1151 1425 quorumlibe13

397 1432 519 1455 necnon
547 1420 586 1456 ab
608 1420 694 1455 omni
724 1419 954 1459 iurisdictione,
977 1420 1152 1466 superiori-

397 1478 470 1514 tate,
489 1478 642 1517 potestate
667 1481 703 1504 ac
725 1482 833 1513 onere,
861 1470 1077 1513 inferioritatt,
1101 1482 1151 1504 re-

396 1519 671 1555 commendatione
701 1528 731 1554 et
769 1519 980 1563 subiectione,
1016 1519 1152 1554 realibus

396 1577 426 1604 et
454 1568 673 1617 personalibus
700 1569 969 1624 quibuscumque,
993 1569 1152 1615 perpetuis

396 1618 710 1666 sivetemporalibus,
731 1619 760 1653 in
776 1618 891 1666 quibus
913 1627 1013 1653 castra
1037 1628 1067 1653 et
1086 1619 1150 1653 loca

398 1669 554 1716 praedicta
577 1678 607 1704 et
633 1680 743 1704 eorum
763 1668 900 1715 singula,
928 1667 1107 1703 cixitatibus
1123 1677 1152 1703 et

397 1718 676 1754 communitatibus
704 1718 874 1764 praedictis
896 1726 926 1753 et
948 1730 1055 1753 earum
1085 1718 1152 1752 cui-

397 1764 485 1812 libet,
507 1768 600 1803 etiam
627 1780 664 1802 ex
692 1768 854 1814 quibusvis
887 1768 990 1803 causis
1017 1780 1153 1814 quomo-

397 1817 515 1852 dolibet
533 1817 713 1863 obligentur
725 1826 754 1852 et
771 1825 948 1861 teneantur,
967 1817 1152 1852 auctoritate

397 1867 580 1914 apostolica,
599 1878 637 1902 ex
658 1876 742 1901 certa
766 1875 870 1902 nostra
890 1867 1031 1907 scientia,
1046 1875 1153 1901 tenore

399 1917 624 1962 praesentium,
641 1916 767 1964 penitus
784 1917 954 1951 eximimus
972 1924 1001 1950 et
1021 1916 1153 1951 totaliter

399 1965 586 2008 liberamus,
609 1978 644 2001 ac
663 1974 808 2013 exempta
832 1975 862 2001 et
886 1965 1015 2000 liberata
1030 1978 1109 2006 esse,
1123 1974 1153 2000 et

398 2015 560 2062 Spoletau.
584 2023 615 2050 et
636 2014 849 2050 Interannien.
878 2014 1073 2056 huiusmodi,
1101 2024 1153 2050 aut

397 2068 534 2117 aliquam
557 2069 648 2104 aliam
679 2070 939 2104 communitatem
963 2076 992 2104 et
1015 2068 1151 2116 aliquem

398 2124 492 2158 alium
505 2123 762 2170 gubernatorem,
779 2125 808 2158 in
824 2132 922 2159 castra
942 2132 971 2158 et
985 2123 1050 2158 loca
1070 2135 1155 2170 prae·

400 2176 471 2216 sata,
491 2177 536 2212 vet
552 2189 662 2213 eorum
683 2177 823 2225 aliquod,
838 2189 1012 2224 eorumque
1036 2177 1154 2212 incolas

399 2239 429 2265 et
451 2231 643 2267 habitatores
666 2240 847 2279 praesentes
874 2240 925 2267 aut
953 2232 1095 2271 futuros,
1118 2243 1153 2266 ac

399 2285 575 2331 districtus,
596 2286 761 2331 terminos,
783 2285 876 2330 bona,
901 2286 966 2321 iura
989 2294 1018 2320 et
1042 2298 1090 2319 res
1106 2297 1154 2320 ea-

401 2338 567 2385 rumdem,
593 2340 728 2387 aliquam
754 2339 1005 2375 iurisdictionem
1021 2366 1030 2384 ,
1055 2351 1154 2386 supc-

401 2393 588 2438 rioritatem,
609 2393 883 2440 gubernationem,
906 2393 1072 2428 arbitrium
1102 2400 1154 2426 aut

400 2448 491 2483 aliam
515 2455 699 2495 potestatem
717 2460 863 2484 exercerc
881 2461 938 2483 seu
959 2447 1073 2482 babere
1090 2447 1156 2481 unl-

402 2502 523 2537 latenus
544 2513 648 2549 posse,
670 2514 707 2536 ex
730 2502 825 2537 simili
850 2501 981 2537 scientia
1009 2501 1155 2535 decerui-

402 2568 473 2590 mus
495 2565 525 2591 et
546 2555 756 2591 declaramus.

450 2609 470 2656 S
498 2612 529 2644 5.
558 2609 599 2646 Et
622 2610 826 2646 nihilomiuus
849 2609 954 2646 omnia
982 2618 1010 2646 ct
1033 2609 1153 2656 singula
1200 2609 1327 2643 tis-simis
1355 2609 1460 2643 causis
1483 2618 1513 2644 et
1538 2607 1778 2643 necessitatibus
1805 2607 1898 2643 etiam
1914 2606 1954 2643 dc

1191 289 1302 322 castra,
1331 280 1410 321 loca,
1434 279 1576 323 incolas,
1600 278 1814 319 habitatores,
1842 277 1948 313 distri·
1978 285 2005 305 ¹20
1995 291 2119 313 [istumque
2109 292 2148 306 u-

1192 339 1283 369 ctus,
1307 329 1459 364 territoria
1476 356 1485 374 ,
1512 328 1579 364 loca
1603 339 1632 364 et
1660 341 1709 364 res
1736 327 1921 363 huiusmodi
1939 317 1994 372 ,2
1993 318 2149 370 'iiuiiuiile‘riie

1193 380 1361 426 regimini,
1401 379 1620 425 gubernationi
1661 378 1848 413 clericorum
1884 376 1949 412 Ca-
1964 380 2052 433 *viss*
2089 386 2149 400 ⁶⁰¹¹·

1193 441 1296 463 merae
1319 427 1514 473 huiusmodi,
1536 428 1668 463 consilio
1691 436 1721 463 et
1748 428 1877 463 scientia
1905 417 1989 462 si-n

1195 478 1333 519 milibus,
1346 477 1533 525 specialiter,
1556 489 1704 524 expresse
1724 487 1753 513 et
1769 477 1949 512 immediate

1193 527 1380 562 subiicimus
1397 535 1427 562 et
1446 526 1588 562 subiecta
1605 539 1673 562 esse
1687 527 1843 571 volumus,
1856 526 1950 562 salvis

1195 587 1296 611 tamen
1320 589 1447 624 semper
1468 576 1637 611 ordinariis
1655 576 1835 612 introitibus
1858 588 1950 624 prae-

1194 627 1295 661 dictae
1326 626 1478 661 Camerae
1506 625 1638 667 debitiS,
1661 638 1699 660 ex
1727 626 1843 674 quibus
1871 638 1950 661 con-

1194 685 1280 710 sueta
1304 688 1398 711 onera
1423 688 1478 722 pro
1500 675 1644 710 custodia
1660 676 1742 711 arcis
1764 675 1838 710 dicti
1855 676 1949 710 castri

1193 725 1365 760 Caesarum
1391 724 1523 772 persolvi
1552 724 1708 760 volumus.
1738 725 1777 759 Et
1808 724 1950 772 insuper,

1194 774 1328 821 collegio
1352 775 1537 810 clericorum
1563 773 1743 809 huiusmodi
1772 773 1884 809 eodem
1905 782 1951 809 te-

1195 836 1269 859 nore
1288 825 1519 859 committimus
1542 831 1571 858 et
1590 823 1779 858 mandamus
1794 831 1952 870 quatenus

1194 874 1298 908 omnia
1318 882 1347 909 et
1370 874 1494 920 singula
1512 881 1610 908 castra
1629 882 1659 908 ct
1681 873 1760 914 loca,
1775 885 1952 920 eorumque

1194 923 1394 965 habitatores,
1418 923 1512 967 bona,
1534 922 1600 957 iura
1629 931 1659 957 et
1691 935 1741 957 res
1777 921 1952 969 praedictas

1194 972 1254 1008 sul)
1282 985 1392 1008 corum
1421 972 1578 1019 gubernio
1601 980 1630 1007 et
1653 972 1807 1019 regimine
1835 971 1952 1007 huius-

1195 1022 1279 1057 modi
1304 1023 1457 1068 recipiant
1484 1032 1514 1057 et
1537 1020 1697 1065 habeant,
1720 1029 1750 1056 et
1779 1020 1952 1068 prudenter

2259 821 2277 863 a

2259 862 2277 944 ‘li

2260 951 2277 1005 {t

1196 1079 1303 1118 regant
1331 1080 1461 1118 atque
1447 1072 1637 1113 «ubernent,
1660 1084 1695 1105 ac
1724 1070 1819 1117 benig
1810 1082 1862 1105 ne
1880 1082 1952 1117 per-

1196 1130 1338 1165 tracttnt,
1374 1121 1433 1155 sub
1462 1120 1599 1156 iustitiae
1629 1099 1819 1155 libramineD
1831 1119 1951 1164 debito,

1195 1171 1337 1205 faciendo
1375 1171 1547 1218 praemissa
1589 1170 1693 1204 omnia
1731 1169 1952 1205 iuviolabiliter

1195 1220 1366 1265 observari,
1394 1233 1455 1255 non
1489 1219 1707 1267 permittentes
1729 1231 1763 1254 ea
1787 1227 1816 1254 et
1840 1231 1950 1254 eorum

1195 1269 1333 1317 aliquod,
1350 1282 1406 1317 per
1428 1269 1673 1305 communitates
1707 1268 1882 1316 praedictas
1905 1269 1950 1304 rel

1194 1331 1412 1366 quascumque
1435 1319 1534 1362 alias,
1558 1319 1791 1365 cuiuscumque
1826 1326 1927 1353 status
1942 1346 1951 1363 ,

1197 1369 1462 1415 praeeminentiae,
1486 1368 1660 1415 dignitatis,
1688 1368 1883 1403 auctoritatis
1922 1377 1950 1402 et

1195 1418 1389 1453 conditionis
1411 1419 1556 1458 existant,
1584 1418 1787 1465 aliquatenus
1810 1417 1951 1464 iust·ingi;

1195 1480 1248 1503 seu
1283 1468 1371 1506 loca,
1396 1476 1495 1503 castra
1532 1476 1563 1501 et
1593 1468 1733 1508 incolas,
1762 1466 1952 1502 habitatores

1197 1517 1378 1552 huiusmodi
1414 1526 1523 1552 contra
1560 1517 1772 1564 praesentium
1809 1525 1950 1552 tenorem

1195 1566 1433 1614 quomodolibet
1475 1566 1646 1602 molestari.
1695 1566 1952 1602 Contradictores

1195 1617 1354 1663 quoslibet
1377 1625 1407 1650 et
1434 1616 1579 1661 rebelles,
1590 1629 1646 1664 per
1668 1628 1820 1651 censuras
1842 1615 1951 1652 eccle-

1195 1667 1337 1701 siasticas
1359 1675 1389 1701 et
1411 1665 1468 1701 alia
1493 1675 1671 1714 opportuna
1696 1666 1773 1701 iuris
1801 1665 1950 1707 remedia,

1195 1716 1405 1763 appellatione
1429 1717 1613 1764 postposita,
1628 1715 1874 1763 compescendo.

1243 1766 1308 1812 34.
1332 1765 1401 1800 Non
1417 1765 1615 1801 obstantibus
1630 1765 1811 1813 praemissis
1830 1777 1865 1800 ac
1879 1776 1950 1799 con·
1979 1779 2151 1805 onerum-..mque

1195 1815 1414 1850 stitutionibus
1432 1824 1461 1850 et
1481 1815 1737 1850 ordinationibus
1755 1814 1951 1862 apostolicis,
1968 1816 2009 1830 ‘¹⁴¹¹'
2036 1811 2150 1831 “¹'³¹·''¹¹'¹'‘

1197 1877 1253 1900 uec
1281 1877 1343 1900 uon
1367 1864 1503 1906 statutis,
1531 1865 1673 1900 locorum
1705 1863 1951 1912 municipalibus

1196 1914 1484 1949 consuettulinibus
1500 1923 1528 1949 et
1545 1913 1863 1961 praescriptionibus,
1879 1913 1952 1960 qui-

1198 1964 1304 1999 busvis
1324 1963 1510 2011 privilegiis,
1528 1964 1672 2005 indultis,
1688 1962 1953 2007 immunitatibus,

1196 2013 1464 2061 exemptionibus,
1488 2013 1726 2057 donationibus,
1749 2012 1954 2048 alienationi—

1198 2066 1267 2107 bus,
1287 2067 1558 2112 concessionibus,
1578 2066 1840 2114 dispositionibus
1861 2075 1892 2101 et
1914 2066 1954 2100 li-

1197 2121 1355 2161 teris,tam
1381 2134 1435 2168 per
1451 2133 1673 2168 quoscumque
1695 2119 1857 2155 Romanos
1871 2119 1955 2154 Pon-

1199 2175 1297 2209 1ilices
1319 2188 1412 2222 quam
1438 2187 1493 2222 per
1516 2187 1573 2210 nos
1595 2183 1624 2209 et
1649 2174 1765 2210 Sedem
1786 2173 1952 2222 Apostoli-

1196 2241 1277 2273 cam,
1304 2229 1363 2264 sub
1390 2229 1559 2276 quibusvis
1587 2229 1755 2264 verborum
1783 2228 1893 2263 formis
1921 2236 1952 2262 et

1197 2284 1361 2327 clausulis,
1389 2285 1482 2318 ctiam
1510 2283 1779 2329 derogatoriarum
1815 2282 1950 2329 deroga-

1198 2337 1296 2378 toriis,
1323 2338 1458 2384 aliisque
1481 2336 1664 2371 fortioribus
1681 2364 1688 2378 ,
1717 2336 1951 2372 efficacioribus

1197 2401 1227 2426 et
1250 2391 1384 2426 insolitis
1403 2390 1660 2438 irritantibusque
1677 2399 1706 2426 et
1721 2391 1788 2425 aliis
1803 2390 1951 2431 decretis;
2274 2434 2276 2438 Ι

1198 2458 1233 2480 ac
1256 2446 1348 2480 etiam
1373 2453 1458 2480 motu
1484 2445 1613 2492 proprio
1636 2455 1665 2480 ct
1689 2445 1784 2479 simili
1809 2444 1952 2486 scientia,
2263 2444 2281 2487 {a

1198 2511 1232 2533 ac
1255 2499 1293 2534 dc
1321 2499 1510 2546 apostolicae
1539 2499 1701 2545 potcstatis
1731 2498 1927 2545 plenitudine
1945 2527 1953 2538 ,

1198 2563 1226 2588 et
1249 2567 1285 2589 ex
1309 2554 1474 2601 quibusvis
1497 2553 1589 2589 etiam
1615 2553 1760 2588 maximis
1782 2561 1811 2588 et
1836 2565 1954 2599 urgen-
2271 2550 2281 2591 ’ξ

2266 1203 2276 1213 ·:
2262 1166 2278 1194 ⁴3-
2264 1026 2279 1153 „sufftazr

1173 2640 1182 2666 i
1783 2635 1790 2654 ⁷
2267 2627 2281 2659 ἒ
