2281 3251
270 241 319 270 Λιι.
338 241 366 270 C.
382 242 449 271 tttto

277 553 303 574 lte
307 555 333 574 fi.-
350 561 387 581 pro

345 562 407 637 ¹nud
412 596 429 611 5
426 593 449 606 s

267 595 293 637 l¹
312 625 320 638 s
357 623 376 637 ιι
401 626 417 643 ιι

347 656 434 698 ''⁹⁴2³'‘
417 626 449 698 {32¹
465 649 569 683 relicta
593 648 755 687 hactenus.
771 655 799 682 et
815 659 893 693 quae
911 648 1046 694 relinqui
1062 655 1091 681 et
1109 647 1211 693 largiri
1233 670 1234 674 ι

268 720 287 732 ιιι
313 717 386 732 riae-tt
391 718 414 732 en
419 713 449 731 ιιι

268 745 287 764 ei
302 745 334 764 tui
355 747 448 769 recepti-1

267 782 306 796 uun
324 775 433 801 competit.

515 231 584 267 486

1062 243 1159 267 Brut
1166 244 1248 267 ΙΠΠΙ
1270 244 1433 267 nostum!

467 310 533 334 rent
549 309 578 334 et
594 298 790 342 iudicialiter,
811 297 1032 333 deficientibus
1056 300 1214 346 probatio·
1258 300 1342 347 ipsos
1364 301 1408 335 sic
1435 312 1470 334 ea
1500 308 1640 335 tenentes
1663 300 1702 335 ab
1726 300 1863 336 ulier-3015
1891 312 2001 336 eoruni

466 349 571 394 nibus,
597 349 632 384 ad
657 349 780 383 ιΙΙοι-ιιιιι
805 349 1034 383 restitutionem
1066 349 1212 395 compelli
1257 350 1453 384 restitutione
1480 349 1577 385 libere
1603 350 1775 396 absoltere,
1792 359 1821 386 et
1843 350 1927 398 quod
1952 351 2001 385 illa

466 412 526 434 non
564 407 715 446 possent
748 397 839 432 etiam
870 398 895 432 si
924 410 977 445 per
1009 410 1063 432 eos
1089 399 1212 445 probari

487 459 579 484 osset.

467 462 484 496 p
513 499 532 546 g
556 500 610 533 16.
635 497 674 531 Ει
699 497 778 532 bona
808 498 912 532 omnia
939 510 974 532 ac
995 509 1212 545 quaecumque

432 549 562 594 degata
586 556 615 582 et
634 548 709 582 alias
725 547 976 594 quomodolibet,
999 549 1091 582 etiam
1109 547 1213 582 baere-
1232 570 1235 579 .

1232 627 1234 629 .
1255 599 1359 645 specie
1387 598 1509 633 duxerit
1526 599 1800 644 committendum,
1813 600 1932 647 possint
1948 599 2004 635 du·

429 599 569 637 ,ditatis
597 597 688 632 titulo
705 610 760 644 pro
784 598 863 631 male
885 597 996 632 ablatis
1012 598 1212 632 restitutione

464 698 629 744 contigerit
643 698 672 731 in
697 696 849 740 futurum,
863 697 994 732 durante
1010 697 1212 743 deputatione

464 748 569 783 nuncii
585 756 614 782 et
629 747 834 782 commissarii
858 760 912 793 per
927 756 1105 793 praesentes
1122 748 1210 782 sacta.

464 798 493 832 in
505 797 760 844 quibuscumque
771 797 976 839 testamentis,
989 797 1212 832 donationibus
1232 801 1234 807 '

464 859 554 882 causa
571 847 692 890 mortis,
706 847 858 882 codicillis
873 855 924 881 aut
938 846 1008 881 aliis
1024 847 1140 882 ultimis
1157 860 1210 882 vo-

463 897 637 931 luntatibus
657 909 710 943 per
727 909 947 943 quoscumque
967 905 996 931 et
1020 896 1212 944 ubicumque

463 947 561 991 factis,
583 955 614 981 (ι
631 959 723 994 quae,
741 946 872 981 durante
885 946 1066 981 buiusmodi
1083 946 1213 993 deputa·
1232 967 1233 972 ι

463 998 557 1037 tione,
574 997 647 1031 fient
661 996 937 1051 quibuscumque
932 996 1057 1030 incertis
1070 997 1212 1031 ecclesiis

462 1055 491 1081 et
507 1047 567 1093 piis
590 1046 678 1085 106ι5
694 1054 745 1081 aut
764 1058 906 1093 personis
923 1045 1070 1080 similiter
1087 1047 1212 1081 incertis

461 1096 508 1131 tel
531 1096 724 1134 absentibus
753 1096 853 1130 taliter
872 1096 968 1142 quod,
992 1105 1118 1142 propter
1134 1097 1211 1143 ipso—

463 1158 532 1181 rum
547 1146 731 1187 absentiam,
748 1147 855 1180 merita
871 1146 966 1180 abeis
980 1147 1088 1180 notitia
1104 1146 1209 1181 baberi

461 1208 523 1230 non
548 1204 663 1243 posset;
684 1208 720 1230 ac
741 1195 834 1230 etiam
857 1207 936 1242 quae
953 1196 1139 1230 restitutioni
1156 1209 1211 1231 su·
1232 1219 1233 1227 ι

1231 1245 1233 1274 J
1255 1246 1386 1281 limitare
1409 1255 1438 1281 et
1462 1255 1576 1282 taxare.

463 1245 640 1286 biacerent‚
662 1245 715 1280 sed
740 1245 768 1279 in
798 1246 844 1280 eis
869 1245 913 1279 rel
936 1245 974 1279 ad
997 1258 1031 1280 ea
1056 1247 1210 1292 personis,

462 1295 579 1343 quibus
607 1296 676 1330 illae
708 1295 773 1330 fieri
796 1295 959 1335 deberent,
983 1296 1120 1342 receptio
1149 1309 1209 1331 uon
1230 1311 1233 1336 ς

1257 400 1389 434 retinere
1421 399 1516 433 libere
1545 401 1666 447 possint
1701 401 1731 435 in
1768 409 1929 449 posterum
1957 400 2003 436 eis

1255 449 1347 483 etiarn
1368 448 1554 483 concedere.

1305 499 1325 545 ᾖ
1354 501 1408 533 19.
1437 498 1571 546 Ipseque
1599 500 1735 535 nuncius
1764 508 1794 535 et
1815 500 2003 535 commissa-

1256 548 1330 588 rius,
1346 549 1502 595 etquibus
1526 550 1608 584 vices
1631 562 1704 584 suas
1725 550 1754 584 in
1778 562 1894 597 genere
1910 550 1954 585 vel
1973 550 2002 584 in

1256 648 1386 683 bietates
1408 660 1642 696 quascumque,
1665 657 1725 683 tarn
1744 662 1839 696 super
1853 649 2004 697 qualitate

1256 710 1473 744 personarum.
1497 698 1612 746 quibus
1628 698 1759 734 facultas
1776 699 1910 746 eligendi
1925 711 2004 734 con-

1232 755 1234 763 *
1256 748 1405 783 sessorem
1429 748 1558 784 concedi
1584 749 1695 795 possit,
1717 749 1836 783 etiamsi
1859 761 2004 796 compre—

1256 798 1435 833 lieudantur
1458 798 1637 833 communia
1657 798 1828 841 civitatum,
1850 799 2004 833 universi-

1256 856 1334 882 tates
1357 848 1564 896 oppidorum,
1592 856 1785 892 castrorum,
1809 847 1951 883 villarum
1975 857 2005 883 et

1254 897 1386 932 aliorum
1407 899 1560 942 locorum,
1576 910 1609 932 ac
1631 898 1774 943 collegia,
1796 910 1876 944 quae
1891 907 1921 932 et
1936 898 2005 932 illo-

1255 960 1322 981 rum
1338 948 1514 994 singulares
1524 947 1901 1003 personaeabsolutionca
1915 959 2005 994 prae-

1254 997 1358 1032 missis
1373 998 1419 1033 ιεΙ
1435 997 1545 1052 aliquo.
1557 998 1815 1044 praemissorum,
1828 1009 1864 1031 36
1879 997 2003 1045 dispeu-

1254 1047 1375 1082 satione
1402 1060 1498 1094 super
1519 1059 1566 1082 eis
1589 1047 1636 1082 vel
1659 1047 1763 1094 aliquo
1785 1059 1893 1082 eorum
1922 1047 2005 1082 indi-

1253 1106 1375 1142 ger,ent
1387 1109 1479 1144 quam
1492 1105 1592 1132 cetera
1610 1097 1667 1132 alia
1681 1097 1775 1131 dubia
1794 1096 1952 1137 decidere,
1974 1106 2004 1131 et

1253 1159 1410 1181 sumniam
1427 1147 1637 1195 pecuniariam
1656 1159 1710 1193 pro
1725 1146 1965 1194 consequenda'
1959 1159 2005 1180 m-

1253 1196 1413 1242 dulgentia
1448 1196 1628 1231 liuiusmodi
1657 1205 1687 1231 et
1720 1196 1788 1231 aliis
1824 1196 2004 1244 praemissis

1301 1300 1316 1339 g
1339 1298 1397 1331 ΞΟ.
1425 1297 1472 1331 Α6
1487 1296 1661 1331 facultatem
1681 1295 1816 1342 eligendi
1840 1295 2002 1331 confesso-

2019 246 2068 274 Λιι.
2090 246 2120 275 C.
2134 247 2200 275 txto

2033 508 2155 529 tiectirandi
2175 514 2200 529 ι·-

2019 542 2067 559 ιιιιιιι
2083 539 2201 560 dubietates

2018 571 2075 590 circa
2086 572 2202 597 praemissa

2019 605 2115 627 ι-ιοιιης

2030 1302 2094 1324 Dandi
2110 1302 2200 1324 tacuit·-

1230 1337 1233 1388 l
1254 1358 1317 1380 rem
1334 1346 1515 1381 huiusmodi
1530 1345 1721 1386 concedere;
1737 1357 1773 1380 ac
1786 1357 2002 1393 quascumque
2016 1335 2200 1391 ἓξῖἶξὲζῗῖὶξζῒ

1254 1395 1477 1443 indulgentias,
1505 1405 1565 1430 tam
1588 1408 1603 1429 a
1628 1395 1728 1439 nobis,
1755 1407 1848 1442 quam
1872 1407 1888 1429 a
1911 1407 2001 1442 prae·
2017 1403 2064 1479 ξιξ
2080 1396 2200 1454 ῐζᾙζζθῗ·

1252 1424 1477 1480 decessoribus
1487 1445 1639 1480 nostriset
1653 1457 1668 1479 a
1683 1444 1766 1479 Sede
1781 1444 1936 1491 praedicta
1955 1445 2000 1480 vel
2017 1461 2044 1480 ιι

460 1353 662 1392 competeret.

509 1398 524 1438 ἕ
548 1397 604 1429 17.
621 1395 751 1429 Necnon
765 1406 983 1441 quaecumque
999 1394 1027 1429 in
1041 1402 1210 1430 testamen-

274 1451 359 1471 stativis
369 1457 404 1478 rw
415 1456 449 1471 re·
461 1445 517 1485 tis,
540 1444 763 1479 donationibus
790 1457 882 1479 causa
909 1444 1038 1486 mortis,
1059 1444 1211 1479 codicillis

264 1484 382 1510 demptione
411 1490 447 1502 rn-

265 1515 339 1539 piivnr.
353 1514 385 1533 vcl
402 1520 447 1539 pro-

265 1550 337 1571 pterea
353 1546 438 1565 mutatu<

288 2105 355 2127 Rebus
380 2112 433 2132 erpi·

266 2139 340 2158 nendia
357 2139 376 2157 ιιι
396 2143 447 2156 cun-
482 2151 488 2157 .
513 2152 518 2158 .

265 2170 325 2189 viriis
340 2174 363 2189 ac
379 2169 447 2195 putiti-

265 2202 295 2220 cis
319 2200 446 2227 spetaculis,

266 2235 361 2258 tempore
386 2231 446 2251 testi-

271 2264 365 2283 titutum:

462 1504 512 1529 aut
535 1494 603 1529 aliis
622 1494 741 1529 ultimis
757 1494 985 1534 voluntatibus,
1011 1507 1066 1541 pro
1087 1494 1210 1529 redem-

442 1560 447 1569 »
465 1545 571 1591 ptione
587 1544 793 1590 captivorum,
815 1545 907 1578 etiam
922 1544 946 1578 si
970 1543 1084 1578 Beatae
1096 1544 1210 1579 Mariae

462 1595 500 1629 de
513 1593 670 1638 Mercede,
684 1602 713 1628 et
729 1594 778 1628 ss.
795 1593 957 1628 Trinitatis
969 1593 1210 1640 Redemptionis

462 1645 658 1692 captivorum
675 1643 859 1687 Ordinibus,
873 1652 901 1678 et
923 1642 1056 1679 Sanctae
1071 1644 1210 1679 Eulaliae

462 1694 652 1729 Barchinon.
680 1694 782 1728 relicta
801 1693 924 1737 fuerint,
946 1705 981 1728 ac
1005 1694 1210 1729 haereditates

462 1753 493 1779 et
520 1743 600 1779 bona
627 1743 847 1778 decedentium
877 1743 914 1778 ab
942 1743 1089 1778 intestato
1116 1743 1210 1779 cleri-

462 1806 571 1829 corum
598 1802 627 1828 et
647 1793 808 1836 laicorum,
835 1794 926 1828 etiam
951 1793 1072 1828 indulto
1087 1803 1210 1841 aposto-

463 1844 532 1883 lico,
560 1852 610 1878 aut
634 1844 710 1878 alias
731 1843 768 1878 ad
793 1842 1056 1890 Redemptionem
1087 1843 1209 1890 praedi-

462 1902 541 1928 ctam
561 1894 754 1940 captivorum
778 1893 917 1927 dedicata
934 1893 1091 1939 pertinere
1110 1892 1209 1928 debe-

463 1951 542 1988 rent,
568 1942 710 1978 facultate
733 1943 838 1977 nuncii
853 1951 882 1977 et
897 1942 1102 1977 commissarii
1130 1955 1208 1977 con—
1228 1968 1230 1974 ι

463 2004 548 2028 cessa
570 1992 750 2028 huiusmodi
778 1992 922 2027 durante.

511 2046 526 2087 ἓ
555 2044 610 2077 18.
630 2042 695 2078 Ν66
723 2054 784 2076 nou
813 2054 923 2077 omnes
944 2050 973 2076 et
988 2040 1126 2087 singulas
1154 2054 1209 2089 pe-

437 2117 447 2121 ·
461 2097 568 2132 eunias
582 2105 611 2132 et
624 2109 673 2132 res
685 2096 772 2137 alias,
789 2108 868 2144 quae
891 2096 920 2129 in
941 2095 1079 2142 prandiis
1092 2104 1121 2129 et
1133 2107 1209 2130 con-

462 2152 550 2187 viviis
564 2164 600 2187 ac
620 2151 758 2199 publicis
771 2150 978 2199 spectaculis,
1001 2151 1029 2184 in
1049 2150 1208 2198 aliquibus

461 2206 704 2247 celebritatibus,
720 2218 757 2242 ex
774 2215 843 2241 roto
864 2214 894 2240 et
908 2213 1034 2250 statuto,
1057 2217 1111 2239 seu
1129 2217 1208 2239 con-

461 2261 641 2300 suetudine,
656 2260 686 2295 in
710 2261 874 2308 quibusvis
895 2260 974 2295 locis
995 2260 1108 2308 exponi
1131 2272 1207 2295 cou-

461 2316 670 2360 sueverint,et
680 2315 823 2351 facultate
838 2315 944 2350 nuncii
958 2322 988 2350 et
1001 2315 1206 2350 commissarii

461 2370 642 2407 huiusmodi
671 2371 813 2415 durante,
836 2369 950 2417 exponi
979 2368 1141 2412 deberent,
1169 2368 1205 2404 ad

462 2424 610 2460 fabricam
630 2424 811 2460 huiusmodi
828 2424 1037 2472 applicamus,
1048 2430 1077 2457 et
1090 2422 1149 2457 sub
1164 2435 1209 2457 re-

462 2479 625 2515 stitutione
640 2479 793 2514 bonorum
810 2478 1025 2523 ecclesiarum,
1049 2486 1207 2513 monaste-

463 2535 578 2570 riorum
602 2542 633 2569 et
656 2533 880 2569 beneficiorum
905 2532 1098 2577 buiusmodi,
1120 2544 1208 2566 com-

463 2589 580 2636 petenti
597 2596 720 2636 recepta
737 2588 876 2636 portione
889 2588 933 2622 rel
949 2587 1135 2635 quantitate,
1153 2598 1208 2634 pro

462 2643 507 2679 eis
536 2644 565 2678 in
594 2643 742 2679 fabricam
771 2641 952 2677 huiusmodi
981 2640 1207 2684 convertenda,

1252 1495 1320 1529 eius
1346 1496 1529 1529 auctoritate
1563 1494 1818 1541 quibuscumque
1844 1494 2001 1538 ecclesiis,

1253 1546 1461 1585 monasteriis,
1482 1544 1701 1592 hospitalibus,
1720 1545 1813 1579 etiam
1837 1552 1945 1579 nostro
1967 1543 1999 1580 S.

1252 1594 1390 1649 Spiritus
1413 1596 1443 1628 in
1471 1594 1563 1629 Saxia
1587 1594 1626 1628 de
1657 1594 1752 1635 Urbe,
1774 1593 1905 1629 Ordinis
1926 1593 2001 1628 San-

1252 1645 1290 1677 cti
1310 1645 1490 1691 Augustini,
1513 1653 1543 1679 et
1561 1644 1628 1679 aliis
1645 1644 1703 1691 piis
1717 1644 1803 1687 locis,
1819 1644 2002 1679 unitersita-

1252 1693 1348 1739 tibus,
1358 1694 1666 1730 confraternitatibus
1679 1695 1908 1741 cuiuscumque
1922 1706 2001 1741 qua-

1252 1743 1358 1785 litatis,
1389 1753 1419 1779 et
1453 1744 1490 1780 ad
1517 1756 1753 1792 quemcumque
1776 1756 1880 1788 usum,
1909 1744 1999 1779 etiam

1254 1794 1403 1829 laicorum
1426 1803 1455 1829 et
1481 1794 1665 1829 clericorum
1688 1794 1849 1834 institutis,
1872 1801 1903 1828 et
1929 1793 2001 1828 sin-

1251 1843 1412 1889 gularibus
1435 1845 1590 1891 personis,
1605 1844 1697 1879 etiam
1712 1843 1888 1890 plenarias
1882 1855 1911 1877 in
1928 1843 2000 1886 vita,

1251 1905 1286 1928 ac
1313 1906 1530 1941 quascumque
1551 1893 1713 1928 facultates
1735 1893 1900 1940 quibusvis
1928 1904 2000 1939 per-

1251 1943 1349 1985 sonis,
1377 1944 1604 1991 cuiuscumque
1627 1943 1798 1989 diguitatis,
1821 1942 1916 1977 etiam
1932 1953 2001 1977 car-

1251 1992 1406 2028 dinalatus
1432 1993 1551 2028 bonore
1578 2001 1629 2027 aut
1658 1992 1822 2040 legationis
1850 1991 2002 2039 fungenti-

1253 2042 1310 2077 bus
1335 2055 1430 2090 super
1454 2043 1635 2090 praemissis
1658 2043 1704 2077 vel
1726 2042 1832 2090 aliquo
1855 2041 2000 2089 praemis·

1251 2108 1355 2131 sorum
1380 2097 1532 2132 hactenus
1554 2108 1721 2132 concessas
1760 2099 1998 2143 (praeterquam

1252 2150 1369 2186 ratione
1390 2152 1657 2186 sustentationum
1686 2162 1858 2197 pauperum
1887 2157 1917 2184 et
1943 2149 2000 2184 mi·

1250 2205 1432 2240 serabilium
1470 2217 1672 2253 personarum
1702 2205 1732 2239 in
1762 2203 1931 2239 Parisiensi
1967 2213 1996 2238 et

1250 2259 1355 2294 Sancti
1383 2259 1484 2294 iacobi
1516 2259 1555 2295 de
1582 2258 1694 2294 Galitia
1724 2269 1761 2294 ac
1786 2256 1998 2304 portugalliae

1251 2313 1355 2360 regnis
1376 2313 1554 2362 hospitalib.
1570 2312 1766 2361 degentium,
1786 2324 1878 2360 quas,
1894 2311 1997 2359 quoad

1252 2367 1374 2403 illorum
1398 2380 1505 2413 usum,
1523 2367 1553 2402 in
1577 2367 1758 2415 provinciis,
1772 2367 1804 2402 in
1819 2366 1934 2414 quibus
1948 2365 1998 2400 di-

1250 2431 1297 2457 cta
1320 2422 1487 2470 bospitalia
1509 2422 1680 2470 respective
1700 2421 1757 2457 sita
1780 2429 1866 2463 sunt,
1888 2432 1998 2457 secun-

1250 2476 1324 2511 dum
1357 2476 1567 2512 Cancellariae
1595 2484 1721 2512 nostrae
1744 2488 1862 2512 morem
1886 2474 1996 2510 termi-

1252 2531 1374 2577 nandis,
1389 2539 1419 2566 et
1437 2543 1499 2567 non
1523 2531 1552 2566 in
1571 2530 1726 2578 aliquibus
1754 2530 1823 2566 aliis
1844 2529 1921 2566 locis
1935 2529 1996 2564 du-

1252 2598 1317 2621 rare
1339 2586 1492 2628 volumus3
1510 2597 1545 2621 ac
1563 2585 1772 2633 expeditionis
1792 2592 1899 2621 contra
1914 2583 1997 2618 Tur-

1251 2652 1302 2675 cas
1329 2649 1358 2674 ot
1381 2640 1553 2676 haereticos
1579 2639 1761 2684 concessis),
1788 2639 1881 2675 etiam
1899 2651 1995 2687 qnas-
