2281 3251
258 266 305 292 An.
325 265 354 292 C.
376 265 441 292 1506

275 2230 293 2250 l.=
304 2230 329 2249 rt-
340 2231 379 2249 >ssus

261 2264 314 2281 diuis
324 2267 411 2288 quis‘qut=
423 2266 444 2281 e-

260 2331 343 2351 crui-51«
355 2327 403 2345 test.
413 2329 442 2343 rc-

507 257 575 290 428

455 322 527 357 dem
561 322 687 356 fratrum
717 321 821 355 missis
843 329 873 355 et
900 319 1197 367 praedicationibus.

455 372 631 407 devotionis
666 370 776 417 gratia,
799 369 1005 408 confluerent,
1041 381 1096 416 per
1130 381 1201 403 sua>

455 422 530 456 certi
559 420 675 456 tenoris
697 419 803 454 literas
827 419 922 454 taliis
937 419 1036 453 dictae
1049 419 1199 454 ecclesia.¹

455 471 570 513 affixas,
587 469 799 516 prohibuerat,
815 468 969 515 dictisque
988 468 1134 503 fratribus
1147 468 1200 502 im-

456 521 630 567 pedimenta
654 527 682 553 et
705 518 904 553 incommoda
929 518 1060 565 plurima
1085 518 1180 552 intuli·

455 579 519 608 rat;
550 570 589 603 ita
617 569 708 603 etiam
742 568 826 615 quod
861 568 1018 614 praefatus
1044 567 1200 613 archiepi-

454 632 568 665 scopus
592 619 782 665 praedictam
805 617 967 653 eeclesiam
987 616 1020 652 S.
1036 617 1200 652 Mariae-dv

455 668 592 703 Victoria
612 667 800 703 benedicere
827 676 856 702 et
878 679 1062 701 consecrare
1089 667 1181 701 nolui·

455 727 511 759 rat,
536 730 638 765 neque
662 730 716 765 per
737 718 831 752 alium
857 717 1000 751 benedici
1020 729 1076 751 seu
1093 729 1202 751 conse-

454 768 531 802 crari
561 769 756 815 permiserat.
779 766 854 805 Nos.
869 766 1035 802 Francisco
1050 766 1089 801 de
1106 766 1198 800 Pauli

454 827 483 852 et
507 818 575 853 aliis
598 817 746 853 fratribus
769 816 900 851 Ordinis
922 816 1122 851 Minimorum
1147 816 1201 850 liu—

454 868 600 912 iusmodi,
633 868 736 903 onmia
765 875 794 901 et
828 867 950 914 singula
979 867 1123 905 oratoria,
1151 878 1195 900 ec-

454 918 582 955 clesias.
611 917 722 952 domos
748 925 779 951 et
802 916 867 951 loca
886 916 1005 951 eisdem
1035 915 1202 950 Francisco

453 967 493 1002 de
515 967 612 1002 Paula
648 975 677 1002 et
712 966 859 1001 fratribus
882 966 910 1000 in
941 974 1101 1013 posterum
1125 978 1202 1000 con-

454 1017 594 1052 cedenda
610 1017 761 1064 recipere,
780 1025 809 1051 et
829 1015 879 1050 illa
901 1028 936 1050 ae
956 1015 1146 1063 praedictam
1164 1015 1202 1048 de

454 1067 588 1102 Victoria
611 1075 642 1102 et
663 1066 739 1101 alias
753 1066 865 1101 domus
879 1078 934 1100 sen
957 1065 1119 1104 ecclesias,
1135 1065 1200 1099 loen

454 1125 484 1152 et
505 1117 637 1152 oratoria
664 1128 896 1163 quaecumque,
918 1124 1049 1150 eatenus
1072 1114 1202 1149 ubilibet

456 1175 590 1214 recepta,
615 1178 671 1214 pro
693 1178 803 1201 eorum
833 1165 993 1213 perpetuis
1015 1178 1072 1200 usu
1095 1173 1125 1200 et
1148 1165 1201 1199 lia-

454 1216 616 1258 bitatione‚
640 1217 743 1263 vigore
766 1216 980 1251 concessionis
1002 1214 1080 1250 Sixti
1103 1224 1133 1249 ct
1155 1214 1202 1248 ln-

454 1267 590 1302 nocentii
608 1294 616 1306 ,
645 1266 921 1313 praedecessorum
951 1265 1201 1311 praedictorum.

455 1317 603 1360 retinere,
618 1324 800 1351 construere
822 1323 852 1350 et
874 1315 1038 1349 aedificare
1061 1326 1114 1349 seu
1131 1326 1202 1348 con-

454 1367 530 1400 strui
553 1366 665 1405 facere,
687 1365 806 1412 absque
833 1365 890 1399 alia
913 1365 1049 1411 desuper
1063 1363 1200 1399 facienda

455 1428 533 1451 nova
546 1416 751 1450 concessione
765 1414 948 1462 apostolica.
968 1414 1101 1461 thuod
1117 1413 1203 1448 dein-

454 1478 528 1512 ceps
549 1464 681 1500 Ordinis
701 1464 904 1499 Minimorum
928 1463 1109 1498 huiusmodi
1125 1475 1202 1498 con-

454 1523 638 1555 servatores,
653 1515 798 1562 quotiens
813 1526 894 1561 opus
911 1513 999 1554 soret,
1023 1513 1126 1548 eidem
1140 1512 1202 1547 Or—

455 1565 519 1600 dini
568 1565 770 1599 Minimorum
811 1576 847 1599 ac
882 1563 964 1598 illius
997 1563 1140 1610 personis
1172 1572 1201 1597 et

456 1614 603 1649 fratribus
618 1642 626 1653 .
655 1615 686 1648 in
722 1614 913 1662 praemissis,
936 1612 1071 1648 efficacis
1093 1611 1202 1647 desen-

455 1665 553 1700 sionis
577 1663 733 1711 praesidio
755 1664 948 1706 assistentes,
970 1676 1009 1698 ne
1035 1663 1203 1697 dictusar-

457 1715 684 1761 cliiepiscopus
711 1726 765 1749 sen
790 1714 858 1748 eius
884 1713 1044 1753 officialis,
1072 1720 1124 1747 aut
1151 1712 1200 1746 alii

454 1765 658 1811 quicumque,
680 1765 908 1810 cuiuscumque
935 1764 1026 1797 etiam
1055 1761 1202 1796 nobilita·

455 1815 494 1849 tis
515 1823 567 1848 aut
589 1814 752 1859 dignitatis
787 1814 969 1852 existerent,
993 1812 1122 1847 Ordinis
1149 1811 1203 1845 Mi-

456 1865 614 1898 uimorum
627 1862 810 1898 huiusmodi
822 1863 942 1899 fratres,
957 1874 1059 1908 neque
1077 1862 1105 1895 in
1122 1861 1201 1895 dicti

455 1913 590 1948 dioecesi
607 1912 769 1959 lspalensi,
785 1924 885 1959 neque
898 1912 992 1959 aliqui
1005 1912 1086 1955 (tjin
1099 1911 1202 1958 aliquo

456 1963 658 1998 damnificare
675 1991 684 2006 ,
719 1963 907 1999 molestare,
944 1961 1124 2007 perturbare
1147 1973 1203 1994 nei·

457 2013 630 2060 inquietare
653 2013 809 2047 ullatenus
823 2012 986 2051 auderent,
1006 2011 1065 2045 sub
1082 2022 1205 2045 excom-

458 2063 680 2098 municationis
703 2062 781 2098 latae
803 2062 975 2097 sententiae
1001 2060 1203 2108 poena,inlii-

458 2112 530 2147 bere
554 2121 692 2160 possent.

506 2162 526 2206 ,Ε
559 2166 616 2196 21.
652 2161 809 2209 Quodque
843 2160 972 2195 Ordinis
1000 2159 1202 2194 Minimorum

434 2206 639 2246 .liuiusmodi
667 2214 786 2256 l'ratres,
811 2220 884 2245 tunc
912 2218 941 2245 et
972 2223 1027 2257 pro
1062 2219 1201 2257 tempori·

437 2263 642 2306 existentes.
674 2261 863 2309 praedictam
887 2260 1051 2295 ecelesiam
1080 2260 1113 2295 S.
1143 2260 1205 2293 Ma-

460 2312 522 2347 riae
549 2312 587 2346 de
606 2311 755 2352 Victoria,
783 2320 813 2346 et
834 2310 1022 2357 generaliter
1049 2322 1160 2344 omnes
1175 2319 1202 2343 et

458 2362 598 2407 singulas
617 2361 691 2396 alias
705 2362 846 2395 eiusdem
861 2360 990 2395 Ordinis
1000 2359 1202 2394 Minimoruni

459 2411 607 2446 ecclesias
635 2419 665 2445 et
691 2412 821 2446 oratoria
845 2422 1065 2458 quaecumque
1081 2417 1202 2456 recepta

459 2470 489 2496 et
516 2461 716 2507 recipienda.
741 2461 881 2495 nondum
917 2468 1115 2495 consecratas
1148 2472 1201 2493 sen

459 2519 657 2554 consecrata,
693 2510 770 2545 sacta
807 2511 895 2557 prius
930 2509 1131 2556 requisitione
1167 2509 1205 2541 ab

459 2561 615 2608 episcopis
642 2560 796 2604 locorum,
819 2559 1003 2607 eisdemque
1031 2559 1205 2593 recusanti-

459 2609 517 2645 bus
540 2611 584 2645 rel
604 2609 846 2657 negligentibus,
859 2608 1094 2656 perquemlibct
1110 2608 1203 2643 alium

493 2667 532 2704 (l)
550 2669 609 2703 Leg.
628 2667 645 2695 f.
663 2670 736 2699 alibi,
753 2667 809 2695 loco
825 2669 907 2700 aliqui*
927 2668 965 2702 (κ.
987 2667 1036 2702 τ.).

1021 266 1118 288 nthA
1124 266 1142 287 R
1148 266 1154 287 1
1161 265 1203 287 [Μ
1232 264 1392 288 ΒΟΜΛΝΓΜ

2008 263 2056 290 An.
2076 263 2101 289 C.
2121 261 2188 290 ¹506

1243 319 1431 354 catholicum
1447 319 1644 365 episcopum,
1663 319 1792 365 gratiam
1808 327 1837 353 ct
1853 330 1990 353 commu-

1245 369 1369 402 nionem
1387 368 1486 403 dictae
1505 368 1599 403 Sedis
1614 368 1793 414 habentem,
1813 369 1989 403 consecrari

1245 418 1354 452 facere.

1292 472 1307 510 ξ
1334 471 1391 501 22.
1430 466 1474 501 Ac
1502 467 1584 513 quod
1618 468 1716 515 ipsius
1738 467 1869 503 Ordinis
1896 467 1991 502 Mini-
2021 477 2105 513 Reque
2125 482 2188 504 rr—w-

1243 528 1365 551 morum
1383 516 1538 562 generalis
1552 524 1583 552 et
1602 518 1710 564 vigiles
1731 530 1766 553 ac
1784 517 1990 566 provinciales
2005 510 2191 566 };{f,⁵‚,‘.',s‘{‚',¹‘,'„.l'1f‚ss

1243 577 1416 613 eorumque
1450 566 1700 613 vicesgerentes,
1728 580 1839 603 omnes
1866 575 1896 603 et
1923 568 2187 601 sin-nare-*uwsseff

1243 615 1333 662 gulas
1355 616 1474 650 eisdem
1498 614 1630 651 Ordinis
1656 616 1859 652 Minimorum
1887 612 2016 652 eccle·P
2028 611 2082 623 ““““““
2086 608 2091 623 ¹

1243 666 1315 703 sias.
1344 665 1542 701 coemeteria,
1566 667 1698 713 capitula
1723 674 1753 701 et
1775 666 1907 702 oratoria
1928 677 1988 702 tant

1245 715 1274 749 in
1298 715 1378 749 dicta
1403 715 1536 750 dioecesi
1561 715 1709 762 {spalensi
1733 728 1825 763 quam
1850 716 1993 751 ubicum-

1244 776 1304 811 que
1333 775 1475 812 receptas
1497 778 1551 799 seu
1576 774 1711 812 recepta,
1738 774 1767 800 et
1796 766 1991 812 recipiendas

1244 826 1298 848 seu
1327 814 1518 861 recipienda,
1541 815 1673 849 solemni
1703 815 1919 851 benedictione
1937 815 1993 850 be-

1245 863 1406 899 nedicere:
1430 877 1465 899 ac
1487 864 1579 899 etiam
1605 864 1673 899 illas
1695 876 1748 899 seu
1768 864 1819 899 illa
1839 873 1870 900 et
1884 877 1990 900 earum

1244 913 1419 960 quamlibet
1459 914 1623 961 sanguinis
1662 914 1726 949 sive
1760 914 1892 950 seminis
1919 914 1994 949 effu-

1245 964 1345 1002 sione,
1358 964 1422 998 sive
1445 964 1518 998 alias
1540 964 1843 1011 quomodocumque
1860 964 1993 1012 pollutas

1245 1014 1309 1047 sive
1338 1013 1478 1059 polluta,
1502 1014 1649 1061 quotiens
1675 1026 1754 1061 opus
1788 1014 1886 1058 foret,
1913 1026 1992 1062 aqua

1246 1071 1347 1098 tamen
1373 1064 1459 1110 prius
1483 1076 1537 1110 per
1563 1063 1700 1111 aliquem
1725 1063 1915 1098 catholicum
1935 1075 1994 1098 an-

1246 1113 1392 1158 tistitem,
1415 1122 1448 1148 ut
1471 1115 1568 1148 moris
1594 1122 1658 1155 est,
1683 1113 1859 1155 benedicta,
1876 1125 1993 1149 recon—

1246 1163 1360 1197 ciliare.

1293 1216 1308 1256 g
1329 1214 1387 1246 25.
1411 1211 1457 1247 Ac
1472 1213 1554 1259 quod
1571 1213 1698 1248 alterius
1712 1213 1849 1248 cuiusvis
1863 1212 1994 1248 Ordinis

1246 1260 1354 1296 fratres
1377 1262 1570 1309 quicumque
1593 1263 1623 1296 in
1652 1263 1736 1297 dicto
1759 1261 1878 1297 Ordine
1901 1262 1994 1297 Mini-

1246 1324 1382 1357 morum,
1405 1313 1498 1347 etiam
1524 1314 1611 1359 prius
1634 1325 1695 1347 non
1720 1313 1826 1359 petita,
1843 1321 1908 1356 aut,
1931 1325 1992 1347 non

1245 1373 1281 1395 eo
1309 1373 1373 1408 quo
1399 1361 1489 1396 dccet
1520 1361 1626 1401 modo,
1650 1361 1742 1409 petita
1768 1361 1910 1405 lieentia,
1933 1362 1991 1397 iarn

1245 1411 1374 1457 recepti,
1397 1411 1517 1458 absque
1532 1411 1590 1446 alia
1608 1412 1786 1458 provisione
1808 1412 1993 1458 apostolica,

1247 1469 1399 1507 perpetuo
1422 1461 1451 1495 in
1475 1462 1542 1508 ipso
1557 1460 1677 1496 Ordine
1695 1460 1898 1496 Minimorum
1913 1470 1993 1496 stare

1245 1518 1275 1544 et
1293 1522 1487 1556 permanere.

1294 1559 1313 1607 S
1335 1561 1392 1594 ⁶24.
1426 1560 1472 1595 Ac
1501 1560 1647 1595 idoneum
1676 1560 1887 1595 confessorem
1905 1588 1912 1600 ,
1939 1561 1993 1608 qui

1245 1621 1299 1644 eos
1321 1621 1336 1643 a
1355 1621 1555 1657 quacumque
1570 1610 1906 1646 excommunicationis
1921 1616 1994 1645 sen-

1246 1659 1354 1700 tentia,
1377 1672 1468 1707 quam
1488 1669 1650 1707 propterea
1673 1661 1895 1704 incurrissent,
1919 1673 1995 1708 apo-

1245 1709 1352 1743 stolica
1382 1711 1564 1745 auctoritate
1596 1710 1795 1755 absolveret,
1823 1722 1994 1757 secumque

1245 1772 1340 1805 super
1368 1759 1593 1805 irregularitate
1619 1760 1726 1795 eadem
1751 1760 1789 1795 de
1812 1772 1904 1795 causa
1917 1771 1995 1795 con-

1247 1817 1341 1843 tracta
1367 1809 1573 1855 dispensaret,
1597 1809 1655 1844 sibi
1685 1809 1800 1856 eligere
1828 1818 1969 1857 possent.

1295 1862 1310 1902 ξ
1333 1860 1388 1893 ⁶25.
1414 1858 1572 1906 Quodque
1595 1859 1737 1906 singulae
1753 1858 1883 1894 Ordinis
1906 1859 1994 1894 Mini-

1247 1920 1370 1942 morum
1398 1907 1578 1943 huiusmodi
1609 1909 1748 1949 intrices,
1776 1918 1868 1956 prout
1896 1910 1995 1956 ipsius

1246 1957 1377 1991 Ordinis
1398 1958 1599 1997 fundatrices,
1615 1967 1731 1993 etcum
1747 1971 1857 1993 eorum
1877 1959 1996 1994 utrius-

1247 2019 1309 2054 que
1331 2019 1425 2041 sexus
1453 2007 1559 2042 liberis
1582 2009 1751 2054 procreatis
1773 2017 1801 2051 et
1826 2021 1996 2056 procrean-

1246 2057 1306 2100 dis,
1334 2057 1480 2092 onmibus
1502 2070 1537 2092 ac
1559 2058 1693 2103 singulis
1709 2058 1849 2093 eiusdem
1865 2058 1995 2093 Ordinis

1245 2105 1449 2141 Minimorum
1480 2108 1666 2154 privilegiis,
1689 2108 1815 2155 gratiis,
1839 2108 1996 2143 immuni-

1247 2155 1377 2201 tatibus,
1406 2156 1619 2195 libertatibus,
1642 2157 1919 2204 exemptionibus,
1942 2158 1996 2192 in—

1246 2205 1354 2245 dultis,
1377 2207 1635 2242 concessionibus
1660 2216 1689 2241 et
1713 2207 1916 2254 indulgentiis
1939 2207 1995 2247 uti,

1248 2257 1338 2302 potiri
1361 2264 1391 2290 et
1412 2256 1549 2303 gaudere
1568 2257 1664 2292 libere
1685 2268 1723 2291 ac
1746 2257 1828 2292 licite
1846 2257 1995 2296 valerent,

1247 2306 1402 2341 licentiam
1431 2315 1461 2340 et
1485 2306 1661 2342 facultatem
1696 2307 1912 2343 concessimus
1940 2319 1995 2355 pa·

1248 2357 1321 2390 riter
1343 2365 1373 2390 et
1396 2355 1597 2391 indulsimus.

1295 2410 1310 2449 g*
1337 2407 1395 2440 26.
1418 2405 1624 2441 Postmodum
1641 2417 1725 2447 vero,
1741 2418 1796 2453 pro
1812 2415 1897 2454 parte
1916 2407 1997 2442 eius-

1247 2455 1317 2490 dem
1341 2454 1499 2490 Franeisci
1527 2455 1566 2490 de
1604 2455 1697 2490 Paula
1736 2457 1880 2492 similiter
1906 2457 1997 2492 nobis
2011 2450 2195 2502 ι’,ῗζξξζζζζῃῖζῖ

1247 2505 1387 2552 exposito
1423 2505 1506 2552 quod
1543 2506 1620 2552 ipse,
1649 2513 1812 2552 postquam
1841 2506 2043 2552 praefatusds-

1247 2554 1436 2599 Alexander,
1465 2555 1703 2601 praedecessor,
1729 2555 1810 2590 Sixti
1844 2564 1875 2590 et
1902 2555 1996 2591 lnno-

2018 1221 2082 1242 l-'ratr.
2093 1221 2156 1241 etiam
2164 1220 2192 1240 al-

2009 1256 2074 1272 terius
2085 1252 2134 1273 Ord.
2149 1252 2189 1271 inm

2008 1284 2096 1310 rec-epti.
2113 1283 2133 1302 in
2149 1282 2190 1302 isto

2008 1316 2152 1341 permaneant,

2022 1565 2192 1593 Contessoremq.

2009 1598 2087 1624 eligant
2102 1597 2136 1624 qut
2151 1602 2189 1617 eon

2009 1629 2112 1649 absotvat.

2024 1866 2135 1891 l'riiilegiu
2153 1865 2195 1886 Or-

2010 1898 2064 1918 dinis
2081 1897 2192 1917 tumemus

2011 1933 2030 1949 et
2042 1928 2194 1948 fundati-ficibus

2011 1960 2134 1980 eommunic.
2157 1958 2191 1986 (1¹¹,

2025 2418 2106 2440 statuta
2115 2421 2136 2439 et
2143 2417 2194 2439 Cor-

1283 2625 1406 2691 (ualde
1425 2626 1523 2654 Concil.
1543 2626 1613 2653 Trid.
1641 2627 1676 2652 De
1693 2626 1819 2660 Reform„
1832 2635 1897 2654 sess.
1916 2635 1994 2661 xxiv,

1247 2673 1304 2700 Gap.
1360 2685 1365 2690 .
