2281 3251
102 284 158 320 An.
181 282 290 310 (1.ίῦἱῦ

123 1378 236 1400 Concilium
249 1384 297 1405 iro-

114 1410 204 1431 vinculo
229 1409 298 1436 quoli-

113 1442 148 1462 bet
158 1442 249 1462 trteuntu
261 1446 298 1462 ce·

113 1474 213 1495 tobi-tini·⁴

984 280 1045 303 LEO
1070 280 1094 303 X
1120 279 1169 302 PP.

307 335 465 383 possimus
487 333 618 368 reddere
646 333 813 375 rationem,
841 334 1007 369 affectibus
1030 343 1059 370 et

307 385 436 419 monitis
471 383 635 430 paternis,
664 383 886 431 imperatorem
902 412 911 429 ,
944 397 1058 430 regeS,

308 434 489 480 principes,
517 433 632 473 duces,
656 434 878 475 marchiones,
902 435 1033 469 comites
1051 462 1058 475 ,

307 483 440 517 barones
467 490 497 517 et
518 494 739 530 quoscumque
766 483 843 518 alios
865 484 993 519 alterius
1009 497 1060 518 cu-

307 532 495 579 iuscuinque
510 532 694 574 nobilitatis,
720 534 987 579 praeeminentia«,
1002 547 1059 579 po-

306 582 421 616 tentiae
443 594 500 616 seu
524 583 699 628 potestatis,
727 583 932 618 exeelhutiae
956 584 1001 617 vel
1017 583 1059 616 di-

306 631 433 676 gnitatis
468 630 660 675 existentes,
696 640 813 666 attente
841 632 1003 667 hortamur
1030 633 1059 665 111

305 679 457 722 Domino,
480 681 631 715 eisdem
626 694 655 715 ιιι
681 682 794 716 virtute
822 691 949 717 sanctae
977 682 1060 716 ohe-

306 729 442 764 dientiae
466 731 650 765 mandantes
679 739 713 765 ut
733 731 791 778 ipsi
817 732 1061 766 constitutiones

307 779 483 826 praedictas
525 779 694 814 observent
737 789 768 814 ct
810 780 923 815 saciant
951 794 966 816 a
994 782 1062 815 suis

307 829 400 863 etiam
429 829 581 864 subiectis
618 829 843 864 inviolabiliter
878 831 1061 870 observari,

307 890 510 926 quacumque
538 879 771 913 consuetudine
812 881 967 915 contraria
998 892 1060 913 non

308 927 471 972 obstante,
505 928 530 963 si
560 928 698 962 divinam
735 929 885 963 offensam
912 937 942 964 ct
969 929 1062 964 Sedis

308 976 510 1024 Apostolicae
537 978 676 1012 debitam
700 979 796 1012 vitare
829 979 985 1013 voluerint
1014 978 1063 1012 ul-

309 1027 440 1061 tionem.
455 1027 502 1062 Ac
520 1028 716 1072 collationes,
737 1028 775 1062 de
790 1028 883 1062 dictis
901 1028 1064 1062 beneficiis

308 1076 354 1110 sic
380 1076 488 1117 factas,
517 1078 620 1111 nullas
657 1085 688 1110 et
727 1077 828 1111 irritas
856 1077 1063 1111 nihilominus

309 1137 377 1159 esse
400 1126 613 1167 decernimus,
626 1139 661 1161 ac
677 1125 738 1160 illis
755 1135 880 1161 utentes
894 1127 1065 1161 reddantur

310 1175 467 1210 inhabiles
501 1176 539 1210 ad
573 1177 630 1211 alia
667 1175 819 1210 beneficia
854 1177 1064 1210 ecclesiastica

310 1224 495 1270 obtinenda,
515 1225 617 1260 donec
636 1237 706 1260 cum
736 1226 781 1260 eis
809 1238 906 1271 super
934 1226 992 1260 hoc
1010 1237 1065 1272 per

310 1273 427 1308 Sedem
457 1275 649 1321 praedictam
679 1274 771 1308 suerit
793 1275 1026 1321 dispensatum.

359 1323 379 1370 S
413 1326 468 1357 12.
505 1324 626 1358 Mature
662 1336 789 1370 quoque
829 1325 1065 1359 considerantes

311 1371 408 1418 quod,
433 1380 503 1418 post
518 1372 634 1408 Chiisti
650 1374 687 1407 ad
704 1374 809 1407 coelos
832 1374 1065 1417 ascensionem

311 1422 445 1475 apostoli
473 1434 529 1468 per
564 1423 705 1468 singulas
733 1423 827 1457 uiusbes
851 1431 881 1457 ct
903 1423 1066 1458 dioeceses

312 1483 480 1517 episcopos
502 1472 746 1513 distribuerunt,
769 1474 851 1507 sicut
873 1482 980 1507 sancta
1000 1472 1066 1507 Ro-

312 1532 403 1555 mana
429 1520 572 1556 Ecclesia
596 1534 652 1568 per
674 1522 781 1556 orbem
810 1523 971 1557 constituit
995 1535 1066 1556 eos-

312 1568 384 1603 dem
412 1571 603 1617 episcopos‚
632 1584 661 1604 in
691 1581 810 1618 partem
853 1572 1066 1606 solicitudinis

311 1619 465 1659 vocando
482 1632 575 1655 onera
596 1621 748 1667 gradatim
773 1621 995 1656 distiibuendo
1013 1634 1067 1676 per

313 1669 514 1714 ρτιῑιῃίῑιιοὶιιιε
531 1672 691 1725 primates,
714 1671 983 1717 archiepiscopos,
997 1684 1066 1716 ept-

311 1729 437 1764 scopos‚
460 1722 557 1754 sacris
580 1721 673 1755 etirm
698 1721 873 1755 canonibus
897 1721 989 1754 fuerit
1005 1721 1066 1755 de-

311 1768 437 1802 finitum
466 1781 522 1815 per
544 1782 609 1810 eos,
635 1782 690 1816 pro
715 1783 837 1804 morum
870 1771 1067 1805 correctione

311 1824 342 1852 et
364 1820 646 1853 contraversiarum
671 1819 832 1854 decisione
856 1829 885 1854 et
910 1820 1066 1855 determi—

312 1866 452 1921 natione,
476 1880 512 1903 ac
535 1870 756 1903 mandatorum
792 1869 920 1904 Domini
958 1870 1068 1904 obser-

312 1917 450 1958 vatione,
467 1917 532 1952 fieri
556 1918 671 1953 debere
691 1919 859 1953 concilium
878 1919 1067 1966 provinciale

314 1976 349 2000 ac
382 1967 538 2020 synodum
574 1968 798 2015 episcopalem,
833 1977 867 2002 ut
902 1969 1068 2015 depravata

315 2026 561 2061 corii‹¹,erentur
590 2026 619 2051 et
647 2017 696 2051 illa
734 2018 835 2052 facere
874 2019 1069 2064 negligentes

316 2066 478 2100 canonicis
501 2067 613 2113 poenis
640 2046 1070 2102 5111113001-0111.(31110ὓο011-

317 2119 419 2153 veniat
454 2132 512 2155 nos
538 2121 620 2156 circa
643 2134 701 2166 ea,
723 2134 804 2169 quae
839 2122 1068 2169 rempublicam

317 2173 520 2209 christianam
537 2184 746 2220 concernunt7
763 2188 832 2211 esse
855 2176 1003 2217 intentos3
1020 2176 1072 2211 de-

316 2227 492 2264 siderantes
519 2242 657 2265 canones
685 2231 770 2277 ipsos
797 2230 927 2265 firmiter
954 2230 1072 2265 ohser-

316 2283 391 2328 vari,
416 2284 536 2319 eisdem
565 2285 769 2331 patriarchis,
799 2284 998 2331 primatibus,
1020 2297 1071 2318 ar—

317 2337 530 2385 chiepiscopis
557 2348 587 2374 et
614 2339 774 2386 episcopis
802 2339 942 2373 districte
966 2339 1072 2373 iniun-

317 2391 434 2439 gimus,
451 2393 534 2428 utde
557 2393 660 2428 officio
683 2393 729 2427 eis
751 2393 921 2428 commisso
944 2392 1070 2439 dignam

317 2446 385 2482 Deo
409 2448 532 2494 possint
554 2448 686 2482 reddere
718 2448 890 2491 rationem,
913 2459 1050 2482 canones
1065 2476 1072 2489 ‚

319 2501 451 2537 concilia
468 2511 499 2537 et
521 2502 659 2550 synodos
682 2502 865 2537 huiusmodi
890 2501 956 2536 fieri
975 2515 1072 2537 man-

319 2554 455 2601 dantes,
489 2569 694 2604 quocumque
722 2556 886 2603 privilegio
925 2567 986 2590 non
1014 2556 1073 2590 ob-

311 2617 432 2655 stante,
469 2609 690 2644 inviolabiliter
716 2610 901 2649 observent,
934 2618 1074 2657 praeter-

310 2674 427 2710 quam,
447 2664 549 2711 quoad
574 2664 743 2700 concilium
767 2664 972 2712 provinciale,
988 2664 1072 2712 quod

1735 268 1799 301 621

1102 334 1141 368 de
1168 341 1272 368 cetero
1295 333 1430 379 singulis
1459 332 1604 368 trienniis
1627 332 1692 367 fieri
1717 332 1856 368 manda-

1103 396 1186 427 mus,
1209 385 1246 417 ad
1277 383 1392 430 illaque
1415 383 1507 417 etiam
1523 390 1686 429 exemptos
1705 382 1857 418 accedere

1102 433 1217 467 debere
1244 432 1458 476 decernimus,
1486 432 1650 479 privilegio
1673 444 1708 466 ac
1726 444 1858 467 consuc-

1103 482 1210 516 tudine
1230 494 1431 530 quacumque
1448 482 1601 516 contraria
1619 482 1854 516 nonobstante.

1102 531 1192 566 Circa
1216 532 1275 566 hoc
1303 541 1406 566 autent
1432 531 1651 577 negligentes,
1680 544 1798 578 poenas
1826 532 1855 565 in

1102 582 1221 616 eisdem
1251 581 1425 616 canonibus
1458 589 1624 616 contentas
1651 593 1684 616 se
1713 580 1859 616 noverint

1104 631 1296 666 incursuros.
1842 643 1847 646 ’

1152 681 1243 727 515.
1272 680 1308 714 Et
1324 680 1552 716 constitutione
1570 680 1598 714 in
1617 681 1752 716 concilio
1766 680 1858 716 Vien-

1104 731 1192 763 nensi
1217 729 1313 773 edita,
1341 742 1421 776 quae
1446 730 1556 777 incipit
1580 731 1619 764 ln
1643 732 1809 776 plerisque,
1826 740 1858 765 ut

1104 778 1195 813 Pont.
1221 779 1385 825 dignitatis
1408 779 1510 814 honor
1540 789 1729 824 seimvaietur,
1757 788 1860 815 statu-

1104 835 1169 862 tum
1187 806 1279 863 suerit
1300 841 1337 863 ne
1354 829 1495 863 ccelesiis
1508 829 1753 869 cathedralibus,
1769 830 1860 865 bonis

1105 878 1331 925 temporalibus
1354 879 1432 921 (sine
1455 878 1574 925 quibus
1601 879 1774 926 spiritualia
1803 879 1858 914 diu

1104 939 1173 961 esse
1210 940 1270 961 non
1301 931 1443 974 possunt)
1490 928 1616 975 privatis
1648 940 1684 962 ac
1719 929 1804 964 clero
1831 938 1861 964 et

1107 977 1224 1023 populo
1246 977 1418 1012 christiano
1441 977 1633 1018 carentibus,
1648 979 1687 1012 de
1701 978 1861 1025 aliquibus

1107 1027 1262 1072 personis,
1279 1027 1463 1081 praesertim
1481 1027 1649 1072 religiosis,
1679 1028 1862 1074 providere-

1107 1085 1166 1119 tur,
1194 1077 1453 1110 constitutionem
1478 1077 1578 1123 ipsam
1604 1077 1805 1121 innovamus,
1824 1077 1862 1111 il-

1108 1103 1232 1171 lanique
1258 1125 1477 1159 inviolabiliter
1494 1125 1652 1160 observari
1669 1126 1785 1161 debere
1805 1139 1862 1162 vo-

1108 1173 1213 1208 lumus
1237 1183 1330 1222 atque
1355 1174 1554 1220 mandamus,
1578 1175 1636 1209 nisi
1658 1175 1762 1222 aliqua
1780 1176 1860 1210 iusta

1108 1235 1212 1265 causa,
1236 1224 1266 1258 in
1294 1224 1484 1258 concistorio
1518 1233 1625 1259 nostro
1652 1233 1774 1260 secreto
1801 1238 1864 1273 ap-

1109 1273 1282 1319 probanda,
1305 1273 1394 1308 aliter
1416 1274 1600 1308 duxerimus
1624 1273 1818 1309 ficiendum.

1156 1322 1176 1369 ἓ
1207 1325 1260 1356 14.
1284 1322 1348 1357 Nos
1367 1323 1449 1357 enirn
1474 1323 1629 1370 quidquid
1650 1332 1759 1359 contra
1774 1336 1865 1380 prae-

1109 1371 1202 1406 missa
1239 1372 1284 1406 vel
1321 1373 1449 1428 aliquod
1478 1373 1723 1419 praemissorum
1760 1374 1864 1409 conti—

1108 1421 1187 1467 gerit
1227 1424 1370 1456 attentari
1427 1423 1549 1457 irritum
1590 1423 1790 1458 decernimus
1835 1432 1865 1458 et

1110 1472 1213 1511 inane,
1234 1472 1389 1506 contraria
1413 1484 1614 1519 quacumque
1637 1473 1863 1508 constitutione

1110 1519 1155 1554 vel
1188 1521 1352 1567 privilegio
1377 1534 1438 1556 non
1467 1522 1680 1557 obstantibus.

1158 1569 1242 1604 Nulli
1267 1583 1341 1617 ergo
1364 1580 1417 1605 etc.

1158 1619 1191 1654 Si
1217 1620 1287 1667 quis
1315 1631 1419 1656 autem
1443 1628 1496 1655 etc.

1157 1669 1229 1704 Dat.
1257 1670 1388 1714 Romae,
1405 1671 1434 1704 in
1456 1670 1578 1717 publica
1597 1670 1738 1705 sessione
1758 1670 1787 1705 iu
1806 1671 1866 1706 La-

1111 1721 1268 1754 teranensi
1297 1730 1494 1755 sacrosancta
1527 1720 1654 1754 basilica
1682 1721 1865 1756 solemniter

1109 1768 1276 1812 celebrata⁷
1304 1782 1388 1804 anno
1421 1770 1651 1805 lucarnationis
1686 1770 1864 1805 dominicae

1111 1817 1279 1853 millesimo
1313 1820 1572 1866 quingentesimo
1607 1819 1864 1868 decimoquinto,

1109 1877 1221 1915 quarto
1246 1881 1346 1904 nonas
1369 1870 1459 1914 maii,
1483 1877 1570 1917 pont.
1592 1870 1690 1904 nostri
1712 1881 1794 1904 anno
1812 1881 1862 1905 111.

1169 1929 1230 1960 Dat.
1255 1931 1300 1961 die
1318 1931 1336 1961 4
1353 1932 1422 1962 maii
1441 1932 1528 1969 1515,
1547 1930 1649 1970 pontis.
1668 1940 1745 1961 anno
1763 1940 1804 1961 111.

1425 2108 1469 2142 xi
1493 2112 1550 2152 (1).

1115 2189 1234 2223 Montes
1252 2189 1389 2228 Pietatis,
1412 2190 1580 2223 christiana
1603 2189 1753 2224 charitate
1774 2190 1866 2224 insti-

1163 2239 1232 2283 tuti,
1251 2240 1396 2283 pecunias
1419 2240 1498 2272 licite
1521 2245 1673 2282 mutuant,
1690 2241 1794 2285 aliquo
1807 2251 1866 2284 pro

1162 2289 1305 2333 impensis
1327 2296 1351 2322 et
1373 2290 1583 2333 indemnitate,
1606 2296 1633 2322 et
1654 2290 1775 2334 quidem
1797 2301 1867 2322 mo-

1163 2339 1283 2378 derate,
1310 2346 1437 2384 recepto.

1381 2417 1595 2449 SUMMARtUM

1115 2484 1332 2515 Exordium.—
1348 2486 1373 2514 t.
1392 2484 1501 2515 Montes
1511 2485 1630 2516 Pietatis
1643 2486 1811 2516 huiusmodi
1828 2486 1866 2516 li-

1155 2530 1292 2559 citosnon
1301 2538 1364 2559 esse
1373 2534 1489 2568 propter
1499 2531 1592 2560 mutui
1605 2531 1718 2560 lucrum
1727 2531 1864 2560 nonnulli

1155 2576 1396 2612 asserebant3—
1411 2574 1428 2604 ΕΞ
1445 2599 1452 2613 ,
1478 2576 1504 2606 3.
1524 2576 1580 2606 Atii
1603 2585 1669 2605 vero
1682 2577 1866 2606 necessarios

1151 2638 1190 2673 (1)
1207 2639 1287 2714 Haemo)
1295 2638 1344 2665 sub
1365 2646 1438 2666 num.
1460 2646 1500 2666 xii
1517 2639 1541 2665 in
1555 2639 1632 2665 Rom.
1649 2638 1764 2665 editione
1780 2638 1866 2666 habe-

1117 2681 1159 2705 tur
1179 2680 1205 2714 (n
1238 2686 1254 2705 T

1873 281 1920 306 An.
1941 279 1970 305 C.
1986 277 2052 304 1515

1887 687 1966 708 lnnova
1969 689 1996 708 tiu
2008 693 2058 708 ruu-

1874 720 1988 740 titutionis
2005 725 2057 739 ron-

1874 751 1915 771 citit
1933 749 1954 769 li
1949 756 2026 770 iiieinet
2031 751 2059 770 sis

1887 780 1972 801 iClein
1991 780 2014 804 V,
2030 780 2058 800 De

1835 830 1840 836 ,
1874 813 1932 833 ciete

1893 1331 2002 1351 Decretum
2014 1331 2063 1350 tri-l-

1879 1366 1933 1383 tansi
