2281 3251
81 287 131 316 An.
149 285 178 314 C.
194 286 262 315 ¹5¹5

278 351 346 376 rum
361 338 565 377 confratrum,
581 347 609 372 et
627 338 656 372 in
675 345 822 372 eventum
840 337 1029 381 discordiae,

280 389 361 427 tertii
383 387 421 423 ad
445 388 505 423 hoc
526 387 746 434 eligendorum
767 387 908 432 arbitrio,
922 388 1029 422 omnia

280 447 309 476 et
330 437 452 484 singula
469 437 550 472 bona
572 436 712 481 stabilia,
726 449 806 484 quae
829 438 948 472 dietum
972 437 1030 472 ho-

280 487 390 537 spitale
408 497 482 521 tnnc
506 486 698 534 possidebat,
719 488 974 527 aestimarentum
999 495 1030 522 et

281 546 377 573 totum
401 536 476 571 illud
500 536 584 583 quod
613 548 649 571 ex
673 536 732 570 illis
755 537 957 582 proveniebat
973 549 1030 571 an-

280 586 410 630 nuatim,
425 594 454 621 et
468 586 564 633 quod,
580 586 604 620 si
629 594 726 620 terrae
746 587 783 620 ad
800 586 902 632 ipsum
921 586 1031 632 hospi-

281 637 339 672 tale
353 635 559 683 pertinentes,
580 644 671 683 prout
693 635 770 669 aliae
788 636 848 671 illis
864 637 1028 682 contiguae

281 687 398 722 locatae
421 684 565 726 fuissent,
594 685 804 732 provenisset,
831 685 1031 732 colligeretur

281 736 310 771 in
335 747 428 770 unam
457 743 574 770 certain
598 747 774 778 summam,
801 747 880 782 quae
903 743 963 770 tam
992 747 1030 770 ex

283 784 460 833 praedictis,
473 797 566 832 quam
580 784 649 819 aliis
665 784 828 831 quibusvis
844 797 899 831 per
913 785 1029 820 dictum

282 834 435 882 hospitale
450 834 649 882 acquirendis
667 834 767 875 bonis,
790 834 881 869 annis
900 834 1031 881 singulis

282 885 502 924 deduceretur,
521 896 557 918 ex
574 896 634 931 qua
648 883 729 919 dicta
746 896 800 930 pro
816 893 956 931 tempore
976 897 1031 918 an-

282 934 451 969 niversaria
467 934 498 968 in
520 934 630 980 primis
641 933 888 974 celebr-arentum
902 941 932 968 et
947 934 1029 980 quod

281 984 353 1019 inde
376 984 609 1030 superesset,in
634 983 832 1030 maritagium
858 996 1030 1030 pauperum

282 1034 485 1069 honestarum
511 1033 687 1080 puellarum
712 1033 740 1066 in
765 1032 843 1067 festo
865 1033 963 1067 saneti
990 1032 1033 1066 la-

281 1083 351 1119 cobi
364 1082 638 1130 approbandarum
653 1090 898 1123 conver-temtum
908 1092 936 1116 et
946 1082 1031 1130 quod

282 1132 388 1168 omnia
415 1132 580 1175 donanda,
610 1131 813 1178 relinquenda
836 1139 866 1165 et
887 1131 1031 1178 leganda,

282 1191 343 1217 tam
359 1182 438 1216 inter
449 1182 534 1216 vivos
552 1193 645 1228 quam
659 1193 694 1215 ex
709 1193 802 1215 eausa
814 1183 933 1221 mortis,
948 1181 1032 1216 dicto

282 1231 427 1279 hospitali
445 1231 490 1265 vel
502 1230 654 1274 societati,
670 1242 726 1276 pro
738 1231 957 1265 anniversariis
971 1230 1034 1265 hu·-

284 1281 421 1316 iusmodi
437 1280 599 1315 dumtaxat
614 1279 936 1316 celebrarnlis.(lictae
949 1293 1035 1314 sum-

283 1342 352 1365 mae
379 1338 606 1374 accrescerent,
633 1337 664 1364 et
692 1330 729 1364 ad
753 1329 836 1365 illam
864 1342 920 1364 seu
949 1330 1034 1364 illius

283 1391 418 1416 massam
442 1380 648 1426 pertinerent.

331 1433 347 1474 5
369 1431 402 1464 2.
424 1429 554 1464 Necnon
566 1429 650 1477 quod
671 1428 816 1476 regimini
833 1437 862 1464 et
877 1428 1034 1476 gubernio

98 1486 189 1522 Eiusque
210 1478 358 1514 resi-dicti
381 1479 546 1526 hospitalis
572 1479 720 1514 custodes
752 1486 887 1526 quatuor
912 1491 1034 1526 praees-

86 1519 270 1571 ffuiloii¹i2¹i”i¹lssl
284 1536 354 1564 sent
375 1529 538 1563 annuatim
557 1528 741 1576 deputandi,
756 1541 891 1576 quorum
906 1531 969 1563 duo
983 1541 1035 1564 es-

86 1580 152 1624 agenn
169 1579 270 1601 ⁶⁰¹¹⁸⁵¹i³·
283 1586 356 1615 seut
375 1577 511 1613 Romani
528 1586 558 1613 et
573 1579 635 1613 duo
650 1578 802 1619 forenses,
824 1578 1035 1613 adderentur-

87 1617 170 1632 ΝΜ
284 1640 346 1676 que
364 1628 532 1663 duodecim
556 1628 741 1668 consiliarii,
759 1628 798 1662 de
813 1640 947 1675 quorum
963 1640 1035 1674 gre-

285 1678 349 1713 mio
381 1677 456 1712 dicti
484 1677 632 1713 custodes
658 1677 867 1724 eligerentur,
900 1690 1033 1724 quorum

284 1727 413 1776 quidem
428 1727 680 1762 consiliariorum
699 1740 752 1762 sex
767 1735 872 1763 essent
886 1722 1034 1768 Rom‘ani,

285 1785 386 1812 etscx
401 1777 551 1812 forenses.
573 1776 612 1812 Et
628 1776 714 1825 quod
737 1778 809 1811 dicti
832 1785 969 1825 quatuor
983 1790 1034 1812 cu-

285 1827 392 1861 stodes
413 1835 443 1861 et
461 1826 627 1861 duodecim
651 1827 818 1861 consiliarii
849 1836 1033 1874 potestatem

284 1876 437 1912 haherent
450 1878 555 1912 omnia
573 1877 720 1919 faciendi,
733 1889 814 1924 quae
827 1885 888 1911 tota
900 1878 1036 1912 societas

285 1926 387 1962 facere
404 1935 520 1973 posset,
532 1926 704 1961 dummodo
720 1927 758 1961 de
773 1927 960 1962 alienatione
976 1927 1034 1961 loci

284 1977 359 2012 dit-ti
383 1975 546 2022 hospitalis
572 1984 602 2010 et
625 1976 708 2010 illins
731 1976 887 2011 bonorum
921 1978 1036 2011 immo-

285 2026 408 2070 bilium,
433 2027 645 2073 praesentium
663 2035 691 2060 et
710 2026 901 2070 futurorum,
916 2026 1036 2074 absque

285 2076 386 2124 ipsius
408 2076 565 2110 societatis
579 2087 752 2116 consensu,
767 2077 877 2124 quovis
892 2085 1035 2123 quaestto

286 2130 402 2173 colore,
417 2142 451 2165 se
467 2129 650 2165 nullatenus
673 2130 928 2165 intromitterent.

334 2184 400 2232 §5-
432 2183 596 2219 Praeterea
620 2183 684 2218 duo
706 2184 826 2231 syndici
846 2184 1037 2231 eligerentur

100 2243 146 2280 nuq
163 2243 271 2286 angantur
287 2251 370 2274 unus
387 2239 552 2274 Romanus
566 2246 596 2272 et
618 2238 696 2272 alius
717 2238 860 2282 lorensis,
877 2239 931 2285 qui
947 2251 1037 2273 com-

87 2276 272 2334 32235252933
288 2302 360 2339 puta
380 2301 410 2327 et
432 2293 570 2328 rationes
596 2292 669 2326 dicti
687 2292 852 2339 hospitalis
883 2292 1036 2337 viderent,

89 2338 273 2396 ζζυζξζὲηἰὶξζ
286 2355 317 2381 et
343 2347 400 2382 alia
429 2347 576 2390 facerent,
599 2358 678 2393 quae
702 2346 738 2380 ad
761 2346 941 2394 syndicatus
969 2347 1037 2382 offi-

89 2401 221 2428 ¹¹²⁰⁰¹⁸¹¹²525
287 2401 477 2442 ciuin,iuxta
492 2400 567 2435 dicti
586 2400 750 2448 hospitalis
768 2401 893 2448 antiqua
908 2408 1036 2446 statuta,

287 2456 482 2504 spectabant.

336 2512 403 2554 §4-
422 2509 461 2544 Et
477 2509 624 2545 similiter
647 2509 710 2544 duo
729 2509 839 2544 notarii
857 2509 985 2556 practici
1007 2509 1035 2544 in

94 2558 275 2613 ἀῗξᾙξοξὲζζξῖ
288 2564 390 2599 causis
416 2563 594 2599 forensibus
617 2563 857 2611 pertractandis,
872 2576 955 2598 unus
968 2563 1037 2598 Ro-

89 2621 233 2674 }gssdssnssua:
249 2622 275 2674 :ff
290 2630 400 2653 manus
420 2626 450 2653 et
471 2618 548 2654 alter
569 2617 714 2659 forensis,
734 2618 787 2665 qui
804 2630 851 2663 ea,
866 2629 946 2664 quae
962 2617 1035 2652 dicti

131 2659 142 2680 Ρ
235 2659 247 2680 ¹²
289 2671 451 2719 hospitalis
469 2673 633 2707 utilitatem
650 2672 892 2716 concernehant,
905 2672 1037 2708 fideliter

90 2686 161 2710 οιωις

367 2729 440 2761 Bull.
457 2729 532 2761 Rom.
554 2730 608 2760 Vol.
631 2729 659 2760 V.
860 2729 892 2760 81

967 282 1029 306 1120
1049 282 1072 305 Χ
1094 283 1141 305 ΡΡ.

1700 270 1765 304 641

1071 338 1246 373 scriberent
1272 345 1303 372 et
1324 337 1521 381 adnotarent,
1544 344 1574 372 et
1595 335 1653 371 alia
1670 336 1819 377 facerent,

1071 400 1151 435 quae
1172 387 1211 422 ad
1239 387 1413 422 notariatus
1439 386 1589 428 officium,
1605 387 1688 421 iuxta
1709 386 1818 422 eadem

1071 446 1201 477 statuta,
1225 436 1436 484 pertinebant.

1120 488 1140 533 g
1173 491 1205 521 5.
1244 487 1290 521 Ac
1318 487 1445 521 demum
1474 494 1608 533 quatuor
1637 484 1725 533 probi
1750 485 1819 528 viri,
1850 496 2018 525 visitantesque

1073 538 1249 571 visitatores
1275 536 1431 571 dictorum
1463 536 1660 570 infirmorum
1692 535 1820 570 ineura-
1835 531 1923 555 ⁹¹¹³⁰¹⁰¹
1939 529 2021 555 ΜΨ·

1850 560 1948 580 uirendos
1957 562 1977 580 et
1987 565 2018 580 re·

1072 587 1182 621 hilium
1198 586 1416 633 nuncupandi,
1430 584 1739 632 deputat·entur,du0
1755 583 1820 619 Ro·
1836 566 1945 616 {utendos
1963 591 2019 611 intir-

1073 637 1155 671 mani
1180 644 1209 670 et
1233 636 1295 669 duo
1319 635 1470 679 forenses,
1481 635 1548 681 qni,
1565 648 1625 669 una
1641 647 1712 669 cum
1729 634 1821 669 dictis
1836 621 2022 679 ffi⁰⁵4¹12s¹¹¹iff⁴l⁴⁸¹ss22

1071 686 1197 720 duobus
1223 685 1372 733 syndicis,
1407 697 1421 718 a
1453 685 1544 719 nobis
1570 697 1665 731 super
1688 685 1748 719 hoe
1770 684 1821 719 l'a-
1836 684 1880 736 ζῗξζ
1892 684 2022 736 ὗξῧῗὲωξοζᾱ

1072 736 1220 770 cultatem
1244 743 1274 769 et
1295 735 1512 769 auctoritatem
1538 733 1687 778 habituri,
1711 746 1822 769 omnes
1837 746 2023 773 puattairansmtt·

1072 794 1103 819 et
1117 784 1261 831 singulos
1281 796 1436 831 pauperes
1451 784 1605 828 inlirrnos,
1617 796 1821 831 quocumque
1837 779 1921 799 *ΜΟ*

1074 834 1183 869 morbo
1212 834 1403 873 laborantes,
1432 846 1527 880 vagos
1552 846 1606 881 per
1631 833 1746 869 Urbem
1775 842 1823 868 at-

1072 897 1133 931 que
1162 884 1324 931 dispersos
1345 883 1514 929 diligenter
1544 884 1772 930 perquirerent3
1795 892 1824 918 et

1073 933 1230 968 curabiles
1252 933 1290 968 ad
1314 933 1491 980 hospitalia,
1514 933 1543 967 in
1572 933 1688 980 quibus
1708 933 1822 968 infirmi

1073 983 1229 1019 curabiles
1252 983 1348 1029 recipi
1373 983 1608 1023 consueverim
1633 983 1824 1017 incurabiles

1075 1046 1158 1073 vero,
1174 1033 1265 1067 etiam
1282 1033 1466 1077 renitentes,
1482 1032 1520 1066 ad
1536 1032 1652 1067 dictuin
1672 1032 1825 1079 hospitale

1073 1083 1107 1118 S.
1136 1082 1239 1117 lacobi
1262 1082 1349 1121 duci,
1369 1094 1488 1129 eosque
1509 1082 1538 1116 in
1564 1082 1623 1115 illis
1646 1082 1824 1128 rospeetive

1075 1133 1184 1178 recipi,
1206 1140 1236 1166 et
1259 1131 1290 1165 in
1318 1131 1404 1166 dicto
1432 1131 1578 1178 hospitali
1602 1130 1636 1166 S.
1652 1131 1755 1166 Iacobi
1776 1143 1825 1165 re-

1074 1182 1192 1229 ceptis,
1220 1182 1305 1216 iuxta
1329 1181 1494 1228 hospitalis
1521 1180 1686 1215 facultates
1713 1191 1742 1216 et
1776 1193 1826 1215 re-

1074 1240 1237 1278 ceptorum
1275 1230 1483 1278 qualitatem,
1511 1231 1687 1265 necessaria
1724 1230 1826 1265 mini-

1074 1281 1163 1316 strari
1193 1281 1342 1320 facerent,
1366 1288 1457 1327 prout
1478 1281 1509 1314 in
1533 1280 1669 1327 quodam
1700 1279 1826 1326 publico

1075 1332 1287 1366 instrumento
1310 1330 1446 1378 desuper
1468 1329 1611 1365 confecto
1625 1329 1742 1365 dicitur
1758 1329 1826 1377 ple·

1077 1381 1148 1416 nius
1164 1380 1332 1415 contineri.

1123 1431 1143 1478 g
1171 1432 1202 1465 6.
1225 1429 1291 1465 Nos
1318 1429 1425 1476 igitur,
1442 1429 1529 1476 pium
1553 1437 1582 1464 et
1605 1428 1761 1464 laudabile
1778 1428 1828 1463 di·
1849 1442 2028 1466 flicautemron-

1075 1490 1199 1516 ctornm
1223 1479 1413 1515 confratrum
1430 1479 1622 1527 propositum
1644 1479 1825 1514 huiusmodi
1842 1475 2030 1532 Qffiss'ss‘fffi

1078 1531 1249 1578 plurimum
1276 1530 1305 1563 in
1342 1529 1480 1564 Domino
1502 1528 1776 1574 commendantes,
1797 1537 2028 1565 ethospnatisopus.

1078 1589 1109 1615 ut
1132 1593 1170 1614 ex
1192 1593 1230 1614 eo
1249 1579 1345 1626 optati
1362 1579 1484 1613 fructus
1501 1579 1686 1626 proveniant
1716 1579 1826 1613 intimo

1076 1629 1292 1665 desiderantes
1314 1628 1440 1669 affectu,
1467 1628 1767 1676 considerantesque
1788 1628 1826 1663 ad

1076 1680 1320 1726 hospitalitatem
1349 1678 1532 1713 huiusmodi
1556 1687 1640 1713 tauto
1662 1678 1826 1713 hominum

1077 1742 1222 1770 numero,
1250 1737 1294 1763 tot
1317 1728 1500 1763 morborum
1535 1728 1705 1775 generibus
1740 1728 1827 1763 labo-

1078 1781 1170 1824 ranti,
1193 1791 1333 1826 congrue
1355 1778 1566 1814 exhibendam
1584 1806 1593 1822 ,
1622 1790 1735 1825 magna
1759 1790 1828 1813 esse

1076 1842 1156 1876 opus
1172 1829 1328 1876 impensa,
1341 1837 1369 1862 et
1387 1836 1552 1875 propterea
1566 1828 1708 1862 volentes
1726 1828 1828 1863 eidem

1077 1879 1223 1926 hospitali
1267 1879 1306 1913 de
1340 1878 1541 1925 Apostolicae
1576 1877 1668 1913 Sedis
1704 1877 1828 1925 peculio

1079 1938 1198 1976 partem
1210 1929 1366 1967 conferre,
1379 1936 1409 1962 et
1423 1929 1499 1962 alios
1518 1928 1555 1962 ad
1574 1929 1640 1975 piae
1657 1928 1829 1963 memoriae

1076 1979 1196 2026 aliquid
1212 1978 1290 2014 Eius
1314 1979 1429 2012 intuitu
1459 1977 1700 2021 conferendum,
1723 1989 1739 2012 a
1767 1989 1829 2024 qno

1077 2038 1203 2071 cuneta,
1230 2040 1310 2075 quae
1340 2028 1512 2074 possident,
1536 2035 1740 2075 acceperunt,
1761 2027 1829 2075 spi-

1078 2079 1242 2114 ritualibus
1264 2078 1356 2112 donis
1379 2078 1519 2111 invitare.

1126 2134 1146 2181 g
1173 2137 1205 2168 7.
1242 2133 1328 2168 Motu
1355 2133 1492 2179 proprio,
1517 2144 1578 2166 non
1609 2131 1644 2166 ad
1674 2131 1826 2167 dictorum

1078 2187 1270 2222 confratrum
1292 2187 1337 2221 vel
1354 2187 1488 2221 aliorum
1507 2186 1693 2233 quorumvis
1713 2198 1767 2232 pro
1783 2186 1827 2220 eis
1843 2179 2029 2237 ξὀζῖζᾙξῖζωξῇ*

1078 2242 1171 2276 nohis
1193 2254 1288 2288 snper
1305 2241 1363 2276 hoc
1379 2241 1499 2275 oblatae
1523 2240 1683 2287 petitionis
1706 2240 1827 2274 instau-
1843 2241 2027 2299 ἒῇὲιηεὸἑξῦςῑξὲἒῖ

1079 2297 1163 2336 tiam,
1190 2297 1245 2332 sed
1269 2297 1307 2330 de
1333 2303 1436 2330 nostra
1466 2307 1549 2329 mera
1585 2294 1770 2329 liberalitate
1797 2303 1827 2329 et
1843 2303 1937 2338 omniun
1953 2302 2027 2338 ¹³.⁰.³⁹¹·

1077 2363 1115 2385 ex
1142 2360 1225 2385 certa
1253 2351 1395 2389 scientia,
1423 2356 1536 2383 statuta
1563 2357 1593 2383 et
1615 2349 1828 2383 ordinationes
1843 2334 2025 2359 ¹³¹¹¹¹⁰¹⁸¹m¹¹¹um³

1080 2405 1259 2440 huiusmodi
1287 2413 1350 2439 rata
1374 2403 1528 2438 habentes
1552 2411 1581 2437 et
1604 2412 1701 2449 grata,
1723 2411 1828 2437 aucto-

1079 2460 1168 2495 ritate
1190 2460 1372 2506 apostolica,
1396 2467 1504 2493 tenore
1528 2458 1753 2504 praesentium,
1770 2457 1828 2492 ho-

1078 2514 1189 2562 spitale
1214 2513 1409 2561 praedictum
1448 2513 1478 2546 iu
1502 2511 1743 2557 arcliihospitale
1768 2522 1829 2545 ca-

1080 2577 1198 2616 putque
1232 2567 1374 2602 omnium
1410 2566 1613 2613 hospitalium
1654 2577 1826 2611 pauperum

1079 2623 1276 2657 intirmorum
1301 2620 1532 2664 incurabilium,
1555 2619 1684 2654 ubilibet
1705 2619 1826 2653 consti-

1078 2685 1218 2712 tutorum
1241 2685 1269 2711 et
1291 2674 1600 2720 constituendorum,
1621 2673 1774 2720 erigimus
1795 2680 1826 2707 et

1836 280 1884 308 An.
1903 280 1930 307 C.
1952 281 2018 309 ¹5¹³

1857 2147 1939 2169 Statuta
1953 2148 2028 2174 praedt·
