2281 3251
4 1155 12 1195 κ--

4 1270 23 1375 -Υμςμ-»ᾱ

23 1924 33 1962 :ff

14 1934 27 2002 ³0⁴5*-

16 1919 20 1921 ν
20 1896 33 1909 ,.
8 1757 30 1889 &eds-,w
24 1715 26 1718 ,

119 260 168 286 An.
185 259 214 285 C.
235 260 297 286 tli77

137 567 270 587 Dect-iteum
286 566 306 585 ln

126 598 223 624 hospitali
238 597 307 624 ibtque

127 631 245 650 servientes
257 634 309 655 gau-

127 662 310 685 dentgratiitcon-

126 693 221 713 fratrum,

136 1009 266 1036 tndutgcnuu
274 1014 311 1035 pro

130 1042 252 1061 suttventen.
261 1040 312 1060 hos—

131 1072 196 1099 pituli.

152 1999 232 2020 Norant
251 1999 324 2019 notifi-

141 2034 190 2051 cent
201 2031 325 2056 dispositiu—

142 2067 180 2081 nes
207 2060 274 2081 tactas
299 2061 325 2081 ad

141 2093 233 2112 tuorem
249 2091 323 2118 hospt—

143 2124 198 2148 talis,
215 2126 255 2143 etc.

161 2539 202 2567 Ipsi
213 2543 233 2560 et
245 2539 331 2560 contes-

149 2577 209 2592 ειη-ες
229 2571 331 2590 suadeant

149 2603 235 2622 ‘infirmis
243 2601 332 2621 subveu-

149 2634 227 2653 tionem
259 2632 332 2659 hospi-

149 2664 204 2684 ulis.

971 256 1080 277 sthns

320 315 380 349 rint
408 313 588 353 interdicto,
621 311 849 347 ecclesiasticae
883 311 1062 358 sepulturae

320 364 396 398 tradi
411 363 553 401 debeant,
564 362 793 409 absquetamen
809 360 924 394 funeris
935 372 1062 407 pompa,

320 414 399 448 sicut
421 412 544 446 solitum
574 420 619 446 cst
647 411 710 444 lieri
734 410 772 444 de
794 409 978 457 corporibus
1000 411 1063 444 cle—

322 463 470 504 ricorum,
491 461 688 494 interdictum
703 459 866 495 servando.

370 511 389 558 g
421 514 473 544 tt.
497 510 693 545 Decedcntcs
715 516 817 543 antem
848 520 903 554 pro
925 518 1064 554 tempor(¹

323 561 352 594 in
383 560 525 607 hospitali
555 559 713 606 praedicto
741 567 770 592 et
792 558 930 592 eiusdem
959 558 1066 604 hospi-

324 610 392 644 talis
407 622 441 644 ac
457 621 627 656 pauperum
642 608 870 654 expositionum
884 607 1064 642 eorumdem

324 660 485 705 obsequiis
495 671 549 705 pro
563 667 701 705 tempore
714 658 896 692 insistentes
906 658 1066 703 utriusqnt·

324 721 435 747 sexus,
458 708 605 755 quamdiu
632 707 895 754 perseveraverint
922 707 950 739 in
974 707 1068 740 obse-

324 757 405 805 quiis
424 757 604 792 huiusmodi
627 758 796 801 dumtaxat,
819 756 936 791 eisdem
956 755 1069 802 quibus

325 807 496 842 confratres
520 808 548 840 in
577 807 660 841 dicto
683 807 761 840 libro
784 806 947 852 descripti,
967 805 1068 851 quoad

325 858 427 891 omnia
446 857 474 890 in
489 856 706 903 praesentibus
718 864 875 899 contenta,
891 855 1069 902 privilegiis,

327 906 675 952 facultatibusetgratiis
693 906 886 953 potianturet
902 904 1068 950 gaudeant.

375 961 390 1000 ἕ
420 958 472 990 1⁶2.
497 956 606 995 Porro,
621 955 656 990 ad
668 954 960 990 communicandam
982 953 1071 987 latius

327 1006 431 1053 operis
467 1014 527 1040 tam
553 1006 593 1052 pii
616 1005 747 1039 salutem
784 1003 932 1039 omnibus
954 1011 983 1037 et
1007 1003 1072 1035 siu-

328 1055 410 1102 gulis
429 1056 592 1102 utriusque
614 1068 710 1089 sexus
723 1054 791 1088 aliis
805 1052 1071 1089 christifidelibus,

329 1105 382 1152 qui
405 1105 442 1138 ad
466 1106 584 1139 dicium
616 1103 778 1151 hospitale,
799 1115 852 1149 pro
870 1102 952 1136 illius
981 1113 1073 1147 prae-

331 1155 422 1189 dictis
454 1155 602 1189 oneribus
624 1153 861 1200 supportandis,
896 1151 933 1185 de
964 1162 1072 1185 eorum

329 1204 431 1246 bouis,
452 1212 543 1250 prout
564 1216 671 1237 eorum
695 1202 855 1237 dictaverit
883 1200 1022 1243 devotio,
1043 1200 1073 1233 ti-

329 1254 440 1288 deliter
458 1252 758 1290 transmiserint,rel
771 1252 800 1285 in
824 1251 889 1285 suis
906 1258 1075 1284 testamen-

330 1304 369 1338 tis
391 1311 420 1337 et
437 1302 555 1337 ultimis
583 1302 794 1336 voluntatibus
816 1301 853 1335 ad
877 1300 936 1334 hoc
952 1300 1074 1345 legare-

330 1353 409 1387 rint:
434 1360 531 1392 motu,
558 1352 689 1386 scientia
717 1360 747 1385 et
776 1350 960 1384 auctoritate
987 1361 1077 1395 prae·

330 1402 422 1437 dictis
444 1402 650 1436 concedimus
680 1410 722 1441 ut,
752 1401 781 1434 in
806 1401 914 1433 mortis
947 1399 1076 1433 articulo

331 1452 502 1491 constituti,
536 1451 746 1485 confessorem
781 1449 927 1484 idoneum
963 1448 1077 1494 eligere

333 1502 466 1549 possint,
481 1501 546 1548 qui,
560 1513 668 1535 eorum
685 1498 935 1534 confessionibus
947 1498 1079 1544 diligen-

333 1561 379 1586 ter
400 1551 528 1593 auditis,
555 1551 697 1585 omnium
723 1557 923 1596 pcccatorum
947 1560 1076 1582 suorum

334 1601 504 1648 plenariam
521 1601 566 1634 eis
582 1600 796 1634 remissionem
825 1598 946 1644 elargiri
972 1598 1078 1644 possit.

334 1651 499 1685 Prorideat
510 1658 613 1684 autem
629 1658 810 1696 praeceptor
824 1648 896 1682 dicti
907 1647 1079 1693 hospitalis,

335 1712 421 1734 nunc
444 1708 473 1734 et
494 1711 549 1746 pro
572 1708 713 1745 tempore
728 1699 878 1741 existens,
893 1698 976 1744 quod
1000 1697 1081 1731 elee-

334 1762 482 1798 mosynae
510 1757 539 1783 et
563 1749 752 1783 mittentium
777 1748 903 1781 nomina
926 1755 956 1780 et
983 1747 1080 1793 legata

335 1800 365 1833 iu
380 1800 457 1833 libro
472 1799 584 1833 adhoc
603 1798 754 1845 deputato
777 1796 1006 1837 describantur,
1023 1796 1081 1830 sub

335 1849 670 1883 excommunicationis
694 1859 805 1894 poena,
839 1859 875 1881 eo
899 1846 977 1893 ipso,
1003 1846 1027 1880 si
1053 1846 1080 1878 id

337 1898 491 1933 malitiose
519 1898 620 1932 facere
655 1897 842 1943 neglexerit,
880 1895 1079 1930 incurrenda.

386 1949 406 1995 g
437 1950 489 1982 t5.
520 1948 668 1982 Districte
687 1947 914 1993 praecipientes
938 1945 1083 1980 notariis.

338 1999 391 2044 qui
417 1998 511 2044 rogati
536 1997 650 2032 fuerint
673 1997 710 2031 de
734 1997 929 2030 testamentis
952 1995 998 2029 vel
1015 1995 1084 2029 aliis

340 2047 460 2081 ultimis
488 2046 725 2086 voluntatibus,
765 2046 794 2080 in
822 2045 940 2093 quibus
966 2044 1083 2091 aliquid

340 2101 464 2147 disponi
483 2101 650 2147 contigerit
672 2100 701 2133 in
719 2109 879 2146 posterum
896 2099 925 2133 in
950 2098 1083 2133 favorem

340 2163 371 2191 et
392 2154 595 2190 commodum
610 2154 683 2188 dicti
701 2153 874 2200 hospitalis,
891 2161 934 2193 ut,
958 2152 1018 2187 sub
1033 2165 1086 2187 ex-

341 2209 638 2245 communicationis
663 2220 782 2255 poena,
812 2207 994 2242 huiusmodi
1023 2207 1087 2241 dis-

343 2265 542 2312 positionem,
558 2263 747 2311 quantocius
757 2262 921 2296 commode
932 2270 1087 2308 poterunt,

343 2318 537 2365 praeceptori
561 2318 636 2353 dicti
656 2316 822 2363 hospitalis
843 2328 897 2350 seu
914 2315 1015 2360 alteri,
1035 2327 1089 2362 per

343 2385 436 2420 quem
465 2372 493 2406 id
517 2373 615 2420 possit
636 2371 672 2406 ad
703 2371 776 2405 dicti
801 2370 1013 2417 praeceptoris
1030 2381 1088 2404 uo-

344 2429 442 2462 titiam
472 2427 646 2474 pervenire,
666 2426 809 2460 iutimare
837 2432 1016 2472 procurent.

395 2482 414 2530 S
442 2484 497 2516 214.
524 2481 585 2528 Ipsi
613 2492 740 2528 quoque
768 2479 878 2513 notarii
909 2488 939 2514 et
967 2477 1091 2512 confes-

345 2548 432 2571 sores
450 2535 636 2570 eorumdem
661 2534 893 2571 decedentium,
910 2534 939 2567 in
960 2544 1089 2566 suorum

346 2590 567 2624 remissionem
591 2598 801 2634 peccatorum,
825 2587 942 2621 eisdem
973 2593 1092 2620 testan-

346 2643 429 2677 tibus
451 2653 482 2676 et
512 2642 736 2677 confitentibus
757 2652 1006 2675 commemorare
1030 2651 1090 2674 non

426 2699 498 2728 Ball.
519 2698 593 2728 Rom.
614 2698 667 2727 Vol.
691 2698 717 2727 l'.
939 2696 975 2726 »Ἣ

1109 257 1139 278 tv
1169 257 1215 278 rr.
1733 246 1802 277 ⁶249
1869 257 1916 282 An.
1936 257 1964 283 c,
1983 256 2047 282 ti177

1105 313 1271 354 omittant,
1295 319 1325 344 ut
1349 311 1385 345 ad
1410 320 1469 345 tam
1505 311 1552 357 pia
1581 323 1687 357 opera.
1711 323 1791 358 quae
1820 312 1849 345 in

1105 361 1189 396 dicto
1222 361 1366 408 hospitali
1390 368 1592 403 exercentur,
1616 373 1727 396 manus
1751 361 1852 407 porri-

1106 420 1176 456 gant
1193 411 1372 453 adiutrices,
1388 409 1654 456 quemadmodum
1673 422 1742 454 nos,
1758 422 1851 456 quos-

1107 472 1242 507 cumque
1265 459 1485 495 cliristilideles
1512 467 1542 493 et
1569 460 1751 506 praesertim
1773 471 1851 494 con-

1109 511 1216 544 fratres
1243 510 1380 544 eiusdem
1404 508 1601 552 confratriae,
1624 509 1678 555 qui
1704 522 1758 555 pro
1773 517 1853 543 tem-

1111 572 1183 605 pore
1211 559 1340 602 fuerint,
1376 571 1431 605 per
1452 559 1570 593 viscera
1594 558 1721 593 Domini
1758 559 1853 593 nostri

1109 609 1179 643 Iesu
1202 608 1317 642 Christi
1341 608 1554 642 adhortamur.

1159 662 1173 701 g
1198 659 1253 691 115.
1274 657 1310 691 Et
1328 666 1360 691 ut
1375 657 1480 691 fideles
1500 657 1557 703 ipsi
1574 656 1727 691 uberioris
1742 657 1855 703 gratiae
1886 670 1980 697 impertiti
2003 671 2054 689 visi-

1111 706 1194 741 dono
1223 708 1361 740 sentiant
1395 719 1427 741 sc
1452 706 1599 745 refectos,
1637 706 1747 740 barum
1775 706 1855 741 serie
1873 701 2056 753 ζζζῖἰοῃζξξιῆῖζζ

1112 756 1311 790 decernimus
1334 765 1365 790 ut
1387 768 1497 790 omnes
1527 756 1689 802 utriusque
1711 768 1804 790 sexus
1827 755 1855 790 in
1873 763 2056 788 'inindumentiu

1114 805 1196 840 Urbe
1225 814 1479 848 commorantes,
1516 806 1568 852 qui
1597 805 1730 851 legitima
1765 793 2057 840 cattsa“'‘'“‘¹'¹⁴“'‘'¹h'

1873 827 1978 846 veniendo
2005 825 2057 844 lios-

1112 855 1233 895 aetatis,
1257 855 1443 889 valetudinis
1466 854 1512 888 vcl
1532 855 1685 889 similibus
1702 854 1857 901 impediti,
1874 857 1940 885 riust-

1114 906 1213 951 ipsius
1233 905 1319 939 urbis
1345 905 1495 939 stationes
1518 904 1563 938 vel
1586 905 1857 951 quascumquein-

1114 955 1292 999 dulgentias
1313 954 1478 988 commode
1506 954 1640 994 visitare,
1658 954 1704 988 vel
1734 954 1860 1001 pontifi-

1115 1004 1232 1038 calibus
1255 1003 1529 1038 benedictionibus
1545 1004 1694 1038 iuteresse
1710 1015 1764 1049 pro
1780 1012 1860 1038 tem-

1117 1066 1190 1100 pore
1219 1066 1279 1087 nou
1317 1061 1483 1100 poterunt,
1517 1053 1600 1087 illam
1628 1053 1858 1101 eleemosynam

1117 1102 1260 1150 hospitali
1291 1102 1427 1149 praefato
1454 1101 1670 1142 conferendo,
1707 1114 1801 1148 quam
1830 1103 1859 1136 in

1118 1152 1261 1199 praefatis
1275 1151 1462 1186 stationibus
1485 1164 1521 1186 ex
1545 1152 1670 1198 propria
1695 1152 1861 1197 pietate,.si

1117 1214 1169 1236 eas
1196 1202 1386 1245 visitassent,
1415 1201 1621 1247 personaliter
1643 1201 1863 1243 contulissent,

1118 1264 1228 1286 omnes
1261 1250 1470 1296 indulgentias
1508 1250 1659 1296 praefatas
1692 1250 1862 1284 stationum

1119 1300 1214 1336 Urbis
1231 1309 1259 1334 et
1277 1300 1501 1346 pontificalium
1518 1299 1789 1343 benedictionum,
1802 1307 1863 1333 tam

1120 1350 1285 1397 plenarias,
1308 1362 1400 1396 quam
1429 1349 1465 1384 ad
1487 1358 1607 1383 certum
1630 1361 1784 1383 annorum
1806 1361 1866 1383 nu-

1120 1413 1240 1435 merum
1264 1400 1461 1440 constitutas,
1496 1399 1534 1433 de
1564 1400 1786 1445 omnipotentis
1809 1399 1865 1433 Dei

1120 1451 1217 1495 gratia
1257 1458 1286 1483 ct
1324 1450 1407 1483 douo
1434 1457 1670 1496 consequantur
1704 1449 1732 1482 in
1769 1449 1866 1483 forma

1122 1500 1280 1534 Ecclesiae
1307 1508 1468 1533 consueta.

1171 1551 1190 1597 S
1208 1551 1260 1584 16.
1276 1549 1414 1589 Rursus,
1431 1549 1503 1583 utin
1520 1547 1674 1595 principio
1685 1547 1866 1582 huiusmodi
1890 1558 2069 1579 eontrartnciaui

1123 1599 1384 1634 confraternitatis
1401 1607 1430 1633 et
1452 1598 1630 1633 successive
1645 1598 1737 1632 etiam
1756 1597 1870 1632 futuris
1884 1591 2069 1647 ξζοζξῃὲζῇξῖζ

1124 1649 1318 1695 temporibus
1331 1650 1369 1683 ad
1389 1649 1469 1683 illam
1494 1649 1591 1682 maior
1606 1647 1731 1681 devotio
1754 1659 1869 1681 accre-
1884 1652 1939 1672 '⁶⁵¹0
1960 1652 2069 1687 P2511000-

1124 1708 1187 1733 scat
1210 1699 1362 1742 fidelium,
1389 1707 1419 1732 et
1441 1699 1471 1732 iu
1507 1711 1540 1732 ea
1565 1697 1747 1731 memoriale
1769 1698 1810 1731 sit
1840 1697 1869 1730 in
1886 1682 2067 1741 {ffssegiiftiiii'rig

1124 1761 1245 1791 aevum,
1259 1749 1405 1782 omuibus
1427 1748 1526 1782 dictae
1549 1746 1734 1781 confratriae
1752 1746 1872 1781 confra-

1126 1799 1226 1833 tribus
1255 1798 1472 1845 praesentibus
1495 1798 1525 1831 in
1552 1796 1695 1831 Romana
1713 1795 1808 1830 Curia
1824 1796 1873 1830 in-

1127 1849 1288 1894 iungimus
1326 1857 1357 1881 ut
1389 1848 1418 1881 in
1457 1847 1627 1881 crastinum
1667 1846 1872 1880 solemnitatis

1126 1898 1329 1932 pentecostes
1344 1897 1482 1944 proxime
1506 1897 1628 1931 suturae
1645 1904 1676 1930 et
1694 1896 1870 1930 successive

1127 1959 1209 1981 anno
1231 1947 1392 1994 quolibet,
1414 1946 1524 1981 eadem
1548 1946 1617 1989 die,
1646 1945 1873 1992 impedimento

1128 2006 1269 2032 cessante
1308 1997 1467 2043 legitimo,
1496 1997 1525 2029 in
1562 1995 1686 2029 basilica
1719 1995 1875 2041 Principis

1129 2048 1340 2094 apostolorum
1364 2047 1402 2081 de
1419 2045 1505 2081 Urbe
1527 2046 1726 2084 conveniant,
1758 2045 1788 2078 in
1811 2056 1872 2090 qua

1129 2096 1311 2130 huiusmodi
1327 2097 1368 2130 rei
1394 2095 1555 2138 memoria,
1570 2094 1750 2128 ostendatur
1771 2093 1876 2127 Suda-

1131 2147 1210 2180 rium
1225 2146 1393 2180 Salvatoris
1407 2145 1535 2180 Domini
1548 2145 1643 2178 nostri
1661 2143 1731 2178 Iesu
1746 2142 1876 2181 Christi:

1130 2208 1230 2243 eoque
1258 2204 1396 2233 ostenso,
1425 2195 1496 2229 iude
1531 2193 1682 2241 portando
1711 2193 1875 2227 brachium

1131 2245 1164 2280 S.
1193 2245 1328 2280 Andreae
1363 2244 1494 2292 apostoli
1523 2243 1615 2290 (quod
1641 2242 1823 2285 novissime,
1847 2242 1876 2276 in

1132 2296 1283 2330 honorem
1307 2295 1379 2329 dicti
1397 2293 1528 2341 apostoli
1551 2301 1580 2327 et
1602 2291 1728 2327 laudem
1755 2291 1878 2326 confra-

1133 2345 1283 2379 ternitatis
1318 2344 1491 2391 praedictae
1507 2370 1514 2383 ,
1553 2342 1641 2377 techa
1677 2350 1822 2388 argentea
1849 2349 1879 2375 et

1133 2393 1475 2441 aurea,lan1padit)ustt
1486 2397 1494 2435 'J
1507 2391 1650 2439 pretiosis
1665 2399 1770 2426 ornata
1784 2398 1813 2425 et
1824 2403 1879 2438 per

1134 2456 1192 2479 nos
1203 2444 1319 2479 eisdem
1335 2443 1437 2477 oblata
1447 2441 1565 2476 recludi
1579 2441 1878 2485 fecimuJaetuuum

1134 2494 1172 2528 de
1188 2493 1325 2528 articulis
1347 2491 1443 2526 sancti
1461 2491 1547 2525 Pauli
1570 2490 1716 2538 apostoli,
1731 2497 1761 2523 et
1781 2502 1877 2523 unum

1134 2543 1173 2578 de
1196 2543 1302 2589 digitis
1330 2550 1454 2576 sanctae
1476 2540 1663 2575 Cathariuae
1696 2539 1823 2584 virginis
1849 2546 1880 2572 et

1136 2593 1288 2640 martyris,
1317 2604 1371 2638 per
1393 2603 1450 2624 nos
1478 2591 1597 2624 noviter
1618 2588 1701 2636 apud
1722 2587 1878 2636 hospitale

1170 2655 1208 2690 (t)
1226 2655 1286 2689 Leg.
1307 2655 1436 2686 lapidibus
1451 2655 1571 2686 pretiosis
1596 2651 1633 2687 (n.
1654 2650 1704 2686 ·r.).
