2281 3251
120 260 166 287 An.
184 258 214 287 C.
235 258 300 285 ¹5¹2

138 2329 243 2358 Reintegr.
267 2338 306 2352 su-

124 2363 251 2389 perierimus
283 2363 303 2383 in

126 2395 208 2415 civitate
230 2393 306 2421 Tyhur-

966 250 1070 274 11:¹21th
1092 251 1115 273 11
1141 250 1188 273 ΡΡ.

316 312 436 359 aliquas
463 321 577 357 paucas
599 307 741 344 civitates
769 315 798 341 et
825 306 951 353 oppida,
974 307 1058 342 civi-

317 370 362 397 tas
395 359 565 408 Tyburtina
592 369 703 404 magna
730 369 801 392 cum
831 356 891 392 lide
926 356 984 392 sub
1007 369 1061 391 co—

315 423 385 446 rum
409 408 626 445 iurisdictione
647 420 682 442 ac
705 406 846 441 dominio
865 407 1061 446 remanseran

316 460 514 507 habeantque
548 459 632 493 cives
663 457 763 492 dictae
790 456 885 491 Urbis
913 456 1060 491 nonnulla

314 509 448 557 capitula
470 521 543 544 cum
572 507 690 555 populo
717 506 902 554 Tyburtino,
925 507 1063 553 superio-

316 561 438 594 ritatem
461 571 497 594 ac
523 557 712 605 gubernium
736 569 790 591 seu
815 556 1062 591 iurisdictionem

316 610 348 644 in
371 621 426 644 eos
447 607 680 647 concernentia,
703 618 795 654 quae,
818 606 890 640 licet
913 606 1065 641 hacteuus

316 659 478 695 observata
500 658 628 697 fuerint,
655 664 759 691 tamen
787 655 860 703 quia
883 656 982 691 bonae
1005 668 1064 690 me-

316 709 432 744 moriae
465 708 601 748 Petrus,
636 706 714 741 tituli
752 705 858 740 Sancti
887 705 997 740 Ciriaci
1034 706 1064 740 iu

315 758 462 794 Thermis
502 757 664 805 presbyter
699 754 868 791 cardinalis
898 755 1064 801 Reginus,

315 808 388 856 qui,
416 808 457 844 ob
484 807 687 855 partialitates
721 804 821 853 ipsius
849 804 981 840 civitatis
1002 804 1066 852 Ty-

316 857 459 893 burtinae
494 855 754 903 componendas,
781 866 814 889 se
842 854 1065 895 intromiserat,

315 916 345 943 et
367 907 480 943 deinde
504 906 652 954 paulatim
677 903 920 952 progrediendo,
947 916 980 938 se
996 903 1066 937 illo-

316 969 386 992 rum
415 963 627 1004 protectorem
655 953 843 997 asserend0‚
874 953 1065 988 iurisdictio-

316 1018 390 1042 nem
414 1006 570 1041 dictorum
599 1005 714 1039 civium
741 1002 959 1038 Romanorum
979 1003 1066 1037 visus

316 1065 363 1092 est
396 1067 570 1103 occupare,
600 1054 630 1089 in
658 1066 721 1088 non
746 1052 900 1087 modicam
925 1052 1065 1099 ipsorum

315 1105 533 1141 Romanorum
557 1104 670 1139 civium
693 1102 823 1138 honoris
845 1114 880 1136 ac
907 1101 1066 1148 dignitatis

315 1155 559 1191 detractionem:
595 1153 667 1188 licet
699 1153 792 1187 etiam
821 1151 950 1198 praefati
983 1163 1067 1186 con-

316 1213 490 1240 servatores
504 1205 535 1238 in
550 1202 637 1238 Urbe
650 1202 806 1250 praedicta
829 1201 963 1236 babeant
978 1213 1066 1248 quas-

315 1254 387 1290 dam
423 1253 654 1289 iurisdictiones
688 1264 723 1286 ac
758 1250 921 1285 facultates
956 1263 1065 1285 eorum

315 1304 452 1340 officium
474 1310 724 1345 concernentes,
746 1301 881 1334 maxime
904 1300 984 1335 circa
1008 1313 1066 1335 an-

316 1366 430 1389 nonam
454 1361 484 1388 et
506 1352 689 1388 consulatus
712 1350 839 1390 artium,
863 1362 985 1385 necnon
1011 1363 1067 1396 ga-

315 1403 413 1439 bellas
446 1411 476 1438 ct
508 1403 567 1438 alia
601 1402 725 1437 diversa
744 1428 751 1441 ,
780 1408 874 1447 prout
901 1400 932 1434 in
956 1412 1066 1435 eorum

315 1452 600 1489 consuetudinibus
628 1463 663 1486 ac
685 1450 808 1485 statutis
831 1462 885 1497 per
906 1449 1067 1485 Romanos

316 1503 511 1548 Pontifices,
547 1501 730 1550 praesertim
758 1499 809 1533 fel.
838 1511 901 1534 rec.
932 1499 1064 1534 Paulum

316 1553 504 1598 secundum,
520 1552 594 1587 etin
611 1551 699 1586 novis
720 1549 996 1584 reformationibus
1011 1561 1068 1596 per

316 1604 384 1651 piae
414 1615 510 1638 mem.
537 1600 753 1637 Alexandrum
776 1607 913 1641 sextum,
939 1599 1069 1646 praede-

316 1665 457 1689 cessores
472 1660 608 1693 nostros,
633 1649 845 1694 confirmatis,
867 1649 1066 1689 continetur;

317 1703 541 1743 nihilominus,
556 1701 629 1750 quia
648 1712 740 1748 saepe
757 1712 813 1747 per
836 1699 955 1734 diversa
978 1711 1068 1734 man-

316 1753 396 1796 data,
425 1753 606 1801 praesertim
634 1751 820 1786 dilectorum
849 1748 983 1784 filiorum
1004 1750 1068 1784 cle-

318 1803 452 1839 ricorum
476 1802 628 1838 Gamerae
654 1799 878 1848 Apostolicae,
904 1800 935 1833 in
964 1798 1068 1833 admi-

317 1853 498 1888 nistratione
508 1852 599 1887 officii
611 1863 719 1886 eorum
735 1849 962 1896 impediuntur,
972 1849 1066 1883 etiam

317 1902 393 1937 citra
420 1903 561 1950 ipsorum
589 1907 845 1936 conservatorum
877 1898 1063 1945 dignitatem

318 1960 348 1987 et
361 1952 526 1993 honorem,
542 1959 648 1986 etnon
672 1950 739 1984 sine
763 1949 904 1996 publicae
927 1948 1068 1983 utilitatis

318 2002 526 2037 detrimento:
566 2013 602 2036 ea
642 2006 770 2047 propter
804 2006 1066 2039 conservatores,

319 2052 405 2099 prior
430 2059 460 2087 et
481 2050 599 2086 Paulus
627 2048 754 2097 praefati
786 2048 877 2083 nobis
905 2048 1068 2083 humiliter

319 2106 537 2154 supplicarunt
560 2113 592 2139 ut
618 2115 715 2151 super
742 2103 933 2150 praemissis,
962 2114 1001 2137 ne
1028 2102 1067 2137 de

319 2167 441 2195 caetero
468 2158 612 2207 impediri
636 2158 773 2201 valeant,
795 2157 840 2192 eis
862 2156 900 2192 de
929 2156 1067 2191 remedio

318 2222 497 2262 opportuno
523 2212 684 2261 providere
706 2210 919 2258 dignaremur.

366 2268 387 2316 g
413 2271 445 2302 2.
467 2267 533 2303 Nos
562 2267 667 2314 igitur,
697 2266 751 2312 qui
789 2265 949 2300 Romanos
984 2264 1067 2300 cives

319 2323 508 2370 praedictos,
535 2321 628 2357 etiam
651 2321 726 2356 dum
750 2320 780 2354 in
803 2319 980 2354 minoribus
996 2331 1065 2354 era-

319 2390 402 2420 mus,
425 2389 552 2426 semper
578 2385 641 2411 toto
663 2374 758 2411 corde
780 2373 960 2415 dileximus;
983 2385 1067 2408 con-

319 2432 493 2468 siderantes
520 2431 613 2468 etiam
640 2429 763 2466 Summi
791 2428 954 2463 Pontificis
990 2439 1067 2475 pro-

319 2487 421 2535 prium
454 2486 545 2531 fore,
579 2486 629 2520 ius
664 2493 757 2533 atque
791 2483 944 2519 honorem
972 2495 1064 2518 suum

320 2541 446 2577 cuilibet
467 2541 610 2576 illaesum
634 2551 769 2584 servare,
787 2538 943 2573 dictorum
967 2544 1067 2571 statu-

320 2602 434 2642 torum,
455 2595 660 2643 capitulorum
684 2605 719 2629 ac
740 2591 1008 2628 consuetudinum
1026 2598 1067 2627 te-

321 2661 413 2685 nores
443 2657 474 2686 et
500 2649 639 2695 formam,
667 2646 884 2697 praesentibus
918 2657 976 2694 pro
1010 2657 1065 2681 ex-

1734 234 1802 267 :315

1101 305 1215 353 pressis
1237 303 1402 348 habentes,
1425 302 1545 337 eisdem
1577 301 1853 336 conservatoribus

1101 367 1185 390 nunc
1207 362 1237 390 et
1259 366 1315 401 pro
1338 361 1480 400 tempore
1502 351 1726 393 existentibus,
1744 363 1779 386 ac
1795 350 1852 397 ipsi

1103 405 1220 453 populo
1247 404 1391 440 Romano
1420 402 1682 446 iurisdictionem,
1704 402 1854 449 superio-

1104 456 1223 490 ritatem
1247 462 1277 490 et
1305 453 1574 502 praeeminentiam
1590 481 1597 493 ,
1632 464 1710 500 quas
1726 479 1734 493 ,
1770 452 1853 486 iuxta

1103 518 1210 540 eorum
1235 503 1495 544 consuetudines,
1518 510 1631 537 statuta
1646 514 1700 536 seu
1715 513 1855 537 eonven-

1106 557 1208 590 tiones
1227 562 1255 590 et
1280 562 1366 601 pacta
1390 553 1560 600 praedicta,
1584 552 1698 588 habere
1722 563 1857 586 noscun-

1106 613 1156 640 tur
1178 605 1206 639 in
1231 604 1313 639 dicta
1336 604 1459 639 civitate
1473 602 1660 650 Tyburtina,
1685 601 1856 649 apostolica

1105 654 1305 697 auctoritate,
1333 662 1441 688 tenore
1475 653 1685 699 praesentium
1717 650 1857 686 restitui-

1107 717 1177 739 mus
1203 712 1233 739 et
1257 704 1496 749 reintegramus‚
1520 702 1670 749 ipsosque
1697 701 1780 736 cives
1794 700 1857 748 Ty-

1107 754 1250 789 burtinos
1263 753 1383 788 eisdem
1399 753 1521 787 civibus
1534 751 1699 791 Romanis,
1711 758 1744 786 ut
1758 750 1857 799 prius,

1106 803 1217 839 subiici
1242 811 1272 837 ct
1293 802 1452 838 subiectos
1474 801 1549 837 fore.

1155 857 1170 896 ξ
1194 855 1225 887 5.
1249 852 1408 899 Quodque
1431 852 1460 886 in
1485 851 1565 886 dicta
1589 850 1674 886 Urbe
1696 850 1757 898 ipsi
1779 861 1856 885 con-

1107 910 1281 937 servatores
1303 914 1423 943 curam,
1447 901 1693 936 iurisdictionem
1710 907 1741 935 et
1761 899 1858 935 facul-

1107 960 1219 992 tatem,
1241 963 1334 1000 quas‚
1358 952 1441 986 iuxta
1469 962 1578 985 eorum
1611 958 1744 995 statuta,
1766 961 1856 997 prae—

1107 1001 1214 1036 sertim
1244 1013 1393 1036 novarum
1422 1000 1679 1035 reformationum
1713 1011 1749 1034 ac
1782 1011 1858 1034 con-

1107 1050 1312 1086 suetudinum
1347 1050 1602 1098 praedictarum,
1630 1049 1745 1084 habere
1782 1061 1858 1083 nos-

1107 1110 1235 1145 cuntur,
1257 1112 1404 1135 exercere
1426 1107 1457 1134 et
1479 1099 1593 1146 exequi
1615 1098 1713 1134 libere
1729 1107 1759 1134 et
1774 1098 1858 1133 licite

1108 1150 1243 1194 valeant,
1269 1149 1454 1184 auctoritate
1482 1157 1511 1183 et
1539 1157 1648 1184 tenore
1680 1147 1858 1195 praedictis,

1108 1200 1254 1235 volumus
1290 1207 1319 1234 et
1352 1199 1561 1234 declaramus.
1588 1198 1802 1233 Decernentes
1828 1205 1861 1231 ut

1107 1257 1344 1284 conservatores
1382 1248 1510 1296 praefati
1545 1248 1576 1282 in
1612 1247 1694 1283 dicta
1735 1247 1860 1282 civitate

1107 1299 1291 1347 Tyburtina,
1306 1311 1361 1346 per
1387 1299 1509 1344 aliquos
1532 1305 1744 1345 protectores,
1766 1296 1858 1332 etiam

1108 1350 1132 1384 si
1156 1356 1262 1384 essent
1283 1356 1409 1383 sanctae
1431 1348 1594 1382 Romanae
1615 1346 1777 1383 Ecclesiae
1791 1358 1861 1381 car-

1108 1398 1240 1439 dinales,
1268 1410 1304 1433 ac
1331 1399 1361 1432 in
1394 1397 1475 1433 dicta
1501 1396 1599 1442 Urbe,
1626 1404 1656 1432 et
1683 1404 1767 1432 extra
1791 1404 1859 1431 eam

1108 1449 1138 1483 in
1174 1461 1282 1483 eorum
1311 1447 1436 1495 oppidis
1468 1455 1497 1482 et
1529 1447 1654 1492 castris,
1683 1447 1714 1481 in
1749 1458 1860 1481 eorum

1110 1498 1327 1533 iurisdictione
1349 1505 1379 1532 et
1402 1497 1517 1541 officio,
1539 1509 1595 1544 per
1617 1495 1755 1532 cuiusvis
1770 1508 1860 1531 man-

1108 1548 1191 1592 data,
1219 1548 1402 1595 praesertim
1425 1546 1654 1595 praedictorum
1670 1546 1858 1581 clericorum

1108 1598 1259 1633 Gamerae
1282 1597 1494 1645 Apostolicae‚
1518 1596 1664 1644 impediri
1680 1608 1742 1631 non
1767 1608 1859 1643 posse

1108 1660 1166 1683 nec
1189 1647 1315 1689 debere;
1337 1659 1373 1683 ac
1387 1647 1532 1682 mandata
1556 1646 1750 1691 huiusmodi,
1766 1646 1857 1681 etiam

1108 1698 1169 1733 sub
1196 1698 1534 1733 excommunicationis
1561 1704 1592 1732 et
1618 1697 1687 1732 aliis
1708 1695 1859 1732 ecclesia-

1108 1749 1195 1783 sticis
1229 1748 1417 1788 sententiis,
1452 1748 1597 1783 censuris
1630 1759 1667 1782 ac
1694 1746 1859 1794 quibusvis

1111 1797 1232 1846 poenis,
1256 1798 1340 1832 irrita
1355 1806 1385 1833 et
1407 1798 1522 1842 inania,
1541 1797 1723 1845 nulliusque
1736 1796 1859 1832 roboris

1110 1847 1156 1882 vel
1183 1848 1335 1882 momenti
1364 1847 1442 1892 fore,
1469 1848 1528 1883 nisi
1546 1847 1598 1882 ubi
1614 1847 1696 1882 dicta
1713 1846 1858 1882 mandata

1109 1910 1204 1932 manu
1224 1905 1327 1932 nostra
1350 1897 1477 1945 propria
1500 1906 1553 1932 aut
1574 1897 1737 1932 camerarii
1760 1896 1857 1931 nostri

1108 1959 1165 1995 pro
1188 1955 1330 1993 tempore
1357 1947 1513 1982 subscribi
1541 1946 1715 1993 contingat.

1156 2001 1172 2040 ἕ
1190 1999 1223 2031 4.
1252 1996 1543 2032 Constitutionibus
1559 2005 1589 2032 et
1605 1994 1859 2031 ordinationibus

1109 2046 1302 2094 apostolicis,
1325 2059 1360 2082 ac
1388 2047 1561 2094 privilegiis
1576 2075 1584 2087 ,
1607 2045 1807 2081 facultatibus
1829 2053 1858 2079 et

1110 2100 1263 2146 indultis,
1286 2101 1380 2136 etiam
1417 2113 1488 2136 curn
1520 2100 1684 2148 quibusvis
1711 2099 1860 2135 clausulis

1109 2154 1314 2201 derogatoriis
1340 2155 1518 2190 fortissimis
1544 2163 1575 2189 et
1602 2153 1762 2198 insolitis,
1788 2154 1860 2201 qui-

1109 2208 1216 2244 busvis
1240 2210 1384 2257 personis
1402 2209 1560 2245 concessis
1583 2216 1613 2244 et
1633 2207 1859 2251 concedendis,

1109 2265 1303 2312 caeterisque
1315 2264 1479 2300 contrariis
1494 2276 1556 2299 uon
1571 2261 1772 2299 obstantibus
1786 2262 1859 2310 qui-

1109 2319 1317 2368 buscumque.

1157 2374 1240 2410 Nulli
1269 2387 1344 2421 ergo
1371 2382 1421 2409 etc.

1156 2429 1272 2464 Datum
1294 2429 1415 2464 Romae
1437 2427 1519 2476 apud
1541 2426 1693 2463 Sanctum
1712 2425 1856 2466 Petrum¹

1107 2497 1191 2520 anno
1212 2483 1440 2520 Incarnationis
1474 2482 1652 2517 dominicae
1687 2480 1856 2516 millesimo

1108 2538 1361 2587 quingentesimo
1387 2536 1596 2581 duodecimo,
1618 2535 1729 2583 quinto
1750 2534 1854 2569 kalen.

1107 2594 1226 2642 aprilis,
1250 2592 1447 2640 pontificatus
1474 2591 1571 2626 nostri
1599 2602 1681 2626 anno
1708 2601 1755 2624 lx.

1156 2650 1217 2681 Dat.
1236 2651 1281 2681 die
1300 2650 1337 2680 ⁶28
1356 2649 1452 2680 martii
1472 2648 1554 2687 151-2,
1577 2652 1655 2689 pont.
1675 2656 1751 2678 anno
1767 2655 1803 2678 xx.

1870 244 1963 270 Arre.
1985 243 2051 269 lbl'2

1891 859 1956 880 luris!
1969 859 2057 877 munis-

1873 897 1912 918 que
1929 892 1948 911 in
1966 890 2019 910 [rire
2036 893 2057 909 et

1872 925 1924 943 cast.
1940 921 2009 948 populu
2021 920 2056 940 Ru-

1873 954 1935 973 mam.

1887 1998 1998 2024 Derogatso
2008 2005 2057 2020 con<

1874 2031 1991 2051 uariorum.
