2281 3251
61 313 110 343 An.
127 314 155 341 C.
176 315 241 342 ¹⁸20

922 312 984 336 1130
1006 313 1024 335 X
1051 313 1100 337 1²1².

256 368 350 407 fatis,
378 368 436 403 sub
468 367 636 415 quibusvis
667 366 831 401 verborum
867 368 999 412 formis,

255 421 346 453 etiam
367 431 422 465 per
440 431 497 452 nos
515 426 545 452 et
566 417 682 452 sedem
701 416 912 464 Apostolicam
929 430 1000 452 cou-

255 469 364 508 cessis,
392 468 583 503 contirmatis
612 475 641 502 et
665 467 831 506 innovatis,
859 467 999 514 quibus,

255 518 348 552 etiam
372 518 409 561 si,
425 518 462 552 ad
480 517 602 552 illorum
623 517 870 562 derogationem,
886 517 924 551 de
942 517 1000 552 illis

254 579 429 614 eorumque
452 568 524 602 totis
559 566 720 601 tenoribus
742 566 898 613 specialis,
921 579 1000 613 spe-

255 616 356 657 cifica,
379 628 525 663 expressa
548 624 578 651 et
601 615 761 650 individua
785 628 820 650 ac
847 615 884 649 de
907 616 1000 650 verbo

253 666 292 700 ad
316 666 460 710 verbum,
484 679 544 701 non
565 674 669 700 autem
701 678 754 712 per
776 665 931 700 clausulas
945 678 1001 712 ge-

254 716 375 750 nerales
410 716 491 750 idem
532 716 757 762 importantes,
787 715 905 749 mentio
944 728 999 749 seu

254 766 383 813 quaevis
404 765 461 800 alia
484 765 643 812 expressio
664 764 805 799 habenda
828 773 879 800 ant
897 764 1000 811 aliqua

254 815 313 849 alia
336 815 491 862 exquisita
519 816 617 849 forma
644 815 796 849 servanda
826 822 920 857 esset,
948 822 1002 849 te—

255 877 347 899 nores
382 864 562 900 huiusmodi
600 864 817 910 praesentibus
857 876 911 911 pro
940 876 1001 898 ex-

256 916 372 962 pressis
394 915 558 958 habentes,
585 914 646 948 illis
664 914 740 949 alias
763 914 791 948 in
814 926 871 948 suo
891 913 1001 948 robore

256 965 488 1012 permansuris,
512 964 568 999 hac
595 965 660 998 vice
683 964 858 1007 dumtaxat,
881 964 1002 1018 specia-

254 1015 325 1049 liter
347 1023 376 1048 et
403 1026 550 1061 expresse
588 1013 777 1059 derogamus
795 1040 802 1053 ,
838 1013 1002 1047 contrariis

254 1064 521 1111 quibuscumque.
547 1064 609 1098 Aut
631 1064 655 1097 si
677 1062 872 1110 principibus
899 1071 929 1096 et
956 1062 1002 1096 lo-

254 1126 362 1149 corum
393 1113 529 1148 dominis
552 1112 777 1159 temporalibus
800 1124 836 1146 ac
858 1113 1003 1166 personis

255 1163 401 1210 praefatis
430 1164 475 1197 iel
502 1162 664 1209 quibusvis
692 1162 770 1202 aliis,
794 1162 1003 1196 communiter

254 1214 300 1247 vel
329 1213 465 1250 divisim.
489 1213 527 1246 ab
542 1212 650 1246 eadem
673 1211 712 1245 sit
735 1210 819 1245 Sede
845 1210 1001 1244 indultum

255 1262 340 1309 quod
364 1262 519 1302 interdici,
542 1260 694 1308 suspendi
718 1260 765 1294 vel
788 1261 1001 1294 excommuni-

254 1313 329 1351 cari,
355 1319 407 1346 aut
433 1319 518 1345 extra
547 1311 593 1344 vel
630 1310 708 1344 ultra
745 1317 827 1344 certa
862 1309 929 1343 loca
965 1309 1001 1344 ad

254 1361 403 1395 iudicium
443 1360 522 1395 trabi
555 1372 615 1393 non
646 1359 785 1406 possint,
808 1371 862 1405 per
896 1358 1003 1394 literas

252 1410 439 1456 apostolicas
475 1421 536 1443 non
571 1409 720 1444 facientes
749 1408 873 1455 plenam
896 1417 926 1443 et
947 1421 1004 1444 ex-

253 1471 391 1505 pressam
415 1471 451 1493 ac
473 1458 511 1493 de
541 1458 635 1493 verbo
664 1458 702 1492 ad
737 1457 865 1492 verbum
893 1458 932 1493 de
955 1459 1004 1494 in-

252 1508 339 1543 dulto
368 1509 547 1543 huiusmodi
575 1508 780 1543 mentionem.

301 1557 387 1592 Nulli
407 1570 481 1604 ergo
508 1566 560 1592 etc.

301 1612 417 1647 Datum
442 1612 561 1646 Romae
589 1612 672 1659 apud
695 1611 845 1647 Sanctum
862 1612 1003 1654 Petrum,

253 1678 337 1702 anno
369 1666 596 1701 lucarnationis
623 1666 802 1701 dominicae
835 1667 1004 1701 millesimo

252 1722 510 1769 quingentesimo
525 1722 688 1769 vigesimo,
704 1721 941 1769 quintodecimo
954 1722 1004 1757 ka·

252 1776 361 1810 lendas
383 1776 548 1821 februarii,
574 1776 775 1824 pontificatus
803 1777 898 1811 nostri
922 1789 1003 1812 anno

252 1843 313 1865 vul
337 1831 391 1875 (t).

292 1886 412 1918 Dat.die
429 1888 465 1919 18
481 1888 607 1919 ianuarii
625 1888 711 1926 1520,
726 1894 804 1929 pont.
821 1899 896 1919 anno
912 1898 960 1919 vu.

554 2057 625 2092 xm
654 2059 709 2103 (02).

260 2140 373 2174 Contra
395 2140 575 2178 homicida&
606 2140 758 2180 bannitus,
786 2146 851 2180 etc.9
873 2152 1005 2174 commu-

301 2195 410 2228 nitates
445 2202 471 2228 et
507 2195 645 2228 dominos
674 2206 721 2228 eos
760 2206 821 2228 uon
843 2196 1004 2239 capientes,

302 2256 356 2283 aut
377 2249 564 2283 auxiliantes
579 2275 588 2291 ,
616 2250 749 2292 faventes
776 2256 802 2282 et
823 2255 1004 2294 receptantes

302 2304 335 2337 in
361 2304 455 2338 Statu
477 2303 700 2337 Ecclesiastico.

520 2373 640 2404 SUMMA
647 2372 733 2403 tntm

253 2437 420 2468 Exordium.
439 2453 477 2459 —
495 2437 522 2466 t.
545 2435 636 2466 lulius
660 2435 683 2464 ll
706 2435 796 2465 edidit
815 2435 1002 2466 constitutio-

293 2491 370 2512 nem.
381 2499 419 2504 —
430 2481 459 2511 Ξ.
473 2480 564 2516 Quam
579 2481 625 2510 hic
637 2480 722 2510 modo
736 2480 875 2515 Pontifex,
889 2490 921 2509 ex
937 2490 1005 2509 cau-

294 2527 336 2556 sis
356 2527 403 2556 bic
426 2525 573 2564 expressis
587 2548 594 2561 ‚
613 2526 783 2561 confirmat3
803 2542 842 2547 —
864 2525 890 2555 3.
913 2525 1004 2554 Immo

294 2580 403 2610 poenas
426 2571 521 2600 dictae
547 2570 662 2599 constit.
685 2574 784 2599 contra
807 2578 856 2599 eos
875 2579 933 2599 non
956 2579 1005 2599 ca·

289 2633 330 2668 (t)
345 2634 412 2668 Lege
428 2642 498 2659 anno
507 2635 678 2666 pontificatus
690 2640 727 2658 vn
737 2632 776 2667 (n.
788 2632 839 2668 1.).
876 2632 917 2668 (2)
932 2633 1005 2660 Hane

255 2673 370 2708 reperies
385 2673 411 2699 in
427 2672 504 2700 Rom.
522 2672 592 2700 Edit.
604 2671 821 2699 constitutionem
831 2672 882 2700 suh
893 2681 1004 2701 numero

255 2721 345 2740 xxxix
360 2712 398 2748 (n.
416 2713 465 2748 T.).

334 2757 408 2788 Ball.
428 2757 504 2788 Rom.
532 2757 587 2788 Vol.
610 2757 640 2788 V.
808 2757 846 2789 93

1670 303 1739 335 757

1083 369 1195 406 pientes
1227 367 1363 403 extendit,
1386 371 1412 397 et
1433 367 1503 397 alias
1530 367 1668 406 imponit;
1694 384 1732 389 —
1762 368 1789 398 4.

1082 414 1257 443 Executores
1270 412 1356 441 istius
1369 416 1461 441 const.
1474 412 1601 451 deputat.
1616 428 1655 435 -
1666 412 1693 441 5.
1705 411 1791 442 Clau-

1083 458 1165 489 sulae
1184 457 1392 495 derogatoriae.

1141 534 1188 562 Len
1209 533 1350 569 episcopus
1366 539 1460 560 servus
1477 538 1616 560 servorum
1635 531 1698 565 Dei,

1185 584 1218 611 ad
1242 583 1403 619 perpetuam
1419 581 1459 609 rei
1477 581 1646 610 memoriam.

1092 655 1212 690 Omnes
1226 654 1351 701 quidem
1364 653 1594 694 christifideles,
1606 653 1788 700 praesertim

1044 717 1115 740 vero
1139 713 1261 739 nostros
1277 712 1306 738 et
1323 703 1356 738 S.
1382 703 1420 737 P..
1445 702 1481 737 E.
1495 703 1624 737 devotos
1639 711 1668 738 et
1684 716 1790 750 pecu-

1044 755 1135 789 liares
1157 754 1249 792 filios,
1274 753 1381 800 quiete
1402 764 1438 787 ac
1461 753 1587 799 pacifice
1609 752 1719 788 etsine
1732 753 1790 787 ali-

1043 817 1104 852 qua
1131 803 1306 838 offensione
1334 803 1435 837 vivere
1461 803 1595 836 summis
1626 802 1790 837 desideriis

1044 854 1237 896 affectantes,
1254 852 1334 887 adid
1358 852 1516 899 operarias
1532 864 1644 886 manus
1659 852 1791 887 libenter

1043 904 1244 950 apponimus3
1267 910 1295 936 et
1312 902 1360 936 illa
1376 913 1473 948 quae,
1489 913 1545 949 pro
1567 914 1675 936 eorum
1695 902 1790 946 felici,

1044 965 1194 1000 prospero
1221 965 1256 987 ac
1285 951 1415 999 pacifico
1437 959 1533 990 statu,
1553 963 1607 998 per
1628 951 1790 987 Romanos

1045 1003 1213 1037 Pontifices
1228 1002 1483 1048 praedecessores
1496 1009 1619 1036 nostros
1631 1001 1708 1036 facta
1719 1001 1791 1036 fuis-

1044 1065 1076 1086 se
1092 1052 1315 1099 comperimus,
1335 1064 1396 1085 non
1413 1051 1512 1085 solutu
1534 1051 1708 1098 apostolico
1728 1064 1793 1085 mu·

1045 1102 1163 1136 nimine
1191 1101 1386 1145 roboramus,
1410 1112 1520 1134 verum
1542 1101 1634 1135 etiam
1666 1113 1721 1148 pro
1752 1101 1792 1135 il-

1047 1151 1149 1185 lorum
1184 1150 1379 1185 observantia
1418 1161 1514 1184 novas
1548 1160 1577 1184 et
1617 1150 1792 1185 severiores

1046 1213 1163 1247 poenas
1177 1199 1353 1244 adiicimus,
1368 1207 1400 1233 ut
1416 1198 1517 1233 sinon
1530 1199 1655 1234 virtutis
1673 1211 1791 1244 amore,

1045 1251 1154 1284 saltem
1174 1249 1341 1283 formidine
1361 1260 1479 1295 poenae
1502 1248 1645 1283 mandata
1664 1259 1794 1296 aposto-

1046 1299 1103 1334 lica
1130 1299 1248 1333 arctius
1274 1306 1447 1333 serventur.

1096 1353 1111 1392 g
1140 1351 1171 1382 1.
1199 1347 1327 1382 Dudum
1357 1347 1511 1394 siquidem
1535 1359 1550 1382 a
1568 1346 1667 1382 felicis
1690 1360 1796 1383 recor-

1045 1398 1182 1433 dationis
1194 1397 1274 1432 Iulio
1286 1397 1417 1444 Papall,
1430 1397 1659 1444 praedecessore
1674 1405 1781 1432 nostro

1045 1457 1229 1483 emanarunt
1244 1448 1351 1482 literae
1368 1447 1484 1482 tenoris
1497 1447 1733 1494 subsequentis,
1751 1449 1796 1482 vi-

1047 1498 1160 1533 delicet
1187 1500 1243 1541 (t).

1095 1548 1114 1594 g
1141 1550 1173 1582 2.
1197 1546 1279 1582 Cum
1295 1554 1410 1587 autem
1426 1547 1509 1581 sicut
1527 1546 1586 1581 tide
1603 1547 1694 1593 digna
1723 1548 1794 1583 rela-

1024 1600 1026 1608 ⁴
1047 1597 1131 1632 tione
1162 1597 1353 1652 accepimus
1364 1605 1394 1631 et
1421 1609 1453 1631 re
1482 1597 1546 1643 ipsa
1569 1597 1794 1643 cognovimus,

1046 1647 1229 1694 nequissimi
1253 1647 1355 1681 sicarii
1379 1658 1416 1681 eo
1435 1646 1473 1680 ad
1502 1646 1706 1693 perpetranda
1737 1648 1795 1682 bo-

1048 1697 1170 1731 micidia
1193 1706 1223 1731 et
1253 1696 1330 1730 mila
1358 1696 1462 1730 omnia
1485 1696 1709 1731 committenda
1728 1710 1796 1743 pro-

1046 1747 1188 1781 cliviores
1221 1746 1410 1786 reddantur,
1444 1758 1519 1792 quo,
1543 1758 1573 1780 111
1589 1746 1793 1793 opprobrium

1047 1796 1182 1831 iustitiae
1199 1795 1331 1831 etanimi
1348 1796 1442 1829 nostri
1460 1795 1721 1841 indignationem,
1731 1809 1794 1830 non

1046 1846 1171 1881 solum
1166 1858 1195 1880 111
1219 1845 1407 1886 civitatibus,
1425 1846 1529 1890 terris,
1544 1846 1652 1880 castris
1668 1854 1697 1881 et
1720 1846 1796 1881 locis

1045 1895 1078 1930 S.
1097 1895 1136 1930 R.
1152 1895 1188 1930 E.
1213 1895 1363 1930 subiectis
1381 1903 1411 1930 et
1434 1907 1495 1929 non
1518 1895 1667 1930 subiectis
1695 1896 1794 1931 altnae

1047 1945 1140 1980 Urbis
1177 1953 1300 1980 nostrae
1328 1945 1520 1985 convicinis,
1558 1945 1612 1980 sed
1640 1947 1734 1980 etiam
1763 1946 1794 1980 in

1046 1995 1132 2030 Urbe
1157 1995 1234 2050 ipsa,
1251 1995 1330 2030 intra
1344 1994 1606 2042 aedesetpalatia,
1621 1995 1795 2030 retinentur

1046 2053 1076 2079 et
1104 2045 1313 2100 recipiuntur,
1342 2054 1393 2080 aut
1420 2044 1524 2079 favore
1547 2044 1686 2089 ducum,
1708 2057 1794 2079 mar-

1046 2094 1208 2139 chionum,
1232 2095 1395 2135 comitum
1418 2093 1585 2139 baronum,
1608 2094 1796 2129 domicello-

1046 2157 1128 2189 rum,
1151 2145 1351 2179 dominorum
1377 2144 1611 2191 temporalium,
1634 2156 1791 2179 armorum

1049 2195 1282 2241 capitaneorum
1300 2194 1533 2240 doctorumque
1546 2194 1716 2228 etaliorum
1733 2206 1795 2228 ma-

1046 2252 1174 2290 gnatum
1190 2244 1307 2278 auxilio
1322 2243 1539 2288 confoventur,
1559 2243 1697 2278 iudicum
1714 2255 1794 2290 quo-

1048 2305 1109 2340 que
1123 2302 1152 2328 et
1166 2293 1577 2328 officialiumanimadversio
1592 2293 1622 2327 111
1636 2305 1690 2327 eos
1702 2305 1794 2339 saepe

1046 2351 1077 2377 et
1100 2344 1225 2390 saepius
1248 2343 1360 2378 omissa
1379 2343 1481 2377 suerit.
1499 2342 1564 2377 Nos
1579 2342 1792 2377 candidissimi

1046 2392 1129 2428 Solis
1157 2393 1300 2437 institiae,
1316 2392 1369 2439 qui
1392 2404 1498 2427 arcum
1527 2405 1622 2427 suum
1650 2392 1793 2437 tetendit,

1047 2451 1088 2487 et,
1111 2444 1169 2478 nisi
1182 2450 1413 2486 convertantur,
1428 2441 1565 2488 gladium
1582 2441 1723 2481 vibrabit,
1737 2454 1795 2476 cu-

1048 2498 1097 2532 ius
1112 2498 1195 2533 vices
1211 2498 1239 2531 in
1256 2497 1345 2532 terris
1360 2498 1514 2543 gerimus,
1536 2496 1682 2543 exemplo
1695 2496 1793 2541 ducti,

1047 2564 1108 2586 non
1131 2564 1229 2599 aeque
1252 2551 1405 2585 minorem
1429 2550 1673 2586 criminosorum
1702 2563 1794 2598 prae-

1047 2607 1201 2641 dictorum
1218 2605 1394 2646 audaciam,
1407 2617 1501 2652 quam
1515 2604 1723 2652 praefatorum
1741 2617 1793 2640 eos

1081 2677 1120 2713 (1)
1139 2677 1276 2705 Omittitur
1292 2681 1368 2703 tenor
1394 2676 1468 2703 istius
1493 2675 1705 2709 constitutionis,
1731 2675 1792 2711 quia

1047 2726 1104 2746 eam
1122 2718 1202 2745 habes
1217 2726 1289 2753 sup.‚
1306 2726 1365 2753 pag.
1381 2718 1441 2745 11¹5.

1803 314 1852 341 Α11.
1871 313 1898 339 C.
1919 313 1986 341 1520

1835 661 1951 683 Exordium.

1822 1364 1860 1385 lut.
1886 1364 1904 1385 ll
1927 1365 1993 1386 edidit

1809 1397 1894 1417 constit.
1913 1395 1947 1416 hic
1962 1396 1992 1416 in-

1786 1426 1794 1443 7
1810 1429 1905 1448 dicatam.

1822 1560 1858 1581 Hic
1867 1562 1927 1581 modo
1937 1560 1994 1582 Pon-

1809 1592 1867 1618 tifex,
1881 1599 1905 1613 ex
1921 1593 1991 1613 causi!

1787 1623 1842 1643 ’hic
1871 1626 1992 1650 expressiS,

1810 1660 1854 1675 cam
1873 1656 1992 1680 confirmat;
