2281 3251
110 285 161 312 An.
175 283 204 313 C.
223 285 288 316 ΜΗ

114 548 250 570 Sacramenta
258 550 295 570 mt-

109 580 221 601 utut-andi.

124 690 243 718 Explicatur
261 691 294 711 itt-

110 724 144 742 etu
158 720 247 742 tacutnn
256 721 294 741 ab-

110 751 206 773 notvenrtt
217 758 229 772 a
241 752 294 772 cnst-

108 783 148 803 bu·
162 783 284 804 [οισι-τεὼ,

119 1773 167 1794 Atta
201 1772 290 1794 facultas

107 1804 222 1825 coercendt
252 1809 291 1825 eos

107 1835 142 1862 qut
157 1836 218 1855 utra
231 1833 292 1855 cltu-

107 1869 151 1888 m·
163 1868 274 1892 uzanttm

117 2391 176 2414 Nove
186 2390 293 2418 ucctpton-

108 2423 129 2443 «tt
143 2421 198 2444 loca.

923 283 1083 307 Et‘tma'tt's
1111 285 1142 308 ΙΥ
1167 286 1214 308 ΙΨ.

310 342 447 388 ipsorum
473 338 727 374 confessionibus
743 339 911 385 diligenter
932 341 1060 384 auditis,

310 402 365 437 pro
392 389 571 423 commissis
600 401 654 435 per
681 401 734 422 eos
766 388 903 423 debitam
932 389 1061 424 absolu-

308 440 426 473 tionem
450 438 645 485 impendere,
658 448 687 473 et
704 438 869 484 iniungere
893 439 1062 485 poeniten-

309 488 381 522 tiam
405 487 586 522 salutarem.

357 536 377 583 ἓ
399 539 431 571 9.
456 538 500 571 Ac
522 536 750 570 Eucharistium
774 545 803 570 et
826 536 881 570 alia
911 537 1061 571 ecclesia-

308 595 384 621 stica
407 594 603 621 sacramenta
628 595 816 620 ministrare.

358 639 373 678 ξ
395 638 446 670 10.
466 634 631 670 professos
654 646 782 681 quoque
805 644 835 670 et
853 636 988 670 novitios
1008 637 1060 670 liu·

311 685 458 722 iusmodi,
481 685 533 730 qui
559 684 761 731 postmodum
785 683 936 730 Regulam
961 685 1059 731 ipsam

311 733 444 779 professi
469 733 595 774 fuerint,
621 734 650 767 in
674 732 932 780 quibuscumque
967 735 1058 767 etiam

309 783 383 817 Sedi
408 782 583 829 praedictae
611 782 792 828 specialiter
814 784 979 817 reservatis
1007 795 1061 817 ca-

308 832 430 875 sibus,a
446 831 698 879 quibuscumque
713 832 1060 872 excommunicationis,

308 881 526 928 suspensionis
548 889 577 915 et
600 881 756 915 interdicti
777 881 952 920 sententiis,
975 881 1061 915 aliis-

307 943 368 976 que
391 931 533 964 censuris
555 939 585 964 et
609 930 717 976 poenis
740 943 754 963 a
784 930 849 964 iure
874 930 918 964 rel
942 929 980 963 ab
1004 930 1061 963 lio-

307 980 392 1013 miue
421 979 646 1026 promulgatis,
673 979 750 1013 alias
773 987 875 1013 tamen
908 979 936 1012 in
960 978 1059 1012 forma

307 1028 479 1070 Ecclesiae,
514 1029 609 1062 semel
633 1030 795 1062 dumtaxat
822 1027 1001 1067 absolvere;
1030 1037 1059 1061 et

306 1090 377 1112 cum
406 1077 525 1112 eisdem
561 1077 709 1124 professis
743 1089 778 1111 ac
813 1077 937 1111 novitiis
963 1089 1060 1123 super

307 1127 546 1173 irregularitate,
573 1127 597 1160 si
627 1138 689 1173 qua
714 1126 807 1160 dictis
833 1127 1001 1160 sententiis
1031 1135 1060 1160 et

305 1178 460 1217 censui-is,
484 1176 529 1210 vel
556 1188 666 1210 earum
695 1175 798 1222 aliqua
822 1175 920 1222 ligati,
949 1175 1060 1210 missas

307 1235 336 1260 et
369 1227 427 1260 alia
451 1225 554 1260 divina
582 1224 682 1259 officia
713 1224 917 1269 celebrando,
948 1234 1000 1260 aut
1027 1237 1060 1259 se

306 1274 366 1308 illis
399 1273 621 1313 immiscendo,
653 1273 699 1308 vel
722 1274 797 1308 alias
824 1274 1059 1321 quomodolibet

305 1323 496 1367 (liomicidii,
514 1323 718 1358 mutilationis
733 1323 1001 1364 membrorum‚et
1019 1324 1060 1358 bi-

304 1374 426 1419 gamiae
449 1373 573 1407 casibus
596 1373 757 1408 dumtaxat
777 1374 945 1420 exceptis),
961 1375 1058 1408 semel

305 1423 466 1462 similiter;
488 1435 585 1470 super
603 1422 831 1468 irregularitate
855 1435 940 1463 vero,
964 1435 1057 1469 quam

304 1484 340 1506 ex
370 1472 537 1519 praedictis
566 1472 731 1507 sententiis
754 1472 801 1506 vcl
830 1473 973 1506 censuris
1004 1485 1057 1507 seu

304 1534 410 1556 earum
433 1521 550 1569 aliqua,
574 1534 629 1569 per
659 1522 867 1567 ignorantiam
897 1522 942 1555 vel
967 1522 1058 1556 inad-

306 1572 486 1606 vertcutiam
516 1583 570 1605 seu
606 1571 844 1617 negligentiam,
875 1580 906 1605 et
936 1583 998 1605 non
1021 1584 1058 1606 ex

304 1628 502 1668 contemptu,
517 1633 574 1668 pro
587 1629 729 1668 tempore
745 1621 973 1666 contraxerint,
985 1633 1059 1668 quo-

304 1670 362 1704 ties
385 1682 465 1717 opus
492 1670 595 1710 fuerit,
622 1670 808 1718 dispensare
836 1671 968 1705 valeant.

353 1719 373 1766 S
402 1722 457 1754 ll.
481 1719 520 1754 Et
542 1720 674 1767 insuper
695 1728 797 1754 rector
822 1732 856 1754 ac
883 1720 1059 1755 visitatores

304 1780 417 1803 omues
438 1777 469 1804 et
492 1768 621 1815 singuli,
646 1770 765 1815 priores
788 1781 860 1803 vero
889 1770 1058 1816 praedicti,

306 1817 336 1851 in
366 1818 426 1852 sibi
455 1818 634 1853 commissis
662 1818 879 1857 monasteriis,
909 1817 1059 1853 domibus

305 1879 360 1901 sen
379 1866 456 1903 locis
477 1867 644 1914 degentes,
660 1867 770 1903 fratres
793 1867 953 1914 professos
967 1867 1059 1902 ‹lictae

305 1917 561 1964 congregationis
580 1929 675 1963 vagos
689 1926 719 1952 et
734 1916 894 1962 fugitivos,
910 1929 964 1951 seu
982 1917 1060 1952 alias

305 1965 536 2013 delinquentes,
559 1967 642 2014 quod
663 1966 699 2001 ad
723 1965 894 2001 claustrum
919 1966 1059 2010 redeant,

305 2013 353 2049 vel
367 2015 444 2050 alias
465 2029 499 2051 se
521 2016 702 2057 emendent,
726 2028 780 2062 per
801 2016 1060 2051 excommunica-

306 2064 400 2099 tionis
434 2066 640 2110 sententiam,
668 2078 703 2100 ac
731 2065 808 2100 alias
842 2077 995 2100 censuras
1029 2074 1058 2100 et

307 2125 437 2160 poenas,
460 2114 500 2150 de
519 2115 637 2162 quibus
651 2115 711 2150 sibi
726 2114 883 2150 videbitur
898 2115 1059 2159 (invocato

306 2169 399 2203 etiam
423 2169 460 2204 ad
484 2169 556 2214 boc,
578 2169 602 2204 si
626 2181 707 2217 opus
727 2169 832 2210 fuerit,
848 2169 965 2204 auxilio
987 2169 1060 2204 bra-

306 2220 367 2256 cliii
395 2223 582 2267 saecularis)
609 2235 733 2270 cogere,
761 2234 887 2271 capere,
915 2223 1061 2259 incarce-

308 2287 374 2311 rare
396 2284 427 2312 et
449 2278 541 2313 etiam
566 2277 691 2325 punire.

355 2330 374 2377 g
398 2333 454 2366 l2.
476 2331 636 2379 Quodque
663 2329 774 2366 fratres
797 2331 855 2379 ipsi
886 2343 1061 2379 quaecum-

306 2395 367 2431 que
396 2385 477 2421 bona
506 2386 635 2421 mobilia
668 2394 699 2421 et
732 2385 918 2429 immobilia,
948 2398 1061 2420 mona-

306 2439 411 2480 steria,
435 2439 603 2481 Ecclesias,
631 2440 744 2475 domos
771 2446 801 2474 et
825 2439 904 2479 loca,
932 2440 957 2473 si
984 2439 1061 2474 alias

307 2491 353 2527 eis
375 2493 512 2539 legitime
530 2494 690 2529 donentur
712 2494 758 2528 vel
781 2493 1007 2533 concedantur,
1029 2493 1059 2527 iu

309 2555 471 2594 posterum
491 2549 631 2596 recipere
653 2556 682 2583 et
697 2548 841 2594 assequi,
865 2547 982 2594 illaque
1006 2560 1061 2594 pro

307 2601 374 2635 suis
391 2614 449 2636 usn
471 2611 502 2637 et
520 2602 729 2646 habitatione,
753 2600 814 2635 sub
837 2601 989 2636 institutis
1011 2614 1061 2636 re—

307 2656 470 2701 gularibus
491 2655 593 2691 dictae
620 2655 879 2702 congregationis
900 2663 930 2689 et
951 2654 1061 2690 obser-

387 2712 462 2743 Butt.
486 2712 562 2743 Rom.
589 2712 644 2743 vot.
672 2712 700 2742 V.
885 2712 902 2742 8

1758 280 1801 311 5⁷

1105 342 1204 375 vantia
1234 340 1429 381 huiusmodi,
1458 342 1617 388 possidere
1640 343 1784 378 similiter
1817 345 1854 378 li-

1105 391 1178 424 lict‘c
1200 399 1229 425 ct
1253 390 1345 425 licite.

1152 440 1172 486 ἓ
1190 442 1242 474 15.
1261 439 1298 474 Et
1317 439 1400 486 quod
1426 440 1530 475 nullus
1553 452 1591 474 ex
1614 440 1761 475 fratribus
1779 455 1854 489 pro·
1881 452 2050 485 Adftrffliorem

1103 488 1194 522 sessis
1208 489 1373 534 praedictis,
1393 488 1432 523 ad
1445 490 1581 536 aliquem
1595 490 1689 524 alium
1700 490 1853 526 Ordinem
1867 481 2051 533 ssss‘ssffl'ss'sjf'

1103 551 1157 572 seu
1174 538 1342 583 Regulam,
1359 539 1451 572 etiam
1475 540 1654 579 arctiorem,
1677 540 1856 586 quodcum-

1103 601 1164 634 que
1187 596 1216 622 et
1238 588 1471 634 qualecumque
1501 588 1698 634 privilegium
1721 602 1776 624 seu
1805 591 1856 624 in-

1103 637 1225 671 dultum
1263 650 1359 683 super
1394 636 1490 671 libere
1528 637 1721 684 recipiendis
1752 638 1855 674 fratri-

1104 685 1163 720 bus
1191 686 1320 720 ulterius
1355 685 1484 720 Ordinis
1523 688 1568 721 vel
1604 686 1766 733 Regulae,
1796 689 1856 736 ipsi

1103 735 1194 768 etiam
1213 735 1337 769 arctiori
1353 734 1466 769 Ordini
1493 748 1549 770 seu
1567 735 1710 783 Regulae
1733 749 1749 771 a
1772 737 1856 772 Sede

1105 783 1263 829 praedicta
1288 784 1332 818 vel
1361 783 1438 818 alias
1459 785 1762 832 quomodocumque
1778 799 1856 821 con-

1103 845 1226 866 cessum
1259 833 1316 872 sit,
1351 834 1470 868 etiamsi
1507 833 1545 868 de
1584 834 1761 880 privilegio,
1801 848 1855 870 seu

1104 881 1225 916 indulto
1256 881 1440 916 huiusmodi
1474 882 1512 916 de
1537 884 1629 917 verbo
1662 884 1700 918 ad
1725 884 1854 919 verbum

1104 930 1324 977 praesentibus
1353 931 1495 965 habenda
1531 932 1608 967 foret
1637 933 1757 967 mentio
1783 946 1856 980 spe-

1103 981 1200 1016 cialis,
1217 979 1335 1026 absque
1352 981 1477 1026 capituli
1493 982 1646 1026 generalis
1663 982 1856 1027 huiusmodi,

1102 1038 1153 1063 aut
1176 1030 1215 1063 de
1248 1029 1412 1075 privilegio
1435 1042 1491 1064 seu
1526 1030 1648 1064 indulto
1680 1033 1856 1078 praesenti,

1103 1087 1133 1112 et
1157 1079 1241 1112 illius
1263 1090 1368 1116 causa,
1390 1091 1510 1112 necnon
1530 1089 1603 1113 tuuc
1627 1081 1766 1126 ipsorum
1788 1081 1857 1116 fra-

1103 1136 1183 1161 trum
1214 1128 1382 1162 existentis
1405 1129 1536 1163 rectoris
1559 1130 1698 1170 nomine,
1721 1143 1856 1176 expres—

1102 1189 1168 1211 sam
1194 1177 1384 1211 mentionem
1410 1178 1553 1220 faciente,
1571 1178 1692 1212 liceutia
1716 1180 1856 1224 speciali,

1102 1226 1162 1260 sub
1184 1227 1522 1261 excommunicationis
1541 1240 1653 1273 poena,
1670 1240 1764 1275 quam
1788 1229 1857 1263 abs-

1102 1288 1164 1322 que
1181 1276 1304 1311 licentia
1323 1276 1478 1323 praedicta
1496 1277 1652 1311 transiens
1673 1285 1726 1312 aut
1742 1290 1856 1323 vagans

1102 1337 1139 1359 eo
1152 1326 1219 1372 ipso
1234 1326 1526 1370 incurratur-,insite
1542 1335 1596 1361 aut
1615 1327 1716 1372 vagari
1733 1328 1854 1361 audeat.

1151 1375 1170 1422 ἓ
1188 1377 1242 1409 14.
1261 1375 1437 1414 Praeterea,
1461 1388 1572 1410 omnes
1587 1385 1617 1409 ct
1632 1377 1747 1422 singuli
1769 1377 1856 1423 prio-

1104 1436 1152 1459 res
1172 1425 1338 1471 praedicti,
1360 1425 1398 1458 ‹le
1422 1424 1547 1472 licentia
1572 1427 1701 1460 rectoris
1727 1434 1757 1460 et
1781 1426 1854 1459 visi-

1102 1482 1235 1508 tatorum
1270 1474 1472 1517 huiusmodi,
1494 1487 1713 1521 quoscumque
1742 1476 1770 1509 iu
1794 1475 1853 1510 sibi

1102 1525 1281 1558 commissis
1297 1524 1510 1564 monasteriis,
1533 1523 1682 1558 domibus
1704 1537 1759 1559 seu
1780 1525 1856 1560 locis

1101 1582 1335 1608 commorantes
1359 1574 1480 1613 fratres,
1500 1574 1537 1608 ad
1561 1586 1672 1608 omnes
1693 1575 1785 1609 etiam
1805 1587 1857 1610 sa-

1101 1635 1172 1657 cros
1199 1623 1342 1666 ordines,
1370 1623 1446 1658 alias
1474 1632 1577 1657 tamen
1607 1624 1665 1657 rite
1687 1625 1814 1659 statutis
1840 1637 1856 1659 a

1103 1673 1169 1706 iure
1190 1673 1398 1720 temporibus,
1423 1685 1480 1719 per
1499 1673 1646 1719 quemvis
1665 1674 1855 1718 catholicum

1101 1722 1286 1765 antistitem,
1309 1722 1440 1769 gratiam
1457 1731 1487 1756 et
1506 1723 1765 1757 coiritntinioiictn
1784 1736 1858 1770 prae-

1102 1771 1203 1806 dictae
1217 1771 1311 1806 Sedis
1332 1771 1511 1815 habentem,
1534 1771 1792 1807 dioecesanorum
1810 1774 1857 1808 lo·

1101 1833 1209 1854 corum
1236 1830 1265 1855 et
1287 1821 1429 1855 cuiusvis
1456 1821 1585 1855 alterius
1610 1822 1735 1856 licentia
1763 1834 1858 1870 super

1103 1870 1161 1904 boc
1177 1870 1306 1905 minime
1330 1870 1492 1918 requisita,
1514 1869 1612 1905 libere
1634 1878 1665 1905 et
1684 1871 1767 1906 licite
1784 1884 1858 1918 pro-

1103 1920 1220 1953 moveri
1245 1920 1348 1954 facere
1373 1920 1507 1967 possint.

1151 1972 1165 2012 ξ
1190 1970 1245 2003 15.
1268 1968 1400 2004 Necnon
1429 1969 1539 2003 fratres
1562 1968 1722 2015 praedicti,
1745 1982 1854 2004 eorum
1883 1976 1977 1998 Officium
2003 1977 2055 1997 Am-

1102 2019 1314 2058 monasteriis,
1330 2019 1492 2058 Ecclesiis,
1515 2018 1665 2053 domibus
1679 2019 1743 2053 sive
1766 2009 1991 2063 locis,{'1‘.⁰,⁵„¹0⁶‚¹¹'³⁰¹
2017 2012 2055 2028 η’

1102 2067 1244 2102 divinum
1261 2068 1398 2103 officium
1413 2067 1671 2111 Ambrosianum,
1682 2068 1856 2114 proutalias

1103 2127 1350 2157 consueverunt,
1380 2118 1440 2152 nisi
1470 2117 1619 2152 fratribus
1654 2117 1786 2152 alicuius
1819 2131 1856 2153 ex

1103 2167 1316 2208 monasteriis,
1344 2167 1506 2210 domibus,
1534 2167 1598 2202 sive
1626 2166 1702 2201 locis
1730 2167 1858 2214 praedi-

1103 2222 1179 2260 ctis,
1213 2221 1253 2257 de
1280 2221 1413 2256 dicendo
1447 2221 1531 2256 aliud
1563 2220 1702 2256 officium
1731 2234 1746 2256 a
1775 2221 1858 2257 Sede

1105 2275 1259 2323 praedicta
1285 2275 1442 2310 indultum
1460 2275 1582 2316 existat,
1602 2275 1720 2317 dicere,
1744 2276 1856 2322 legere,

1103 2342 1158 2365 sen
1179 2340 1306 2365 cantare
1331 2339 1506 2365 teneantur.

1152 2385 1172 2432 S
1200 2387 1257 2420 116.
1280 2385 1373 2427 Quod
1396 2385 1502 2420 Sancti
1518 2384 1675 2419 Ambrosii
1699 2394 1728 2419 et
1751 2384 1856 2418 omnia
1889 2393 2053 2429 Communicnuo

1103 2439 1161 2474 alia
1195 2448 1226 2474 et
1260 2439 1384 2486 singula
1425 2438 1626 2482 monasteria,
1655 2438 1767 2472 domus
1801 2450 1856 2472 seu
1871 2425 2037 2451 ⁹¹¹'¹¹⁰⁸⁵⁰‘⁹m'

1106 2495 1170 2528 loca
1194 2502 1225 2529 et
1248 2493 1358 2528 fratres
1373 2492 1556 2527 huiusmodi
1580 2492 1730 2527 omnibus
1744 2499 1773 2525 et
1788 2491 1857 2525 sin-

1104 2547 1188 2594 gulis
1203 2547 1385 2594 privilegiis,
1403 2546 1667 2585 immunitatibus,
1687 2544 1858 2590 exemptio-

1105 2601 1212 2645 nibus,
1246 2600 1458 2644 libertatibus,
1492 2599 1714 2645 indulgentiis,
1745 2597 1857 2644 gratiis

1867 288 1917 316 An.
1935 290 1953 315 (ἶ
1985 290 2046 316 lltbl

1880 1387 1981 1409 Concedit
2020 1392 2053 1408 ta-

1869 1424 1916 1439 mou
1936 1419 2022 1440 ordines
2043 1426 2054 1439 a

1871 1450 1965 1477 quoltbet
2007 1456 2054 1477 ept—

1871 1487 1935 1508 scopo
1968 1482 2054 1508 reulpo-

1870 1517 1893 1533 re
1908 1511 1948 1539 (t),

1139 2672 1178 2707 (t)
1196 2671 1261 2702 Vide
1279 2671 1376 2698 Concll.
1396 2670 1526 2702 Trident.,
1544 2677 1606 2697 sess.
1627 2676 1680 2701 vu,
1702 2676 1759 2704 cap.
1781 2669 1820 2695 tt,
