2281 3251
93 292 142 318 An.
161 290 190 316 C.
206 290 271 316 111511

126 1034 244 1055 Exordium,

110 1683 168 1710 Quae
185 1684 211 1703 sit
230 1687 282 1703 veru

86 1720 168 1744 ‚regum
183 1714 236 1734 laus.

113 2480 197 2503 Beni-ici
223 2483 283 2508 prin-

100 2512 154 2547 cipis
174 2516 233 2539 gesta
249 2514 283 2532 in-

101 2547 173 2568 Slgma.

906 279 1061 303 Nicotaus
1089 279 1106 300 v
1136 278 1183 300 er.
1712 262 1770 294 ttt
1845 274 1890 299 An,
1910 273 1936 297 c,
1960 272 2023 298 mna

326 358 364 363 —
379 341 405 370 5.
422 340 538 369 Parium
563 338 591 368 in
615 348 702 375 regna
734 335 884 366 barbarica
910 335 955 364 ius
975 335 1033 363 Lu-

328 382 422 411 sitano
444 380 658 413 contirmatunt,
681 394 719 398 —
741 377 773 406 tit
799 376 825 405 in
851 385 882 404 ea
909 384 984 413 quae
1008 375 1035 403 in

327 425 474 460 posterum
498 417 695 457 comparanda
719 422 814 446 erunt.
838 432 877 437 —
904 415 1037 444 (londen—

327 461 429 490 darutn
447 460 475 489 in
495 459 531 488 iis
558 459 656 495 regnis
676 458 772 493 legum
791 456 950 485 auctoritas
972 455 1035 482 1-111-

328 501 393 529 1313.
419 516 458 521 -
479 501 506 528 o.
529 499 643 528 Martini
668 497 686 526 Y
711 502 738 526 et
761 496 882 534 Eugenii
903 495 936 524 lt'
963 505 1035 523 ron-

328 540 439 569 firmata
464 539 626 577 privilegia.
644 554 683 559 —
698 536 842 566 Concessa
864 535 1037 565 extruenda-

327 588 391 608 rum
415 579 607 609 ecclesiarum
631 582 769 616 potestas.
793 593 832 598 —
862 577 888 605 7.
914 575 1035 605 Ferrum

328 625 354 649 et
374 620 532 657 lignamina
545 619 580 648 ad
593 618 735 647 barbaros
752 617 858 646 deferri
877 615 1035 655 prohibita.

327 677 365 681 —
382 662 409 689 8.
424 659 573 689 Censurae
590 658 810 687 ecclesiasticae
824 657 1038 695 praevaricatu-

328 701 368 729 ris
392 700 529 729 intlictae.
555 716 594 721 —
615 701 642 734 a,
666 699 708 727 lO.
739 698 924 727 Obstuutiunt
950 696 1037 724 ‹lero-

328 740 414 778 gatto.
436 757 474 761 -—
499 740 544 768 11.
563 739 651 768 Fides
669 738 834 767 adhibenda
856 740 1038 774 transumpto

329 780 539 819 praesentium.
555 796 594 801 -—
614 779 658 808 12.
675 778 843 807 Clausulae.

333 856 460 884 Nicotaus
478 856 619 891 episcopus
652 861 750 882 servus
774 860 914 882 servorum
938 853 994 885 Dei.

425 906 458 934 ad
489 905 651 941 perpetuam
675 904 717 932 rei
737 903 905 931 memoriam.

340 983 505 1017 Romanus
527 981 685 1025 Pontifex,
713 979 856 1015 caelestis
890 979 1038 1025 clavigeri

291 1045 460 1068 successor
481 1042 510 1066 et
536 1032 671 1066 vicarius
693 1030 761 1064 Iesu
779 1029 911 1073 Christi,
927 1037 1041 1064 cuncta

291 1083 401 1117 mundi
425 1082 548 1116 climata
582 1081 788 1126 omniumque
823 1079 985 1113 nationum
1010 1079 1039 1112 in

293 1133 355 1167 illis
379 1132 561 1178 degentium
586 1130 751 1178 qualitates
779 1137 905 1175 paterna
935 1129 1042 1163 consi-

293 1182 452 1216 deratione
467 1181 652 1219 discutiens,
670 1191 705 1213 ae
727 1178 862 1213 salutem
887 1191 1042 1225 quaerens

292 1240 322 1266 et
349 1239 502 1279 appetens
516 1228 729 1275 singulorum⁷
740 1227 803 1271 illa,
817 1241 970 1275 perpensa
984 1228 1041 1262 ‹le-

293 1281 489 1323 liberatioue,
510 1279 679 1313 salubriter
701 1277 825 1312 ordinat
844 1288 874 1313 et
890 1278 1042 1325 disponit,

294 1343 374 1378 quae
387 1337 470 1376 grata
483 1329 608 1362 divinae
621 1327 775 1362 Maiestati
792 1328 857 1362 fore
873 1327 1041 1375 conspicit,

294 1390 324 1415 et
352 1391 406 1426 per
432 1390 513 1426 quae
536 1390 610 1413 ores
643 1377 701 1411 sibi
731 1377 881 1411 divinitus
909 1377 1043 1412 creditas

294 1429 331 1464 ad
360 1429 489 1463 unicum
513 1427 594 1462 ovile
622 1427 818 1461 dominicum
850 1427 989 1471 reducat,
1013 1435 1043 1461 et

294 1478 435 1525 acquirat
452 1478 496 1512 eis
517 1477 673 1512 felicitatis
692 1485 837 1511 aeternae
857 1478 1043 1523 praemium,

293 1540 330 1562 ae
353 1529 474 1569 veniam
512 1528 657 1574 impetret
684 1527 864 1570 animabus,
899 1539 979 1574 quae.
1006 1539 1043 1561 eo

295 1578 421 1621 certius,
448 1585 575 1612 auctore
602 1577 757 1615 Domino,
786 1578 950 1623 provenire
972 1589 1044 1611 ere-

295 1627 412 1667 dimus,
435 1627 459 1662 si
482 1626 650 1672 condignis
682 1625 842 1661 favoribus
869 1635 896 1660 et
924 1627 1044 1673 specia-

295 1677 381 1712 libus
403 1677 512 1724 gratiis
533 1689 587 1711 eos
612 1675 785 1711 catholicos
814 1688 1045 1723 prosequamur

297 1738 387 1773 reges
406 1735 435 1761 et
451 1727 622 1774 principes,
638 1738 731 1772 (11105,
745 1726 839 1760 veluti
857 1726 1044 1761 christianae

296 1776 367 1811 fidei
384 1776 515 1810 athletas
529 1775 960 1823 611133116511111·61111105,11011
976 1789 1042 1810 mo-

296 1826 336 1861 do
359 1837 578 1860 saracenorum
595 1834 856 1872 caeterorumque
869 1826 1042 1860 infidelium

296 1875 413 1915 Christi
433 1875 570 1910 nominis
593 1875 791 1909 inimicorum
815 1874 970 1910 feritatem
995 1888 1045 1910 re-

297 1925 444 1972 primere,
459 1925 512 1960 sed
536 1925 628 1960 etiam
646 1925 731 1972 ipsos
752 1937 926 1973 eorumque
951 1937 1043 1971 regna

296 1987 332 2010 ac
359 1975 439 2015 loca,
466 1975 559 2010 etiam
594 1975 623 2009 in
654 1975 847 2020 longissimis
887 1975 1042 2022 nobisque

298 2024 467 2071 incognitis
495 2024 636 2072 partibus
663 2024 878 2064 consistentia,
902 2037 958 2072 pro
985 2025 1043 2060 (le—

296 2073 437 2109 sensione
459 2083 669 2120 etaugmeuto
683 2073 765 2119 fidei,
788 2073 944 2109 debellare
966 2087 1044 2109 suo-

296 2136 358 2171 que
398 2124 561 2171 temporali
597 2123 737 2158 dominio
764 2124 919 2163 subdere,
948 2124 1044 2159 nullis

297 2173 454 2221 parcendo
477 2172 639 2208 laboribus
658 2184 686 2208 et
709 2174 867 2220 expensis,
889 2173 959 2209 sacti
979 2175 1044 2208 evi-

295 2223 399 2259 dentia
419 2224 653 2270 cognoscimus,
677 2231 709 2257 ut
732 2235 820 2269 reges
842 2233 871 2258 et
887 2224 1044 2272 principes

295 2272 367 2320 ipsi,
383 2273 516 2309 sublatis
542 2273 706 2320 quibusvis
724 2272 908 2320 dispendiis,
929 2273 964 2308 ad
981 2283 1042 2308 tam

295 2323 535 2358 saluberrimum
571 2331 698 2369 tamque
742 2322 898 2358 laudabile
933 2336 1045 2371 prose—

295 2372 456 2420 quendum
476 2385 556 2420 opus
570 2377 695 2419 semper
705 2374 839 2420 amplius
854 2373 1042 2409 animentur.

344 2422 365 2470 S
388 2426 419 2457 1.
442 2423 491 2457 Ad
509 2432 649 2457 nostrum
667 2423 824 2471 siquidem
849 2436 960 2470 nuper,
980 2437 1042 2458 nou

296 2473 365 2508 sine
385 2473 504 2520 ingenti
527 2473 641 2519 gaudio
657 2481 687 2508 et
703 2481 825 2508 nostrae
848 2474 962 2508 mentis
976 2473 1042 2509 lae-

297 2523 374 2564 titia,
390 2523 531 2570 pervenit
546 2523 686 2558 auditum
707 2523 789 2570 1111011
813 2523 947 2558 dilectus
961 2524 1045 2558 fitius

298 2573 411 2608 nobilis
437 2573 483 2607 vir
504 2572 672 2614 Hem-icus,
700 2573 806 2608 Infans
826 2573 1044 2619 Portugalliae,

297 2622 473 2658 charissimi
496 2622 526 2657 in
554 2622 681 2658 Christo
703 2622 756 2657 filii
786 2623 882 2657 nostri
909 2622 1044 2668 Alsonsi,

297 2670 506 2720 Portugalliae
540 2680 570 2708 et
595 2672 733 2720 Algarbii
764 2685 932 2720 regnorum
963 2674 1044 2721 regis

1079 334 1217 372 1111151115,
1242 332 1350 380 11311115
1378 331 1546 365 inhaerens
1574 328 1712 375 vestigiis
1727 328 1827 363 clarae

1081 383 1248 418 memoriae
1293 380 1430 420 loannis,
1456 380 1613 415 dictorum
1658 390 1826 424 regnorum

1081 434 1160 478 regis
1188 433 1255 467 eius
1277 431 1441 478 genitoris,
1470 443 1504 465 ac
1531 429 1598 464 zelo
1625 428 1736 462 salutis
1759 428 1829 462 3111-

1081 495 1201 517 marum
1220 491 1249 516 et
1267 481 1336 516 111161
1359 480 1470 514 ardore
1501 479 1674 527 plurimum
1695 489 1830 512 succen-

1080 545 1146 576 sus,
1162 541 1319 578 tamquam
1335 529 1510 565 catholicus
1526 538 1552 563 et
1577 540 1669 562 verus
1687 528 1828 561 omnium

1080 582 1227 617 creatoris
1240 580 1356 616 Christi
1372 579 1474 619 1111165,
1489 579 1651 626 ipsiusque
1669 577 1829 611 1111613661-

1082 633 1180 666 rimus
1207 644 1241 665 ae
1282 631 1470 665 fortissimus
1498 629 1645 663 defensor
1673 636 1703 661 et
1728 626 1830 661 intre-

1083 680 1280 728 piduspugil,
1297 680 1438 714 eiusdem
1462 679 1621 713 Creatoris
1640 676 1831 724 gloriosissi-

1083 744 1167 765 mum
1193 743 1306 764 nomen
1332 742 1386 777 per
1406 729 1589 764 uuiversum
1614 735 1766 762 terrarum
1785 739 1831 760 or-

1083 780 1170 820 bem,
1199 781 1291 814 etiam
1310 780 1339 813 in
1364 778 1586 813 remotissimis
1607 786 1636 812 et
1664 776 1833 823 incognitis

1083 829 1170 873 locis,
1192 829 1357 875 divulgari,
1373 829 1478 863 extolli
1495 836 1525 862 et
1548 826 1831 871 reuerat·i‚necnon

1084 880 1169 913 illius
1191 891 1226 913 ac
1253 878 1409 919 vivificae,
1444 890 1502 925 qua
1526 877 1678 924 redempti
1709 889 1832 918 sumus,

1083 928 1196 963 Crucis
1220 928 1364 962 inimicos
1380 927 1529 975 persidos,
1558 939 1723 962 saracenos
1747 926 1833 960 vide-

1083 978 1176 1020 licet,
1209 989 1243 1011 ac
1272 990 1491 1024 quoscumque
1518 977 1594 1011 alios
1627 976 1768 1010 infideles
1795 975 1832 1010 ad

1084 1028 1181 1075 ipsius
1193 1026 1264 1061 lidei
1279 1028 1433 1074 gremium
1446 1027 1566 1065 reduci,
1579 1026 1691 1060 abeius
1705 1026 1834 1060 ineunte

1083 1087 1182 1112 aetate
1202 1077 1275 1111 totis
1294 1077 1438 1124 aspirans
1454 1076 1585 1115 viribus,
1602 1083 1671 1123 post
1694 1074 1835 1122 Cepteu-

1084 1140 1149 1162 sem
1167 1127 1338 1166 civitatem,
1355 1127 1383 1160 in
1399 1126 1502 1161 Africa
1526 1128 1765 1165 consistentem,
1781 1137 1834 1172 per

1084 1176 1202 1211 dictum
1232 1176 1385 1211 loannem
1423 1188 1528 1222 regem
1568 1175 1635 1209 eius
1671 1174 1832 1210 subactam

1084 1227 1236 1271 dominio,
1256 1235 1287 1260 et
1309 1235 1377 1273 post
1401 1226 1495 1260 multa
1521 1236 1576 1272 per
1604 1225 1709 1272 ipsum
1733 1223 1834 1259 Infau-

1086 1285 1161 1320 tem,
1188 1276 1315 1310 nomine
1342 1276 1414 1310 dicti
1432 1276 1526 1322 regis.
1545 1283 1653 1309 contra
1676 1274 1783 1309 hostes
1805 1282 1835 1308 et

1086 1326 1229 1372 infideles
1257 1325 1444 1372 praedictos,
1470 1337 1563 1371 quam
1587 1325 1679 1359 etiam
1708 1324 1738 1358 in
1763 1337 1836 1370 pro-

1086 1376 1151 1423 pria
1172 1388 1317 1423 persona,
1346 1388 1407 1410 non
1435 1374 1556 1422 absque
1579 1374 1725 1408 maximis
1748 1373 1836 1408 tabo-

1087 1425 1174 1460 ribus
1196 1435 1224 1459 et
1251 1426 1410 1472 expensis,
1433 1437 1468 1459 ac
1495 1437 1601 1459 rerum
1630 1433 1660 1459 et
1684 1436 1836 1471 persona-

1086 1488 1155 1509 rum
1180 1475 1328 1522 periculis
1355 1483 1385 1509 et
1408 1475 1536 1517 iactura,
1562 1474 1834 1522 plurimorumque

1086 1525 1276 1560 naturalium
1304 1538 1435 1561 suorum
1459 1524 1565 1564 caede,
1581 1533 1666 1570 gesta
1690 1523 1781 1565 bella,
1797 1535 1833 1557 ex

1085 1583 1129 1610 tot
1144 1576 1300 1621 tantisque
1314 1575 1486 1615 laboribus,
1503 1573 1834 1621 periculisetdainuis⁷

1087 1638 1149 1660 non
1167 1625 1283 1660 tractus
1305 1638 1407 1672 neque
1430 1625 1564 1663 territus,
1588 1623 1641 1658 sed
1666 1623 1703 1657 ad
1727 1623 1835 1658 buius-

1088 1675 1169 1709 modi
1198 1675 1364 1710 laudabilis
1386 1683 1416 1709 et
1444 1675 1483 1722 pii
1508 1673 1658 1721 propositi
1682 1673 1730 1708 sui
1762 1687 1835 1720 pro-

1086 1725 1281 1759 secutionem
1316 1725 1344 1760 in
1381 1725 1448 1759 dies
1483 1724 1582 1770 magis
1608 1732 1701 1770 atque
1736 1724 1835 1770 tnagis

1087 1775 1307 1816 exardescens,
1324 1775 1353 1809 111
1369 1774 1497 1809 Oceano
1520 1773 1595 1807 mari
1611 1773 1764 1820 quosdam
1781 1786 1836 1808 so·
1862 1785 1977 1806 Antiatum
2003 1786 2034 1806 o-

1087 1824 1202 1859 litarias
1217 1825 1336 1859 insulas
1355 1824 1501 1859 fidelibus
1517 1823 1700 1870 propalavit,
1714 1836 1748 1858 ac
1764 1822 1835 1857 sun-
1849 1817 2034 1868 3]‡¹,'5¹„'¹L³d²2“i‘n‘}{

1086 1874 1150 1908 dari
1178 1883 1207 1909 et
1238 1875 1376 1909 construi
1413 1873 1488 1908 inibi
1518 1873 1589 1907 fecit
1617 1872 1767 1908 ecelesias
1806 1882 1835 1907 et
1850 1880 1900 1899 bffli·

1087 1923 1144 1958 alia
1169 1924 1217 1970 pia
1240 1924 1319 1964 loca,
1336 1925 1365 1958 in
1382 1924 1498 1971 quibus
1513 1922 1617 1957 divina
1636 1922 1836 1958 celebrantur

1087 1973 1201 2014 officia,
1229 1983 1260 2008 et
1277 1974 1350 2008 dicti
1374 1985 1502 2021 quoque
1530 1972 1660 2007 Infantis
1686 1971 1833 2007 laudabili

1086 2035 1182 2070 opera
1208 2032 1239 2058 et
1252 2023 1405 2058 industria
1421 2022 1626 2071 quamplures
1639 2022 1833 2057 diversarum

1089 2074 1118 2107 111
1148 2073 1231 2108 elicto
1254 2074 1329 2108 mari
1359 2073 1559 2108 existentium
1589 2071 1761 2107 insularum
1785 2072 1836 2106 in-

1086 2123 1173 2158 colae
1195 2136 1250 2158 seu
1275 2123 1464 2159 habitatores
1485 2123 1523 2157 ad
1562 2123 1625 2156 veri
1645 2121 1702 2157 Dei
1725 2122 1836 2168 cogni-

1088 2173 1203 2208 tionem
1232 2173 1405 2217 venienteS,
1433 2184 1557 2209 sacrum
1595 2171 1748 2219 baptisma
1781 2184 1836 2206 su—

1086 2231 1267 2270 sceperunt,
1290 2223 1326 2258 ad
1352 2224 1450 2270 ipsius
1477 2222 1533 2257 Dei
1564 2221 1687 2257 laudem
1710 2229 1739 2257 et
1761 2221 1835 2268 glo-

1087 2273 1162 2307 riam
1192 2285 1227 2307 ac
1251 2273 1453 2320 plurimarum
1489 2272 1666 2307 animarum
1690 2272 1835 2314 salutem,

1086 2323 1278 2357 orthodoxae
1307 2335 1433 2371 quoque
1467 2323 1540 2357 fidei
1576 2322 1833 2370 propagationem

1086 2381 1116 2407 et
1143 2373 1241 2407 divini
1269 2374 1372 2408 cultus
1394 2382 1612 2420 augmentum.

1135 2424 1201 2471 §2
1219 2423 1395 2468 Praeterea,
1417 2436 1489 2459 cum
1513 2424 1586 2458 011111
1606 2422 1643 2457 ad
1668 2423 1768 2470 ipsius
1782 2422 1835 2457 ln-
1862 2431 1968 2469 1111111105
1979 2438 2031 2453 con-

1087 2474 1179 2509 fantis
1214 2474 1407 2521 pervenisset
1437 2474 1598 2514 notitiam,
1632 2472 1717 2520 quod
1746 2485 1834 2507 111111-
1849 2466 2034 2517 Ξ,“Ᾱ’,’ζῖἶήω1ἳζ1”

1087 2537 1193 2572 quam,
1221 2524 1266 2558 vel
1294 2523 1403 2558 saltem
1439 2536 1455 2558 3
1485 2524 1637 2558 memoria
1671 2523 1833 2557 hominum

1088 2586 1150 2609 non
1166 2575 1382 2609 consuevisset
1405 2586 1458 2620 per
1471 2573 1655 2608 huiusmodi
1671 2571 1832 2606 Oceanum

1087 2636 1171 2659 mare
1198 2635 1306 2658 versus
1344 2623 1565 2658 meridionales
1603 2632 1633 2657 et
1667 2622 1835 2657 orientales

1088 2674 1193 2721 plagas
1220 2673 1369 2720 navigari3
1397 2673 1536 2721 illudque
1567 2672 1659 2708 nobis
1685 2670 1834 2706 Occiduis
