2281 3251
52 823 62 837 ,ι

62 839 64 846 ι

0 920 1 923 ,
76 914 79 921 ι

43 938 48 947 ι

89 281 138 308 An.
155 282 184 307 C.
204 281 269 308 1⁰70

97 911 179 933 Martio.
192 910 207 931 V
219 911 267 930 uni-

85 944 113 964 vit
122 943 218 963 :antonio⁴
231 946 267 962 rc-

85 974 166 1002 gulures
188 975 230 993 etc.

38 998 66 1067 δ’

43 1068 48 1074 ι
98 1057 146 1083 Eua.
163 1056 189 1077 lV
208 1056 264 1076 basi-

38 1081 53 1106 :⁴³
85 1089 144 1109 licam
170 1087 265 1108 Latet-nn.

35 1113 64 1144 ..¹2⁴
84 1119 104 1141 S.
119 1118 234 1139 Salvator-is
245 1119 265 1138 iu

31 1155 45 1178 ‘a‘
84 1153 157 1176 uri-ea
174 1158 265 1179 cougre-

27 1724 33 1734 ”
25 1204 61 1698 ῑωώκῖμιακνῦῠιίῧά
37 1179 53 1191 =
39 1145 43 1152 ·

85 1185 170 1213 gatiani,

30 2428 31 2431 ,
93 2439 193 2470 Nonienq.
214 2448 268 2464 con-

44 2475 54 2492 .'
87 2473 214 2498 ‘rogationis
228 2471 268 2493 Ln—

86 2505 204 2525 tei-anemi-
215 2510 268 2525 cnu-

86 2535 158 2557 cessit.

919 276 1028 299 ,(ὶΙΧΤΙἬ
1051 276 1081 297 tv
1112 276 1157 297 ΙΨ.

285 334 382 380 ipsam
410 332 598 367 Lateraneu.
623 331 651 364 in
675 342 748 376 agro
771 330 928 365 dominico
948 331 1029 364 mul-

284 382 404 429 tiplices
430 389 460 416 et
481 380 595 416 uberes
622 388 747 414 sanctae
780 380 1028 414 conversationis

284 432 402 466 fructus
429 431 457 464 iu
487 430 553 465 dies
581 429 772 470 afferentem,
802 429 916 464 nostris
936 430 1026 464 etiam

282 480 471 528 specialibus
497 481 664 527 gratiarum
689 478 876 513 munenibus
904 480 1029 513 munin-

284 543 365 571 mus3
391 531 491 573 etus
516 541 595 576 qnae
632 540 687 574 pio
710 529 807 575 ipsius
835 528 968 563 Ordinis
999 538 1027 563 ct

282 593 338 613 con
344 579 536 626 gregitionis
559 578 650 612 laude
672 590 706 612 ac
730 590 933 625 person-uum
960 588 1026 613 ιἰοιι

282 641 336 663 sua
359 629 419 663 sub
434 629 518 664 suavi
537 629 608 674 iugo
633 627 707 661 inibi
723 628 933 662 exolreutium
954 640 1028 674 pavit(

282 687 307 711 et
325 678 429 725 quiete
444 685 677 725 processerunt,
702 690 739 712 ne
763 678 792 710 in
809 677 1029 712 conventionis

282 728 467 774 scrupulum
496 727 650 770 labantur,
679 727 732 761 sed
758 727 844 761 firma
871 727 985 773 pariter
999 735 1029 761 et

284 777 397 811 illibata
413 777 589 823 persistant,
612 777 707 810 nostri
723 776 908 811 adiiciamus
923 776 1029 810 muni-

283 826 374 860 minis
396 826 586 860 firmitatem.

329 875 349 923 ἓ
373 877 403 909 1.
426 875 554 910 Dudum
577 875 732 922 siquidem
756 874 808 909 sel.
838 887 898 909 rec.
921 874 1028 908 Marti-

282 937 342 959 nus
368 924 452 971 Papa
477 925 624 971 quintus,
654 924 875 972 praedecessor
911 931 1027 963 noster,

280 982 334 1008 etc.
358 976 413 1017 (l).

329 1027 344 1067 g
365 1027 398 1057 2.
412 1023 450 1057 Et
464 1022 579 1058 deiude
597 1023 664 1070 piae
681 1023 850 1057 memoriae
866 1023 1028 1068 Eugenius

281 1072 364 1119 Papa
386 1081 527 1119 quartuS,
540 1073 632 1107 etiam
662 1072 881 1118 praedecessor
913 1080 1027 1111 noster,

280 1130 509 1157 sacrosanctam
525 1130 555 1156 et
570 1122 774 1156 venerandam
793 1121 951 1156 basilicam
966 1121 1028 1156 La-

281 1181 476 1207 teranensem
493 1171 529 1206 ad
549 1172 681 1218 primam
705 1171 933 1205 institutionem
963 1171 1027 1217 pri-

282 1233 488 1268 maevumque
502 1221 568 1255 eius
579 1228 744 1264 statutum,
761 1220 904 1255 videlicet
925 1232 1027 1255 cauo-

281 1270 422 1305 nicornm
455 1270 656 1316 regularium,
687 1282 724 1304 ex
756 1270 850 1305 certis
874 1278 948 1305 tuuc
970 1282 1026 1304 ex—

281 1321 397 1366 pressis
418 1321 533 1364 causis,
556 1328 624 1366 post
646 1319 904 1354 deliberationem
930 1320 1028 1365 provi-

281 1369 369 1409 dam,
401 1381 494 1417 quam
534 1381 606 1404 cum
650 1368 798 1404 fratribus
834 1369 867 1404 S.
912 1369 950 1403 R.
986 1369 1024 1403 E.

281 1418 494 1454 cardinalibus
516 1418 623 1453 babuit
656 1418 863 1465 diligentem,
887 1431 943 1465 pro
964 1418 1028 1453 Ec-

281 1468 375 1503 clesia
402 1468 473 1513 Dei,
496 1477 526 1503 et
546 1468 717 1503 catholicae
740 1468 810 1503 fidei
827 1468 1028 1503 christianae-

281 1530 342 1564 que
358 1518 518 1565 religionis
539 1517 671 1557 bouore,
686 1529 722 1552 ac
742 1517 914 1552 Salvatoris
930 1518 1026 1552 nostri

281 1568 389 1614 gloria,
417 1567 606 1615 publicaque
634 1567 763 1602 utilitate
785 1575 815 1602 et
839 1568 939 1614 ipsius
972 1567 1027 1601 ba-

281 1617 385 1652 silicae
399 1616 584 1652 Lateraneu.
603 1625 698 1660 statu,
712 1618 921 1656 veneratione,
939 1629 1028 1652 com-

281 1667 375 1702 modo
402 1676 432 1702 et
460 1668 595 1711 bonore,
621 1666 775 1701 reducens
798 1679 832 1701 ac
857 1679 1026 1714 reponens,

283 1725 315 1750 ut
336 1716 423 1751 Ordo
446 1716 694 1764 cau‹›niciiS,qui
718 1717 894 1751 secundum
922 1717 1025 1751 Deum

281 1775 311 1800 et
337 1766 375 1800 B.
402 1765 568 1813 Augustini
596 1766 750 1811 Regulam
775 1766 815 1800 ibi
839 1767 1027 1801 noscebatur

281 1815 451 1860 institutus,
474 1816 632 1863 perpetuis
648 1816 759 1850 futuris
774 1816 980 1863 temporibus,
996 1816 1024 1850 iu

280 1864 361 1900 dicta
382 1865 523 1901 Ecclesia
547 1866 661 1912 vigeret
688 1873 717 1899 et
741 1865 1027 1900 inviolabiliterob-

279 1923 468 1954 servaretur,
494 1915 646 1950 Ordiueiu
681 1923 709 1949 et
750 1916 1025 1961 congregationem

279 1964 463 1998 huiusmodi
488 1965 516 1999 iu
535 1965 668 2011 praelata
692 1964 832 1999 Ecclesia
851 1965 981 1999 iustituit
997 1974 1027 1999 et

279 2014 375 2048 erexit
395 2026 430 2048 ac
450 2015 625 2061 deputavit:
641 2015 820 2061 dictamque
834 2014 1027 2048 Later-‘ineu-

278 2075 344 2097 sem
378 2063 554 2104 basilicam,
578 2076 648 2097 cum
672 2064 820 2098 omuibus
846 2065 911 2098 suis
933 2064 1024 2109 spiri-

279 2112 414 2147 tualibus
436 2121 467 2148 ct
495 2113 719 2160 temporalibus
739 2114 839 2151 bonis,
865 2114 1026 2158 membris,

279 2162 401 2197 iuribus
417 2189 426 2207 ,
464 2162 754 2206 iurisdictionibuS,
791 2163 957 2210 privilegiis
999 2172 1026 2197 et

278 2212 532 2259 exemptionibus
556 2213 584 2246 in
610 2221 796 2259 perpetuum
825 2212 926 2247 eidem
950 2225 1027 2247 cou-

279 2262 450 2308 gregationi
480 2263 634 2297 concessit
661 2270 691 2296 et
717 2263 886 2306 commisit,
900 2274 1028 2297 eorum-

280 2323 343 2358 que
374 2323 466 2347 curae
501 2321 531 2346 et
561 2312 821 2346 administrationi
857 2311 962 2347 tribuit
999 2320 1027 2347 et

281 2361 418 2396 donavit.

331 2414 346 2454 S
374 2415 405 2446 5.
429 2411 534 2458 Atque
556 2410 694 2446 decrevit
716 2420 745 2446 et
769 2411 874 2445 statuit
898 2419 930 2445 ut
957 2423 1027 2445 om-

282 2472 338 2495 nes
365 2460 515 2508 deinceps
542 2460 643 2495 dictae
671 2461 925 2507 congregationis
951 2472 1028 2495 con-

282 2517 394 2545 ventus
429 2519 460 2544 et
506 2510 571 2545 loca
607 2511 645 2545 ab
682 2510 862 2545 huiusmodi
904 2519 1028 2545 sanctae

282 2558 428 2594 basilicae
456 2559 640 2594 Lateranen.
666 2560 754 2594 titulo
776 2569 806 2594 et
835 2561 931 2594 totius
960 2572 1028 2594 cou-

316 2630 354 2665 (ί)
373 2630 511 2658 Omittitur
528 2630 674 2663 residuum,
692 2632 753 2666 quia
772 2631 855 2666 ipsam
873 2631 968 2657 bullam
983 2631 1030 2658 ha—

281 2669 328 2705 bss
346 2672 479 2706 superius,
498 2675 562 2698 tom.
580 2679 618 2703 iv,
639 2679 696 2706 pag.
719 2671 781 2697 697.

1697 264 1767 296 235

1070 343 1143 373 git-g
1147 329 1258 364 ationis
1290 328 1392 376 capite
1420 340 1535 363 nomen
1564 327 1754 375 acciperent.
1788 336 1818 363 et

1070 380 1102 413 S
1118 379 1287 414 Salvatoris
1304 379 1508 425 congregatio
1523 377 1759 434 appellaretur;
1782 390 1818 413 ac

1070 430 1212 474 singulos
1235 429 1336 463 (lictae
1359 427 1611 473 congregationis
1636 428 1817 468 canonicos,

1070 479 1186 525 ubique
1203 478 1339 513 Domino
1355 478 1539 517 servientes,
1555 476 1651 511 liuius
1671 476 1819 512 basilicae

1070 528 1200 562 elericos
1223 537 1251 563 et
1282 528 1441 562 ministros
1474 536 1504 561 et
1528 526 1695 573 religiosos
1722 539 1757 561 ac
1779 526 1818 561 de

1071 578 1168 624 ipsius
1184 577 1349 624 cipitulig
1342 576 1449 611 remio
1473 576 1504 610 in
1526 575 1675 611 omnibus
1697 575 1818 611 iuribus

1069 636 1098 660 et
1119 627 1293 710 'iiitiltgiis
1321 627 1441 661 censeri
1461 625 1609 660 decrevit.

1217 677 1242 710 li
1247 685 1255 710 t
1291 676 1468 710 successive
1494 687 1539 710 sa.
1576 686 1636 709 me.
1669 674 1820 710 Nicotaus

1069 699 1151 772 Ριιιιι
1183 725 1233 762 V,
1269 725 1412 759 similiter
1446 724 1666 779 praedecessor
1700 732 1818 765 noster

1069 783 1130 808 tam
1160 774 1295 815 Martini
1321 787 1414 821 quani
1442 774 1477 808 {21
1469 773 1573 821 ngenii
1599 773 1704 808 literas
1728 786 1818 820 prae-

1069 824 1189 863 dictas
1214 836 1271 858 nec
1295 837 1355 858 nou
1379 823 1483 858 omnia
1490 802 1536 858 t’et
1562 823 1685 869 singula
1715 823 1744 857 in
1773 823 1818 858 eis

1069 880 1227 913 contenta
1244 885 1279 908 ac
1298 884 1517 919 quaecumque
1539 880 1646 907 secuta
1670 871 1743 907 inde
1761 885 1818 920 ap-

1071 923 1206 967 probans
1227 931 1257 957 et
1284 922 1484 965 confirmans,
1508 934 1608 968 eaque
1636 921 1730 968 pleno
1758 922 1818 956 fir-

1071 973 1186 1006 mitatis
1206 972 1317 1007 robore
1339 971 1526 1012 subsistere,
1548 983 1607 1006 nec
1622 983 1684 1006 non
1703 983 1818 1018 perpe-

1069 1022 1131 1055 tuis
1154 1022 1267 1055 suturis
1295 1021 1491 1068 temporibus
1514 1020 1733 1055 inviolabiliter
1760 1020 1819 1056 ob-

1069 1072 1182 1105 servari
1218 1071 1331 1105 debere
1363 1071 1548 1112 decernens,
1577 1082 1632 1116 per
1664 1069 1816 1117 quasdam

1069 1121 1162 1155 etiam
1187 1133 1259 1155 snas
1279 1120 1437 1155 concessit
1463 1128 1492 1154 et
1516 1119 1648 1154 indulsit
1670 1119 1818 1154 omnibus

1069 1179 1097 1203 et
1110 1169 1242 1216 singulis
1260 1169 1423 1210 Ecclesiis,
1440 1169 1650 1213 monasteriis,
1674 1169 1818 1216 priorati-

1069 1219 1139 1260 bus,
1163 1220 1239 1254 locis
1268 1227 1298 1254 et
1326 1219 1469 1266 personis
1492 1218 1686 1265 ubicumque
1713 1219 1821 1253 consi-

1068 1269 1224 1304 stentibus
1243 1278 1272 1303 et
1294 1267 1538 1311 constituendis,
1554 1267 1776 1315 praesentibus
1791 1276 1821 1304 et

1069 1319 1193 1359 suturis,
1207 1318 1459 1365 congregationis
1469 1317 1696 1353 canonicorum
1711 1317 1821 1353 huius-

1069 1368 1180 1413 modi,
1216 1376 1249 1402 ut
1281 1368 1343 1402 illis
1375 1367 1526 1403 omnibus
1572 1367 1602 1401 in
1636 1367 1818 1403 eorumdem

1069 1417 1193 1452 Martini
1213 1425 1243 1452 et
1265 1417 1402 1464 Eugenii
1427 1417 1704 1463 praedecessorum
1722 1417 1820 1453 literis

1068 1467 1235 1508 contentis,
1263 1479 1299 1502 ac
1331 1467 1400 1502 aliis
1427 1466 1696 1513 exemptionibus,
1719 1466 1820 1514 privi-

1069 1516 1171 1563 legiis,
1189 1516 1454 1555 immunitatibus,
1479 1516 1687 1561 libertatibus,
1710 1517 1820 1562 gratiis

1069 1576 1097 1600 et
1121 1567 1251 1602 indultis
1273 1567 1441 1614 bonisque,
1466 1566 1588 1601 iuribus
1602 1566 1820 1613 spiritualibus

1068 1625 1096 1650 ‹·t
1113 1616 1352 1664 temporalibus,
1365 1616 1524 1651 concessis
1545 1625 1574 1650 et
1594 1615 1820 1662 concedendis,

1069 1666 1186 1711 quibus
1204 1666 1338 1714 praefata
1352 1666 1493 1701 Ecclesia
1515 1675 1618 1701 nostra
1634 1665 1818 1701 Lateranen.

1069 1726 1095 1749 ιι
1119 1716 1158 1750 ab
1186 1729 1218 1751 ea
1247 1716 1455 1763 dependentia
1480 1724 1610 1750 utuntur
1632 1716 1820 1763 etgaudeut,

1068 1778 1124 1799 mn
1150 1767 1191 1800 uti
1216 1776 1246 1801 et
1262 1767 1400 1813 gaudere
1422 1773 1820 1813 consueveruutautquo-

1070 1816 1240 1850 niodolibet
1263 1818 1293 1850 in
1318 1816 1456 1850 futurum
1472 1815 1644 1858 Ecclesiae,
1659 1823 1821 1851 monaste-

1069 1866 1123 1909 ria,
1140 1866 1306 1912 prioratus,
1325 1865 1392 1900 loca
1407 1873 1436 1900 et
1452 1878 1603 1912 personae
1623 1865 1822 1909 huiusmodi,

1070 1917 1097 1948 in
1122 1915 1269 1949 omuibus
1296 1923 1326 1949 et
1350 1928 1403 1959 per
1430 1916 1534 1950 omnia
1559 1915 1769 1962 parisormiter
1791 1924 1820 1950 et

1069 1964 1186 2011 absque
1214 1965 1275 1999 ulla
1303 1964 1489 2009 dill'ercutia,
1528 1973 1682 2012 perpetuo
1711 1965 1753 2000 uti
1791 1973 1821 1999 et

1068 2015 1203 2059 gaudere
1230 2015 1327 2049 libere
1349 2023 1379 2047 et
1409 2014 1492 2048 licite
1516 2015 1645 2059 possint.

1116 2064 1136 2109 g
1164 2066 1196 2097 5.
1211 2064 1323 2098 Posti-a
1345 2076 1426 2103 vero,
1445 2063 1556 2098 eodem
1582 2064 1710 2098 Nicolao
1730 2075 1819 2111 prae-

1069 2114 1233 2148 ‹Teccssore
1266 2113 1360 2148 rebus
1384 2113 1529 2147 liumauis
1560 2122 1724 2160 exempto,
1746 2125 1816 2147 cum

1069 2163 1209 2197 canonici
1240 2163 1340 2198 dietae
1369 2164 1622 2217 congregationis
1643 2176 1659 2197 a
1682 2162 1817 2210 praefata

1071 2212 1094 2246 Ι·
1098 2212 1207 2247 eclesia
1225 2225 1279 2260 per
1292 2213 1462 2248 nonnullos
1476 2212 1727 2248 eivesRomanos
1741 2212 1819 2247 suis-

1068 2271 1138 2297 :cut
1165 2262 1301 2306 electi(2
1305 2267 1325 2307 ),
1341 2263 1409 2309 piae
1427 2274 1486 2296 me.
1502 2262 1652 2297 Callistus
1664 2262 1748 2309 Papa
1763 2261 1818 2305 ΙΙΙ,

1069 2312 1211 2346 similiter
1233 2312 1457 2359 praedecessor
1480 2320 1603 2357 noster,
1635 2313 1728 2347 etiam
1766 2325 1820 2358 pei

1069 2361 1144 2396 alias
1171 2374 1244 2396 suas
1268 2362 1371 2396 literas
1393 2362 1500 2396 statuit
1515 2370 1545 2396 et
1560 2361 1716 2397 ordinavit
1733 2362 1818 2409 quod

1069 2411 1212 2446 ‹tationici
1235 2412 1487 2457 congregationis
1508 2411 1693 2447 huiusmodi
1715 2423 1819 2446 acura

1070 2469 1097 2494 vt
1120 2461 1348 2507 gubernatione
1374 2460 1536 2496 Ecclesiae
1564 2461 1707 2496 eiusdem
1732 2461 1820 2496 desi-

1069 2519 1205 2550 sterent,
1233 2519 1262 2546 et
1298 2510 1348 2545 illa
1389 2511 1417 2544 iu
1448 2519 1608 2557 posterum
1639 2524 1694 2558 per
1720 2523 1820 2546 cano-

1072 2560 1158 2595 nicos
1171 2560 1346 2595 saeculares
1361 2561 1424 2606 regi
1438 2569 1466 2595 et
1491 2560 1659 2608 gubernari
1678 2560 1816 2596 deberet.

1105 2631 1143 2665 (l)
1161 2631 1222 2657 Eius
1238 2631 1335 2657 bullam
1355 2639 1407 2658 non
1425 2633 1511 2666 posui,
1530 2633 1565 2658 uti
1588 2632 1628 2658 liic
1646 2632 1763 2659 relatam.

1106 2672 1144 2707 (2)
1162 2672 1221 2707 Leg.
1241 2674 1314 2698 eiecti
1330 2671 1368 2708 (n.
1380 2673 1430 2708 Τ.).

1834 276 1883 301 An.
1900 274 1926 301 C.
1945 274 2012 301 ¹1⁸7ss

1845 687 1910 709 Nicol.
1929 687 1944 707 Υ
1959 690 2013 709 idem

1833 720 1919 746 appi-ot..
1937 724 1957 739 et
1978 721 2017 740 de-

1810 751 1928 772 claravit.

1846 2082 1926 2103 Callist.
1940 2080 1969 2102 111
1980 2087 2018 2103 re-

1833 2116 1901 2140 gimen
1912 2115 1972 2135 dictas
1982 2114 2018 2134 bn-

1833 2145 1906 2166 silicae
1928 2146 2017 2166 “anoni-

1834 2177 1863 2196 cis
1873 2177 2016 2196 saecularibu-

1834 2208 1890 2228 dedii
1917 2208 1922 2227 Ι
1938 2224 1940 2226 .
