2281 3251
99 282 149 309 An.
167 281 195 308 C,
209 280 277 308 ΗιἿΰ

112 487 174 507 nubi·
185 487 204 506 in
217 490 279 511 piae-

192 517 280 536 oiinntln

99 550 118 569 in
133 549 223 568 favorem
240 547 280 566 tin*-

99 581 129 600 ins
151 579 224 599 Orilin.
246 578 279 596 in-

99 612 212 635 torpa-tau.
224 614 260 627 siin

99 518 160 538 dictis

112 1174 174 1194 Actus
193 1176 280 1193 contru-

99 1205 123 1225 rii
133 1205 160 1224 nit
169 1205 279 1229 derogent,

115 1962 223 1984 (tt-<insutas
245 1962 284 1982 liu-

103 1995 134 2014 ius
143 1994 211 2015 bullat·
222 2001 257 2020 pr
248 1999 284 2013 0-

105 2031 152 2046 set-v
160 2027 228 2046 dlv-«e⁴

936 280 1046 302 stXTt's
1074 281 1106 302 lV
1136 281 1184 302 ΙΨ.

294 347 404 369 norum
423 333 578 369 Ordinum
613 346 668 381 per
691 345 748 369 nos
769 334 861 368 ctiam
890 342 919 368 et
940 334 1040 369 dictos

294 384 452 418 Romanos
469 383 639 418 Pontifices
660 395 846 418 concessum
870 383 938 417 fuit.

342 433 362 480 S
384 434 440 466 54.
464 431 504 467 Ut
527 441 628 467 autem
653 440 775 467 mentes
803 432 957 467 dictorum
987 445 1041 467 ca-

295 482 479 516 nonicorum
502 494 517 515 a
540 482 654 521 dubiis,
671 494 751 529 quae
774 494 870 528 super
897 494 1042 528 praesen-

296 531 379 565 tibus
393 539 445 565 aut
468 530 537 565 aliis
559 531 666 577 gratiis
689 531 884 570 huiusmodi,
909 543 963 577 per
986 543 1042 565 nos

294 588 323 613 ct
351 579 610 627 praedecessores
648 588 791 620 nostros,
825 580 1041 626 imperatores,

295 641 394 674 reges,
422 629 581 676 principes
603 638 633 664 et
655 629 732 664 alios
755 628 943 676 praedictos,
963 642 1042 664 con—

294 678 390 712 cessis
416 687 446 712 et
469 678 498 712 in
528 686 688 725 posterum
713 678 935 722 concedendis,
957 678 1041 725 apud

296 727 449 772 praefatos
489 727 656 762 canonicos
695 727 935 774 quomodolibet
969 727 1041 762 oriri

296 785 435 822 possent,
458 776 654 820 releventur,
681 776 828 811 volumus
855 785 900 820 ut,
932 775 983 810 ubi
1014 776 1042 810 in

293 825 398 871 aliquo
427 824 632 859 redderentur
665 825 817 872 ancipites
843 837 898 859 seu
935 824 1043 869 dubii,

294 873 471 908 secundum
494 873 609 909 bonam
625 875 827 921 aequitatem,
849 874 878 907 in
908 874 1042 908 favorem

293 922 401 957 salutis
422 923 596 957 animarum
617 935 744 958 suarum
765 923 941 969 largissime
957 922 1044 957 intel-

295 972 431 1017 ligantur
452 980 483 1006 et
505 973 763 1018 interpretentur,
787 984 849 1006 nou
872 980 975 1007 autem
999 984 1045 1006 se-

295 1021 436 1056 cundum
463 1022 538 1055 iuris
561 1022 694 1067 rigorem
722 1021 768 1056 vel
792 1021 956 1056 doctorum
973 1022 1043 1068 opi-

296 1071 406 1104 niones
431 1078 461 1104 et
479 1070 678 1105 subtilitates.

343 1120 363 1166 S
385 1122 442 1154 55.
470 1119 665 1154 Adiicientes
687 1128 733 1163 ut,
748 1120 773 1154 si
797 1120 921 1167 qnando
944 1119 1045 1153 conti·

294 1170 374 1215 gerit
397 1180 452 1215 per
469 1168 605 1215 aliquem
625 1181 679 1203 sen
700 1169 806 1216 plures
828 1177 918 1204 actus
937 1176 1044 1203 contra

297 1217 478 1252 huiusmodi
502 1218 547 1252 vel
572 1230 794 1265 quaecumque
827 1219 885 1253 alia
908 1217 1044 1259 decreta,

296 1266 469 1314 privilegia,
490 1266 620 1307 indulta,
644 1267 759 1313 gratias
780 1275 810 1302 et
833 1267 1045 1302 immunitates

297 1315 452 1363 praefatae
474 1317 709 1362 congregationi
732 1328 893 1357 concessa,
921 1324 974 1350 aut
1003 1317 1046 1362 ip-

296 1377 404 1400 sorum
427 1365 559 1411 aliquid,
583 1377 599 1400 a
614 1377 830 1413 quocumque,
859 1365 1045 1400 cuiuscum-

295 1426 357 1462 que
371 1414 574 1457 conditionis,
587 1414 758 1460 dignitatis,
773 1415 888 1461 gradus
902 1422 932 1449 et
947 1422 1045 1449 status

295 1464 430 1507 existat,
465 1475 501 1498 ex
544 1463 733 1510 negligentia
780 1476 835 1499 seu
872 1464 1045 1510 ignorantia

298 1513 509 1559 praesentium
533 1521 561 1548 et
585 1512 775 1555 futurorum,
798 1514 914 1561 quibus
927 1525 961 1548 ea
975 1525 1046 1547 con·

297 1562 477 1603 ceduntur,
516 1571 569 1597 aut
603 1562 660 1597 alia
689 1564 799 1610 quavis
831 1575 922 1598 causa
957 1563 1046 1597 aliter

297 1611 440 1646 attentari
465 1612 508 1646 vel
532 1612 702 1653 observari,
729 1613 864 1648 scienter
887 1611 932 1647 vel
956 1612 1046 1658 igno-

298 1668 415 1705 ranter,
444 1661 564 1695 nullum
595 1669 698 1696 tamen
722 1674 777 1708 per
799 1662 858 1697 lioc
886 1661 1047 1709 praeindi-

298 1710 381 1745 cium
409 1710 556 1754 decretis,
580 1710 722 1754 indultis,
744 1712 854 1758 gratiis
876 1720 906 1746 et
930 1711 1046 1745 ininiu-

299 1759 450 1794 nitatibus
477 1760 623 1806 praefatis
644 1770 824 1805 generetur,
841 1761 895 1796 sed
925 1761 976 1795 illa
991 1773 1047 1795 suo

299 1809 404 1855 vigore
431 1818 462 1844 et
489 1809 582 1856 pleno
611 1809 722 1844 robore
746 1810 865 1845 firmata
894 1818 1048 1857 perpetuo

300 1866 515 1905 permaneant.

347 1911 442 1950 §56
479 1907 656 1948 Postremo,
684 1920 756 1942 cuin
784 1908 944 1955 contingat
977 1908 1049 1954 ple-

300 1969 415 2003 rumq„
432 1969 468 1990 ex
486 1957 723 2003 importunitate
747 1958 919 2003 petentium
942 1965 971 1991 et
994 1969 1050 1991 ne-

300 2006 457 2061 gotiorum
496 2006 699 2040 multitudine
746 2018 781 2040 ac
829 2007 1050 2053 suppiessione

302 2055 449 2095 veritatis,
477 2054 630 2090 Summos
653 2054 824 2090 Pontifices
856 2056 999 2102 fatigatos
1021 2063 1051 2089 et

301 2109 532 2144 circumventos
566 2120 601 2143 ea
629 2109 817 2149 concedere,
836 2109 954 2157 quibus
977 2109 1052 2144 alias

302 2162 484 2197 nullatenus
499 2171 690 2203 annuerent,
705 2163 887 2198 auctoritate
902 2176 1053 2211 praesen-

302 2216 379 2251 tium
400 2217 568 2251 statuimus
583 2225 611 2251 et
628 2217 812 2252 ordinamus
845 2218 929 2264 quod
952 2230 1053 2265 qnae-

303 2282 438 2318 cumque
461 2271 568 2306 literae
591 2271 794 2318 apostolicae,
811 2272 903 2307 etiam
928 2273 1054 2319 proprio

304 2331 391 2359 motu
415 2324 587 2366 confectae,
603 2325 700 2360 autin
718 2325 858 2360 futurum
881 2325 1055 2361 conficien-

304 2377 374 2423 dae,
401 2379 522 2414 etiamsi
551 2380 580 2413 in
609 2380 654 2414 eis
681 2379 852 2419 clausulae,
885 2381 1056 2425 privilegiis

304 2439 330 2466 et
367 2434 494 2468 indultis
524 2435 624 2468 dictae
657 2435 888 2479 conyreqationi
913 2435 1057 2468 concessis

1712 270 1783 302 243

1085 334 1256 381 particulis,
1283 334 1340 368 nisi
1369 341 1517 380 appareat
1539 333 1773 368 evidentissime
1802 342 1832 369 et

1083 383 1278 431 apertissime
1305 383 1391 430 quod
1414 382 1566 417 Summus
1594 382 1750 427 Pontifex,
1778 384 1831 430 qui

1085 446 1139 479 pro
1157 441 1297 480 tempore
1315 432 1419 476 fuerit,
1443 432 1515 467 huic
1540 431 1663 466 indulto
1678 433 1722 466 vel
1738 431 1832 467 alicui

1083 483 1150 516 eius
1166 482 1245 529 parti
1268 482 1359 516 vellet
1383 494 1436 528 per
1450 481 1638 528 apostolicas
1652 481 1756 515 literas
1777 481 1833 516 ‹le-

1085 543 1206 578 rogarc,
1230 531 1372 566 faciendo
1395 530 1564 577 specialem
1586 531 1779 565 mentionem
1795 530 1833 565 de

1086 580 1178 614 verbo
1211 581 1247 614 ad
1277 580 1432 620 verbum,
1460 591 1498 614 ex
1519 588 1602 614 certa
1637 579 1766 614 scientia
1794 579 1833 614 de

1086 629 1267 664 huiusmodi
1298 628 1462 676 privilegio
1484 637 1514 663 et
1548 628 1616 675 ipsa
1651 639 1833 675 congrega-

1086 679 1181 719 tione,
1201 677 1332 713 diversis
1347 677 1528 712 nominibus
1543 689 1611 712 eam
1626 677 1832 718 nominando,

1088 739 1142 774 per
1159 727 1238 761 haec
1261 727 1399 773 praecise
1416 726 1585 761 vtocabula
1609 727 1833 772 Conyreqatio-

1085 789 1164 815 nent,
1197 777 1347 810 Unilatem
1373 778 1408 809 de
1438 777 1653 814 Obseruantia,
1690 777 1771 810 alias
1797 778 1834 810 de

1087 826 1292 863 Frixonaria,
1303 837 1384 859 nunc
1398 826 1832 870 Laceranensemappellalam,

1086 886 1228 920 causasq.
1247 873 1401 919 legitimas
1423 873 1612 919 allegaverit,
1634 885 1691 908 cur
1712 873 1761 907 his
1776 873 1833 908 ob-

1087 923 1170 957 viare
1193 923 1334 957 intendat
1355 923 1500 967 decretis,
1528 922 1647 957 nullius
1672 922 1712 957 sit
1739 922 1834 958 robo-

1088 972 1129 1006 ris
1152 972 1198 1006 vel
1223 972 1385 1006 momenti.

1135 1025 1150 1063 ξ
1178 1024 1236 1055 57.
1261 1020 1442 1055 Districtius
1462 1020 1641 1054 inhibentes
1653 1020 1773 1054 eisdem
1789 1032 1833 1055 or·

1087 1070 1218 1104 dinariis
1235 1070 1388 1113 locorum,
1407 1069 1466 1104 sub
1484 1069 1639 1103 interdicti
1674 1069 1833 1116 ingressus
1884 1104 1888 1108 ,

1087 1119 1240 1154 ecclesiae
1261 1126 1292 1153 et
1313 1119 1531 1165 suspensionis
1548 1130 1563 1152 a
1586 1118 1711 1159 divinis,
1730 1130 1766 1153 ac
1781 1131 1834 1154 rc-

1086 1168 1213 1214 giminis
1248 1176 1278 1202 et
1309 1168 1593 1202 administrationis
1620 1166 1832 1208 Ecclesiarum

1087 1229 1230 1257 suarum,
1247 1216 1423 1251 rectoribus
1439 1229 1511 1251 vero
1535 1216 1835 1271 parochialiumEc-

1087 1266 1254 1301 clesiarum
1273 1274 1303 1301 et
1325 1266 1491 1321 qwuibnsxis
1506 1266 1574 1300 aliis
1596 1266 1752 1320 personis,
1774 1266 1834 1300 sub

1087 1316 1424 1351 excommunicationis
1443 1315 1520 1350 latae
1532 1315 1709 1350 sententiae
1724 1324 1754 1350 et
1769 1315 1835 1362 pri-

1089 1378 1103 1398 ι
1107 1365 1219 1400 ilionis
1233 1364 1416 1400 earumdem
1432 1363 1657 1411 parochialium
1673 1363 1836 1399 Ecclesia-

1088 1427 1157 1448 rum
1180 1427 1215 1449 ac
1234 1414 1377 1449 omnium
1392 1414 1522 1448 aliorum
1544 1413 1699 1448 bonorum
1726 1413 1835 1448 eccle-

1088 1464 1286 1498 siasticorum
1309 1476 1390 1510 quae
1413 1463 1571 1502 obtinent;
1600 1475 1721 1498 necnon
1745 1462 1836 1497 inha-

1089 1513 1273 1547 bilitationis
1299 1513 1337 1547 ad
1376 1512 1425 1546 illa
1460 1520 1491 1547 et
1517 1512 1574 1547 alia
1607 1512 1777 1547 obtinenda
1804 1512 1834 1546 in

1090 1571 1262 1609 posterum,
1286 1562 1407 1609 poenis,
1438 1574 1516 1608 quas
1552 1562 1689 1597 scientes
1710 1569 1837 1596 contra-

1090 1612 1238 1646 ticientes
1261 1623 1298 1646 eo
1326 1612 1394 1658 ipso
1422 1611 1583 1646 incurrere
1605 1611 1770 1652 volumus,
1798 1623 1837 1645 ne

1089 1662 1240 1696 Ordinem
1264 1669 1294 1695 ct
1313 1663 1588 1707 congregationem
1612 1661 1836 1696 canonicorum

1091 1711 1281 1758 regularium
1299 1711 1494 1750 huiusmodi,
1511 1722 1547 1745 ac
1563 1710 1644 1744 illius
1657 1710 1838 1750 canonicos,

1090 1761 1267 1801 Ecclesias,
1297 1760 1484 1794 monasteria
1512 1767 1545 1794 et
1574 1760 1641 1794 loca
1669 1759 1839 1806 praedicta,

1091 1818 1214 1856 praeter
1253 1821 1288 1844 ac
1315 1817 1422 1845 contra
1458 1817 1598 1844 tenorem
1638 1821 1674 1844 ac
1708 1808 1839 1843 sormam

1092 1860 1186 1894 huius
1206 1859 1378 1906 praesentis
1404 1859 1501 1893 nostri
1524 1858 1636 1893 indulti
1665 1868 1695 1893 et
1711 1858 1840 1892 aliarum

1091 1909 1345 1949 concessionum,
1363 1915 1393 1942 ut
1417 1908 1639 1954 praemittitur,
1661 1919 1843 1953 congrega-

1093 1959 1169 1993 tioni
1209 1958 1442 2005 praedictorum
1468 1958 1693 1992 canonicorum
1718 1956 1842 2003 regula-

1094 2008 1188 2048 rium,
1206 2019 1262 2041 seu
1280 2006 1444 2049 Ecclesiis,
1460 2006 1670 2047 monasteriis,
1693 2005 1843 2040 membris

1094 2065 1122 2091 ιι
1150 2057 1227 2091 locis
1243 2057 1310 2091 suis
1330 2055 1499 2102 praedictis
1522 2055 1672 2090 factarum
1692 2067 1844 2102 quoquo-

1096 2110 1189 2145 modo
1216 2110 1404 2157 inquietare,
1427 2122 1485 2144 nec
1515 2121 1568 2144 eos
1595 2117 1648 2144 aut
1675 2117 1845 2144 testamen-

1096 2174 1197 2199 torum
1215 2172 1244 2199 et
1267 2163 1450 2198 ultimarum
1474 2163 1667 2197 voluntatum
1691 2169 1846 2198 executo-

1097 2229 1202 2261 res,ac
1216 2217 1397 2252 testantium
1412 2216 1575 2261 haeredes,
1587 2228 1640 2251 seu
1656 2229 1844 2264 quoscumq.

1098 2272 1184 2315 alios,
1207 2271 1322 2306 directe
1344 2271 1390 2306 vel
1412 2270 1577 2314 indirecte,
1599 2270 1635 2305 ad
1658 2271 1846 2306 solutionem

1098 2325 1232 2360 alicuius
1248 2332 1377 2372 quartae
1392 2324 1593 2372 paroehialis,
1608 2337 1665 2359 seu
1679 2325 1848 2360 canonicae

1099 2379 1144 2414 vel
1174 2379 1305 2415 alterius
1329 2378 1481 2426 portionis
1495 2379 1563 2413 sive
1586 2378 1692 2420 oneris
1706 2377 1849 2425 compel-

1100 2433 1161 2469 lere
1183 2445 1311 2482 quoquo
1338 2440 1441 2480 pacto,
1465 2441 1497 2468 ut
1513 2433 1695 2481 praefertur,
1720 2444 1850 2480 praesu-

1100 2496 1197 2523 mant.

1850 279 2028 306 A11.s:.tl176

1853 1027 1970 1048 Prohibitio
1979 1032 2032 1047 con-

1849 1061 1881 1078 tra
1913 1058 2033 1084 impedien-

305 2498 366 2520 non
392 2488 605 2531 obstantibus,
638 2495 664 2521 et
702 2489 738 2521 de
771 2489 880 2532 quibus
914 2500 1058 2533 expressa

306 2542 419 2574 mentio
435 2542 503 2586 fieri
526 2543 640 2579 debeat,
660 2553 809 2588 expresse
825 2541 1057 2582 contineantur,
1149 2545 1164 2585 ξ
1192 2544 1249 2576 58.
1272 2541 1453 2577 Statuentes
1475 2553 1602 2588 qnoque
1618 2550 1650 2575 ut
1668 2539 1807 2581 nullus,
1802 2552 1851 2574 in-
1874 2553 1958 2576 Nemo
1955 2554 2049 2606 plutas

1866 2589 1926 2607 uouit
1920 2592 1955 2605 [²05
1979 2591 2005 2605 ΙΞΙἾ

308 2606 389 2641 quae
415 2595 544 2630 obvient
570 2604 601 2629 et
628 2596 851 2630 contrafaciant
874 2596 947 2630 huic
962 2595 1060 2643 privi-
1104 2596 1173 2630 vitis
1197 2595 1359 2630 canonicis
1380 2595 1578 2639 huiusmodi,
1593 2607 1723 2641 prorsus
1738 2594 1850 2629 audeat
1867 2616 1969 2637 meh„

309 2647 388 2695 legio
435 2649 617 2696 praesenti,
663 2658 715 2685 aut
760 2648 951 2696 quibuslibet
993 2649 1060 2684 eius
1104 2650 1264 2685 incorum
1291 2649 1443 2685 Ecclesiis
1477 2662 1531 2685 seu
1569 2648 1769 2684 monasteriis
1789 2648 1852 2683 ali-
