2281 3251
139 243 186 269 An.
208 244 235 269 C.
254 245 312 270 liistl

135 1191 313 1214 anomuiacon-

130 1224 181 1243 nrm>
206 1222 313 1245 Innocen-
340 1235 345 1241 ·

130 1254 170 1275 tius
187 1253 242 1275 vul.

136 1886 233 1914 B-itnque
243 1885 310 1907 Fun-

127 1918 196 1938 cisen·
209 1916 310 1937 nonnulla

125 1953 164 1974 pro
178 1947 220 1968 suis
231 1947 310 1967 eremi-

127 1981 153 1998 tis
161 1978 253 1999 condidit
265 1980 310 1998 sta-

127 2012 176 2030 tuta.

934 241 1127 262 Atszxaxnmt
1156 241 1186 262 Vt
1216 241 1262 263 ΡΡ-

1754 229 1822 260 385

332 296 414 342 gulis
442 296 470 329 in
503 295 563 329 illis
589 307 624 329 ac
647 294 714 329 aliis
740 294 806 329 suis
832 306 865 328 ac
894 294 991 341 ipsius
1013 295 1080 329 Cu—
1126 307 1192 329 rum
1221 294 1294 329 dieti
1330 294 1428 328 l'rutris
1455 293 1612 328 Francisci
1646 293 1684 328 de
1718 293 1812 328 Paula
1839 292 1869 326 in

331 345 445 379 sentini
471 345 698 391 archiepiscopi
727 343 825 378 literis
852 355 945 391 saepe
979 344 1080 387 dictis,

1125 344 1271 378 tredecim
1308 344 1454 391 capitulis
1488 351 1634 378 contenta
1667 350 1815 378 statuerat
1841 352 1871 377 et

331 407 366 430 ac
393 406 448 441 per
473 406 526 428 eas
552 393 665 428 habitis
692 393 892 440 processibus
916 394 1081 440 praedictis
1123 394 1330 431 ordinaverat,
1353 405 1433 439 quae
1456 393 1594 428 voluerat
1616 400 1646 427 et
1673 392 1871 427 mandaverat

331 444 499 483 contentis,
525 443 571 477 eis
593 455 628 477 ac
655 443 854 483 eremitoriis,
881 444 1024 477 ecclesiis
1051 452 1079 477 ct

332 493 407 527 loeis
422 493 601 527 huiusmodi
623 493 783 527 concessis
805 501 833 527 et
857 493 1080 533 concedendis,

332 543 361 576 in
381 555 580 589 quacumque
601 542 722 576 civitate
749 551 779 577 et
801 542 935 577 dioecesi
959 551 989 577 et
1011 542 1080 577 ulii-

331 604 467 639 eumque
482 600 511 626 et
526 593 556 626 in
579 604 780 638 quocumque
797 592 876 635 loc0,
898 593 1080 626 anctoritate

333 641 488 688 praedicta
519 642 561 676 uti
580 650 609 675 et
631 642 780 687 gaudem
804 653 903 687 eaque
925 643 1028 675 onmia
1052 651 1080 676 et

331 691 453 738 singula
470 691 498 724 in
522 692 588 726 suis
603 691 781 725 huiusmodi
805 703 839 725 ac
854 691 924 725 aliis
946 699 974 725 et
991 703 1081 737 prae-

331 740 382 774 sati
397 740 626 787 archiepiscopi
656 741 900 787 praenominatis
925 740 1020 775 literis
1052 749 1081 774 et

331 789 529 836 processibus
555 790 691 837 desuper
708 790 822 824 babitis
844 798 1002 830 contenta,
1024 802 1081 824 cu-

331 840 428 874 ius-ais
462 840 635 886 superioris
669 852 762 886 super
798 839 855 873 boc
891 847 944 873 aut
975 839 1080 885 aliquo

330 889 572 936 praemissorum
596 889 716 923 licentia
742 889 870 923 minime
893 889 1078 935 requisita,a

329 938 582 986 quibuscumque
596 940 688 973 etiam
703 938 1017 982 contradictionibus,
1033 951 1079 972 ex-

328 987 529 1034 ceptionibus
556 996 586 1022 et
608 988 843 1034 impedimentis
867 988 1007 1029 remotis,
1023 999 1080 1022 au-

331 1038 473 1072 ctoritate
487 1038 643 1084 praedicta
665 1037 760 1072 libere
783 1045 813 1072 et
835 1037 917 1071 licite
935 1049 1080 1071 exercere

329 1096 456 1134 possent
479 1095 509 1121 et
530 1087 680 1127 valerent,
709 1087 861 1121 concessit
884 1097 912 1121 et
937 1087 1078 1121 indulsit.

376 1136 395 1184 ἓ
423 1139 456 1171 4.
479 1136 591 1172 Postea
616 1149 686 1171 vero
700 1137 768 1184 piae
789 1149 848 1170 me.
878 1135 1079 1171 Innocentius

328 1185 390 1220 ΡΡ.
416 1186 499 1230 Vltt,
522 1187 614 1220 etiam
634 1198 689 1232 per
711 1185 786 1220 alias
807 1198 892 1225 suas,
915 1186 944 1220 iu
964 1186 1080 1233 quibus

326 1235 433 1271 literae
454 1236 532 1270 Sixti
565 1235 815 1281 praedecessoris
838 1235 1017 1270 buiusmodi
1041 1235 1079 1270 de

328 1285 422 1320 verbo
437 1285 475 1319 ad
491 1285 618 1319 verbum
635 1285 767 1319 insertae
792 1285 929 1329 fuerunt,
951 1285 1077 1320 easdem

326 1334 430 1370 literas
442 1346 478 1369 ac
492 1334 596 1369 omnia
620 1343 649 1369 et
670 1334 794 1380 singula
822 1335 853 1369 in
870 1334 914 1369 eis
932 1343 1077 1370 contenta

326 1395 436 1419 recens
462 1384 610 1429 laudavit,
626 1384 896 1432 approbationem,
910 1385 1079 1419 confirma—

327 1433 457 1477 tionem,
488 1434 819 1474 communicationem,
846 1434 1077 1481 suppletionem

326 1483 517 1523 defectuum,
537 1483 712 1524 decretum,
735 1484 981 1530 exemptionem,
998 1484 1079 1519 libe-

326 1533 491 1573 rationem,
509 1535 757 1581 susceptionem,
776 1533 982 1575 voluntatem,
1001 1546 1078 1569 con-

325 1582 500 1617 cessionem
525 1592 554 1618 et
576 1583 692 1618 indulta
714 1582 909 1623 huiusmodi,
935 1595 968 1617 ac
987 1592 1077 1630 prout

326 1632 376 1666 illa
394 1632 628 1667 concernebant
646 1634 750 1668 omnia
775 1641 804 1667 et
819 1633 943 1679 singula
963 1633 992 1667 in
1016 1634 1078 1668 eis-

325 1681 395 1716 dem
420 1682 516 1717 literis
537 1690 681 1718 contenta
713 1690 743 1717 et
769 1691 909 1718 enarrata
937 1684 1078 1718 auctori-

326 1739 386 1766 tate
407 1731 576 1778 apostolica
600 1733 796 1767 confirmavit
822 1741 852 1767 et
882 1732 1077 1779 approbavit,

323 1793 394 1815 cum
422 1781 514 1816 simili
538 1781 717 1817 defectuum
740 1782 953 1829 suppletione.

373 1831 393 1877 S
420 1833 452 1865 5.
475 1831 683 1866 Postmodum
700 1844 787 1872 vero,
802 1845 857 1879 pro
874 1841 959 1879 parte
982 1831 1079 1867 dicto-

325 1892 393 1914 rum
445 1881 644 1915 eremitarum
692 1881 783 1915 nobis
815 1883 959 1929 exposito
992 1882 1076 1929 quod

325 1929 481 1976 praefatus
512 1930 701 1966 Franciscns
727 1931 847 1966 babens
883 1932 919 1967 ad
955 1932 1013 1966 hoc
1039 1931 1077 1965 ab

325 1979 437 2014 codem
452 1979 573 2027 Pyrrho
591 1980 830 2027 archiepiscopo
849 1982 1015 2028 specialem
1031 1981 1077 2015 fa-

326 2028 471 2064 cultatem
498 2041 552 2076 per
574 2031 700 2065 eosdem
728 2031 851 2065 Sixtum
875 2039 905 2066 et
926 2031 1079 2066 Innocen-

327 2083 401 2117 tium
426 2084 683 2130 praedecessores
709 2085 887 2120 successive
909 2086 1079 2120 confirma-

326 2146 400 2178 tam,
420 2137 501 2173 etad
525 2150 743 2186 quaecumque
765 2139 843 2179 loca,
871 2152 951 2186 quae
973 2140 1076 2175 eidem

326 2192 561 2239 congregationi
586 2192 693 2226 donari
711 2193 919 2239 contingeret,
943 2194 1078 2241 amplia-

327 2255 401 2288 tam,
423 2246 546 2281 illarum
565 2246 680 2293 vigore,
701 2259 755 2293 pro
772 2247 888 2281 salubri
905 2247 1078 2282 directione

326 2301 526 2335 eremitarum
561 2300 720 2336 societatis
743 2301 900 2345 eiusdem,
930 2302 1077 2336 nonnulla

326 2354 421 2389 divini
455 2355 559 2389 cultus
592 2363 797 2401 augmentum
837 2363 866 2389 et
904 2355 1077 2390 animarum

326 2409 457 2444 salutem
506 2419 536 2444 et
570 2410 649 2444 vitae
687 2411 864 2445 eremiticae
898 2410 1078 2445 buiusmodi

328 2464 589 2510 perseverantiam
610 2472 641 2499 et
669 2477 776 2499 eorum
796 2465 1010 2512 prosperitatis
1023 2477 1079 2499 vo-

329 2526 407 2554 tivae
430 2530 594 2553 successus
616 2528 848 2558 concernentia,
871 2531 967 2553 sacris
983 2531 1079 2554 cano-

327 2572 420 2607 nibus
442 2585 504 2608 non
535 2574 700 2618 contraria,
728 2573 787 2608 sub
809 2573 929 2619 Regula
951 2573 1080 2608 Ordinis

1125 455 1178 488 per
1200 444 1345 477 eremitas
1371 442 1510 477 eiusdem
1537 442 1695 477 societatis
1712 442 1871 490 perpetuis

1123 493 1236 527 suturis
1265 492 1457 539 temporibus
1483 492 1648 526 observari.

1171 549 1186 586 g
1214 544 1244 576 6.
1274 542 1338 576 Nos
1361 551 1445 585 tunc,
1480 542 1677 588 supplicante
1709 541 1802 575 etiam
1830 540 1868 575 cl.

1124 604 1183 626 me.
1200 591 1524 634 Cat-010,l‹*ranc0rum
1541 603 1624 637 rege,
1634 591 1686 637 qui
1702 590 1739 625 ad
1749 590 1868 625 dictum

1123 641 1276 675 Ordinem
1300 641 1490 686 singularem
1522 641 1638 675 serebat
1659 640 1870 679 devotionem,

1123 703 1178 737 per
1199 690 1274 724 alias
1298 700 1417 724 nostras
1440 691 1543 724 literas
1561 699 1674 725 statuta
1697 699 1727 724 et
1744 690 1871 725 ordina-

1123 740 1223 774 tiones
1245 739 1440 778 buiusmodi,
1463 752 1498 774 ac
1520 741 1625 774 omnia
1648 747 1679 774 et
1700 739 1823 786 singula
1839 740 1869 774 in

1122 789 1214 823 dictis
1239 788 1384 835 capitulis
1410 797 1569 833 contenta,
1591 801 1671 836 quae
1697 797 1773 823 tunc
1798 789 1873 824 dili-

1121 847 1231 884 genter
1254 839 1382 885 inspici,
1417 850 1452 872 ac
1480 838 1518 872 de
1553 839 1647 873 verbo
1676 839 1713 873 ad
1743 839 1870 873 verbum

1124 888 1216 922 inseri
1240 888 1384 927 fecimus,
1403 888 1495 921 etiam
1519 900 1588 922 cum
1606 888 1804 935 suppletione
1816 889 1872 923 de-

1124 938 1262 971 fectuum
1291 936 1532 984 approbavimus
1554 945 1584 971 et
1606 938 1872 978 confirmavimus;

1123 996 1230 1033 postea
1248 999 1320 1021 vero
1343 999 1399 1034 per
1422 986 1558 1032 reliquas
1581 995 1703 1021 nostras
1724 987 1754 1021 in
1774 987 1871 1022 forma

1122 1036 1225 1070 brevis
1252 1036 1354 1070 literas
1369 1037 1475 1070 onmia
1502 1046 1531 1070 et
1554 1037 1678 1083 singula
1701 1037 1872 1083 privilegia,

1123 1086 1352 1132 indulgentias,
1376 1086 1611 1130 immunitates,
1645 1087 1872 1132 exemptiones,

1121 1136 1235 1181 gratias
1257 1144 1286 1170 et
1309 1135 1427 1170 indulta
1457 1147 1676 1182 quaecumque
1699 1136 1774 1183 ipsis
1801 1148 1873 1170 ere-

1123 1185 1206 1219 mitis
1225 1193 1254 1220 et
1277 1197 1385 1220 eorum
1409 1184 1519 1219 Ordini
1543 1197 1579 1220 ac
1606 1185 1764 1229 domibus,
1779 1186 1871 1220 etiam

1122 1242 1194 1269 ante
1217 1235 1407 1270 erectionem
1433 1234 1611 1269 buiusmodi
1627 1234 1770 1279 Ordinis,
1796 1235 1871 1269 dum

1121 1284 1310 1319 eremiticam
1339 1284 1432 1319 vitam
1467 1284 1630 1324 ducerent,
1665 1297 1720 1331 per
1741 1284 1868 1319 eosdem

1121 1333 1245 1368 Sixtum
1264 1342 1294 1368 et
1322 1333 1540 1369 Innocentium
1564 1346 1599 1369 ac
1617 1334 1695 1369 alios
1712 1333 1873 1369 Romanos

1123 1383 1293 1418 Pontifices
1316 1383 1574 1431 praedecessores
1604 1393 1728 1419 nostros
1755 1392 1785 1419 et
1815 1396 1872 1418 nos

1120 1433 1418 1480 quomodocumque
1432 1445 1594 1478 concessa,
1608 1445 1688 1481 quae
1702 1434 1803 1468 omnia
1816 1445 1872 1481 pro

1121 1483 1278 1529 expressis
1293 1482 1398 1517 baberi
1423 1483 1578 1523 volumus,
1593 1483 1776 1518 auctoritate
1793 1495 1873 1529 apo-

1120 1532 1230 1568 stolica
1256 1532 1501 1580 approbavimus
1528 1541 1557 1567 et
1580 1542 1749 1580 perpetuae
1778 1532 1872 1567 robur

1121 1582 1275 1617 firmitatis
1297 1582 1440 1617 obtinere
1466 1582 1674 1617 decrevimus.

1170 1632 1189 1679 S
1214 1637 1243 1666 7.
1267 1632 1305 1666 Et
1329 1633 1402 1679 quia
1424 1632 1499 1667 dicti
1528 1632 1785 1678 praedecessores
1806 1631 1871 1666 sin-

1120 1684 1190 1727 gula
1209 1682 1382 1729 privilegia,
1398 1682 1626 1729 exemptiones,
1646 1682 1871 1722 immunitates,

1121 1732 1332 1778 indulgentias
1354 1740 1383 1766 et
1403 1731 1523 1766 indulta
1543 1743 1761 1779 quaecumque
1775 1731 1872 1767 Prae—

1120 1781 1305 1826 dicatorum,
1328 1781 1498 1821 Minorum,
1521 1781 1732 1816 Eremitarum
1764 1780 1870 1816 Sancti

1119 1830 1287 1877 Augustini
1309 1843 1346 1866 ac
1368 1830 1622 1875 Carmelitarum,
1645 1843 1767 1866 necnon
1801 1830 1870 1865 aliis

1120 1880 1369 1916 Mendicantium
1389 1879 1564 1916 Ordinibus
1590 1889 1621 1915 et
1647 1881 1772 1916 illorum
1796 1892 1871 1927 pro-

1121 1929 1292 1965 fessoribus
1311 1944 1346 1966 ae
1367 1929 1516 1965 domibus
1538 1938 1568 1965 et
1590 1942 1700 1966 eorum
1722 1929 1871 1965 ecclesias

1121 1980 1317 2015 visitantibus
1330 1988 1360 2015 et
1373 1980 1503 2015 cuilibet
1515 1980 1698 2015 eorumdem
1712 1979 1870 2014 ordinum

1121 2030 1417 2077 quomodocumque
1433 2042 1582 2065 concessa
1596 2030 1633 2064 ad
1643 2029 1797 2065 Ordinem
1810 2028 1870 2063 Mi-

1122 2082 1276 2115 nimorum
1295 2079 1475 2115 huiusmodi
1491 2079 1711 2124 extenderunt,
1723 2091 1780 2114 nos
1793 2079 1872 2126 pari-

1122 2139 1167 2165 ter
1189 2142 1296 2164 eorum
1325 2130 1539 2164 extensionem
1560 2129 1827 2173 confirmavimus,
1841 2137 1872 2163 et

1121 2181 1145 2215 si
1168 2192 1247 2228 qnae
1269 2180 1327 2215 alia
1351 2180 1483 2222 indulta,
1503 2179 1663 2226 privilegia
1684 2186 1715 2214 et
1741 2179 1871 2225 gratiae,

1122 2239 1192 2277 post
1215 2229 1317 2264 datan]
1333 2230 1525 2264 extensionis
1539 2228 1735 2273 huiusmodi,
1747 2241 1764 2263 a
1779 2228 1872 2264 dictis

1123 2279 1416 2326 praedecessoribus
1431 2278 1475 2312 vel
1499 2291 1513 2313 3
1533 2279 1625 2314 nobis
1641 2278 1762 2313 eisdem
1775 2277 1872 2313 Ordi-

1123 2329 1214 2364 nibus
1236 2329 1483 2364 Mendicantium
1506 2329 1550 2363 vel
1564 2328 1777 2363 alieuieorum
1793 2340 1872 2363 con-

1121 2392 1207 2414 cessa
1225 2388 1345 2419 essent,
1370 2380 1418 2413 illa
1446 2377 1482 2412 ud
1501 2378 1628 2413 eosdem
1658 2378 1814 2413 Eremitas
1836 2390 1871 2412 ac

1123 2429 1244 2464 illorum
1257 2428 1408 2464 Ordinem
1431 2436 1461 2462 et
1483 2427 1595 2463 domos
1616 2428 1815 2463 extendimus
1841 2437 1871 2462 et

1121 2479 1319 2526 ampliamus,
1341 2492 1376 2513 ac
1399 2478 1476 2526 ipsis
1500 2478 1660 2525 suffragari
1677 2477 1847 2513 volumus
1839 2490 1869 2512 tu

1121 2529 1269 2564 omnibus
1291 2537 1320 2562 et
1344 2541 1398 2575 per
1420 2528 1537 2566 omnia,
1561 2527 1692 2576 perinde
1714 2540 1750 2562 ae
1771 2528 1795 2562 si
1812 2539 1869 2574 pro

1121 2580 1166 2613 eis
1183 2587 1392 2620 emanassent,
1407 2586 1498 2625 prout
1520 2578 1558 2612 in·
1574 2578 1707 2623 singulis
1728 2577 1825 2612 literis
1840 2586 1870 2612 et

328 2625 458 2663 fratrum
486 2627 691 2663 Minimorum
716 2627 894 2676 Pauperum
926 2627 1080 2663 Eremita-
1121 2628 1264 2676 capitulis
1293 2628 1458 2676 praedictis
1477 2628 1600 2677 plenius
1627 2627 1818 2663 continetur.

1887 240 1934 266 An.
1954 239 1980 263 (ρᾸ
2001 239 2060 264 1501

1899 549 1925 569 ΕΛ
1937 549 2066 568 ronl'irmavit

1886 580 2010 602 Alexander.

1893 1649 1944 1671 Ord.
1955 1654 2005 1670 voro
2015 1655 2068 1670 eon-

1886 1681 1942 1701 cedit
1956 1681 2026 1701 omnin
2047 1683 2069 1701 et

1885 1711 1967 1737 singula
1980 1711 2068 1739 privil·-

1886 1742 1997 1768 giaOrtlin.
2006 1741 2067 1763 Men-

1864 1781 1869 1786 ·
1886 1774 2006 1794 dic-antium.
