2281 3251
67 303 115 331 An.
132 302 160 329 C.
180 303 247 330 1520

65 2203 246 2224 Mulierestncon-

63 2235 156 2255 tinentes
173 2237 194 2255 et
205 2239 247 2254 me-

61 2266 150 2286 retrices
158 2265 245 2285 erantin

62 2295 125 2322 Urbe;
145 2297 191 2317 ideo
207 2302 245 2323 pro

62 2333 132 2349 eurum
153 2335 246 2350 conver-

64 2359 121 2381 sione
139 2360 172 2381 hic
187 2359 245 2381 Pon-
272 2368 277 2373 ·

64 2389 112 2412 utex
143 2392 244 2419 quoddam

63 2424 208 2444 monasterium
220 2428 245 2444 e-

62 2453 130 2481 rigere
145 2454 218 2480 voluit,

938 300 998 322 [ΕΟ
1026 300 1047 322 x
1074 299 1124 322 1³1³.

300 355 347 386 bis
374 354 510 394 applicat3
530 370 569 377 —
590 354 616 384 8.
642 353 809 384 Confessori
834 354 1005 384 monialium

299 400 425 438 amplam
443 399 612 429 absolvendi
629 398 795 427 facultatem
815 399 958 432 concedit:
971 416 1007 421 —

299 445 326 474 9.
345 443 562 479 lllonasteriuni,
581 452 785 481 quaecumque
805 443 880 473 bona
900 449 927 473 et
943 453 1007 483 per-

300 498 385 518 sonas
405 487 460 517 sub
480 486 510 516 B.
529 487 604 516 I'etri
625 488 804 525 protectione
828 488 942 527 recipit,
969 506 1007 510 —

299 533 343 563 10.
361 531 560 569 lndulgentias
579 531 622 560 eis
639 536 666 560 et
682 531 918 562 benefactoribus
934 533 1007 562 elar—

298 577 385 616 gitur3
410 576 512 605 -1rt.
535 575 710 605 Executores
735 576 822 605 liuius
846 582 939 607 const.
958 578 1007 607 de-

298 625 388 661 putat.
405 620 506 650 -12,
524 619 661 650 Notitiam
687 620 826 650 habentes
844 621 1005 660 spoliorum

298 665 485 696 meretricum
506 664 636 694 revelare
658 669 801 694 tenentur.
822 682 861 687 —
879 666 924 695 113.
949 666 1004 696 De-

297 710 408 748 rogatio
434 710 658 739 contrariorum.
676 726 714 731 —
733 710 779 739 114.
797 709 881 739 Fides
904 719 1003 740 exem-

298 755 424 795 plorum.

353 831 401 860 Leo
421 829 561 867 episcopus
581 836 676 858 servus
693 836 834 858 servorum
850 829 906 863 Dei.

404 886 437 914 ad
456 886 617 921 perpetuam
635 885 677 913 rei
694 884 860 913 memoriam.

307 957 449 993 Salvator
472 965 577 992 noster
598 957 685 991 Iesus
707 956 866 1002 Christus,
880 957 936 992 Dei
952 957 1006 991 Fi-

88 1016 219 1039 rmi-mium.
259 1008 334 1048 lius,
356 1008 427 1055 qui,
449 1015 609 1054 assumpta
639 1007 844 1045 humanitate,
869 1019 930 1042 non
954 1019 1006 1042 ve-

258 1065 367 1102 nerat,
389 1057 435 1092 Eo
458 1064 613 1101 testante,
643 1057 702 1091 nisi
731 1056 767 1090 ad
802 1069 897 1098 oves,
926 1069 1005 1104 quae

260 1107 429 1155 perierant,
446 1120 508 1141 nou
531 1106 586 1141 abs
609 1119 640 1142 re
663 1107 692 1140 in
716 1106 886 1153 Evangelio
901 1106 1006 1141 Lucae

259 1157 436 1204 parabolam
461 1156 499 1191 de
516 1169 583 1197 ove,
601 1168 680 1203 quae
696 1157 839 1202 perierat,
854 1166 882 1190 et
900 1165 1007 1203 postea

259 1207 382 1241 inventa
411 1216 468 1251 est,
489 1205 660 1253 pharisaeis
675 1214 704 1239 et
720 1205 894 1252 publicanis
921 1218 1007 1239 mnr-

258 1255 455 1291 murantibus
484 1256 568 1302 quod
586 1263 767 1303 peccatores
791 1255 958 1302 recipiebat
977 1263 1006 1289 et

259 1318 330 1340 cum
355 1306 416 1340 illis
438 1305 661 1348 manducabat,
684 1305 814 1339 recitare
842 1304 951 1345 voluit,
976 1312 1007 1338 ut

258 1355 450 1398 ostenderet,
478 1354 588 1389 eodem
617 1354 811 1399 evangelista
835 1362 924 1394 teste,
940 1366 1006 1388 ma-

259 1405 305 1439 ius
327 1404 480 1451 gaudium
498 1416 566 1439 esse
590 1404 620 1438 in
644 1404 731 1439 coelo
754 1416 849 1450 supe1
863 1416 925 1438 uno
942 1416 1008 1450 pec-

258 1463 361 1490 catore
394 1454 617 1509 poenitentiam
640 1461 764 1500 agente,
792 1466 885 1501 quam
913 1466 1008 1501 super

259 1504 545 1550 nonagintanovem
569 1504 658 1538 iustis
681 1503 872 1550 poenitentia
887 1515 949 1537 non
968 1516 1007 1537 ιιι

258 1553 450 1600 digentibus.
480 1552 546 1587 Et
541 1566 571 1587 in
596 1562 715 1587 tantuin
734 1553 950 1587 poenitentiae
964 1565 1007 1587 sa-

259 1612 452 1638 clamentum
464 1603 747 1641 commendaverat
757 1610 791 1636 ut
804 1602 893 1637 beato
905 1602 1007 1644 Petr,o

258 1653 471 1708 apostolorum
495 1652 656 1700 Principi,
673 1652 781 1696 cuius,
804 1652 900 1686 licet
896 1665 1008 1686 tinnie-

258 1704 322 1743 riti,
346 1716 429 1737 vices
457 1714 596 1748 gerimus
624 1715 653 1735 in
678 1702 779 1746 tertis,
802 1702 1006 1748 interroganti

257 1752 403 1800 quotiens
428 1752 545 1799 peccati
570 1752 788 1786 remissionem
811 1751 1008 1786 exhibiturus

257 1811 339 1837 esset
355 1801 582 1849 peccatoribus,
596 1801 791 1849 responderit
807 1802 879 1835 Non
892 1803 1007 1846 septies

258 1854 309 1886 sed
334 1853 501 1897 septuuyies
527 1854 648 1897 septies,
678 1859 726 1894 ut,
750 1863 787 1885 eo
815 1863 948 1885 numero
971 1850 1008 1884 fi-

258 1902 336 1944 nito,
352 1902 470 1936 infinite
488 1902 633 1948 quotiens
646 1901 728 1946 quis,
743 1900 781 1934 atl
795 1912 849 1935 cor
864 1912 1007 1935 reversus

258 1959 288 1985 et
324 1951 494 1985 Dominum
525 1962 763 1997 recognoscens,
784 1950 1006 1996 poenitentiam

258 2000 396 2035 facturus
418 2009 514 2042 esset,
542 2001 569 2035 ei
593 2000 816 2047 poenitentiam
840 2000 1008 2046 iniungen-

258 2050 328 2085 dam
357 2059 388 2086 et
414 2060 616 2099 peccatorum
647 2050 863 2085 remissionem
891 2061 1008 2084 conce-

259 2101 394 2137 dendam
423 2103 488 2138 fore
511 2103 699 2148 designaret.

307 2151 371 2198 gl.
394 2154 459 2189 Nos
476 2154 581 2200 itaque
596 2151 794 2187 attendentes
808 2151 904 2198 quod,
926 2152 1007 2187 sicut

259 2203 320 2238 fide
344 2204 437 2251 digna
466 2204 615 2238 relatione
655 2202 791 2249 plurium
822 2202 1005 2236 notabilium

261 2271 466 2306 personarum
494 2258 699 2306 accepimus,
722 2256 930 2304 quamplures
957 2257 1008 2291 iu-

260 2314 457 2349 coutinentes
479 2321 508 2348 et
531 2314 611 2360 turpi
635 2312 779 2360 quaestui
800 2311 921 2346 deditae
937 2324 1008 2345 mu-

260 2368 363 2413 lieres,
387 2370 415 2403 in
444 2369 524 2403 alma
549 2367 633 2402 Uibe
667 2376 769 2401 nostra
797 2366 959 2413 (legentes,
981 2366 1006 2400 si

259 2423 392 2471 aliquem
428 2423 609 2470 religiosum
638 2421 741 2456 locum
770 2433 823 2456 seu
847 2428 1005 2455 monaste-

259 2479 352 2520 rium,
375 2478 426 2513 ubi
449 2491 466 2513 a
489 2478 570 2524 turpi
595 2486 623 2511 et
647 2476 811 2510 inhonesta
835 2475 895 2510 vita
918 2487 1007 2510 rece-

258 2534 369 2569 dentes
407 2533 482 2568 inibi
523 2532 746 2579 reciperentur,
783 2530 953 2575 baberent,
990 2542 1005 2564 a

257 2589 345 2636 lapsu
379 2588 497 2635 peccati
525 2595 555 2621 et
582 2586 684 2621 carnis
705 2597 775 2620 sese
802 2584 1028 2632 quamplures,

258 2643 463 2687 retraherent,
490 2649 519 2677 el.
547 2650 703 2688 [amquam
733 2652 820 2679 Oves,
847 2652 927 2687 quae
950 2651 1006 2686 pe-

258 2697 396 2746 rierant,
418 2709 522 2733 coram
550 2696 687 2732 Domino
711 2695 741 2730 in
764 2694 892 2731 odorem
916 2694 1006 2730 holo-

1676 288 1745 320 743

1047 355 1142 389 causti
1168 367 1221 401 per
1245 353 1466 401 poenitentiam
1490 352 1591 388 offerri
1614 360 1796 400 possent,et

1049 414 1149 440 castae
1165 404 1315 451 deinceps
1330 403 1474 448 vivendo,
1487 403 1555 438 Deo
1571 411 1693 447 gratum
1705 401 1797 436 cxlii-

1050 454 1158 489 bcrent
1181 454 1383 497 famulatum,
1405 465 1493 488 more
1511 453 1550 500 pii
1567 451 1668 487 Patris
1689 460 1718 486 et
1741 451 1796 485 Pa-

1048 504 1140 539 storis
1169 503 1287 549 providi
1317 515 1422 538 curam
1452 502 1490 537 dc
1518 502 1629 537 ovibus
1657 513 1795 549 pereun-

1049 553 1131 588 tibus
1170 553 1341 596 babentes,
1369 561 1399 587 et
1437 553 1610 587 animarum
1646 550 1798 600 periculis

1048 615 1244 647 succurrere,
1259 615 1293 637 ac
1311 602 1467 649 pereunti,
1483 613 1521 636 ne
1537 609 1654 648 pereat,
1668 612 1795 636 manum

1051 653 1222 699 porrigere3
1244 660 1273 686 et
1311 652 1492 698 praesertim
1526 651 1681 686 foemineo
1709 650 1796 685 sexui

1048 710 1078 736 et
1101 701 1372 737 incontinentibus
1400 700 1585 736 mulieribus
1606 702 1699 736 vitam
1729 712 1798 735 sor-

1049 752 1153 786 didam
1190 751 1438 798 libidinibusque
1465 759 1495 785 et
1522 750 1695 785 foetoribus
1731 750 1798 797 ple-

1050 814 1119 836 nam
1156 800 1372 841 ducentibus,
1397 801 1426 835 in
1454 800 1535 835 alma
1570 799 1656 835 Urbe
1692 807 1798 834 nostra

1049 851 1264 891 existentibus,
1287 863 1432 897 quarum,
1456 850 1532 896 proli
1556 849 1702 885 dolorlin
1719 849 1796 890 dies,

1051 909 1225 947 temporum
1261 899 1463 945 malignitate,
1492 899 1594 946 copia,
1618 908 1650 934 ut
1673 899 1797 946 accepi-

1049 962 1134 994 mus,
1161 958 1307 996 augetur,
1334 950 1376 988 si,
1405 949 1540 983 Domino
1568 949 1753 997 inspirante,
1780 961 1797 984 a

1049 1000 1137 1046 lapsu
1160 1001 1263 1034 carnis
1285 1007 1315 1034 et
1343 999 1450 1033 mundi
1480 999 1634 1033 illecebris
1653 999 1797 1046 prurien-

1049 1049 1196 1097 tibusque
1225 1049 1438 1096 voluptatibus
1467 1049 1651 1095 resipiscere
1686 1049 1798 1083 volue-

1051 1099 1126 1143 rint,
1152 1099 1203 1134 ubi
1232 1099 1370 1133 Domino
1398 1098 1539 1132 famulari
1563 1107 1592 1132 et
1615 1098 1734 1144 recipi,
1762 1109 1798 1132 ac

1050 1149 1148 1183 instar
1181 1148 1295 1183 Mariae
1329 1147 1532 1193 Magdalenae
1561 1148 1741 1195 peccatricis
1768 1154 1798 1182 et

1049 1198 1254 1245 AEgyptiacae
1288 1197 1512 1244 poenitentiam
1536 1209 1628 1243 agere
1656 1198 1797 1244 possint,

1051 1256 1083 1281 ut
1102 1247 1241 1291 tandem,
1267 1247 1405 1281 Domino
1427 1246 1634 1290 concedente,
1653 1255 1798 1281 aeternae

1050 1298 1128 1331 vitae
1138 1297 1312 1344 praemium
1326 1296 1489 1343 consequi,
1499 1295 1665 1331 etChristo
1679 1307 1798 1343 sponso

1049 1358 1121 1380 cum
1150 1345 1348 1393 lampadibus
1369 1345 1508 1381 accensis
1530 1345 1682 1381 obviam
1676 1358 1719 1380 ire
1744 1358 1798 1380 va-

1050 1395 1149 1439 leant,
1173 1408 1228 1442 pio
1251 1404 1357 1430 nostro
1386 1394 1550 1443 pastoralis
1572 1395 1663 1430 officii
1681 1395 1799 1439 debito,

1050 1457 1113 1493 quo
1129 1457 1187 1480 nec
1203 1445 1351 1488 sanctior,
1366 1457 1424 1480 nec
1445 1444 1511 1479 Deo
1534 1445 1691 1492 acceptior
1709 1445 1799 1480 exbi-

1050 1495 1117 1530 beri
1139 1504 1258 1542 posset,
1274 1503 1450 1542 opportune
1466 1495 1628 1541 providere
1646 1494 1798 1536 volentes;

1050 1553 1081 1579 et
1107 1545 1235 1591 provide
1258 1545 1494 1579 considerantes
1515 1543 1600 1591 quod
1623 1544 1648 1578 si
1671 1544 1799 1591 aliquod

1050 1595 1274 1629 monasterium
1286 1594 1467 1630 earumdem
1483 1594 1664 1635 mulierum,
1681 1594 1799 1629 lubrice

1051 1644 1081 1678 in
1110 1644 1169 1678 hoc
1196 1644 1322 1679 saeculo
1356 1644 1528 1678 viventium
1564 1653 1595 1678 et
1628 1656 1644 1678 a
1672 1652 1799 1690 peccato

1051 1693 1198 1728 recedere
1227 1693 1411 1737 volentium,
1435 1705 1489 1739 pro
1515 1693 1633 1728 eisdem
1657 1693 1798 1728 mulieri-

1051 1743 1110 1778 bus
1142 1743 1171 1777 in
1206 1743 1340 1790 praefata
1368 1743 1447 1777 alma
1476 1742 1562 1778 Urbe
1584 1751 1688 1777 nostra
1711 1752 1740 1778 et
1766 1743 1798 1777 in

1049 1793 1163 1847 aliquo,
1188 1805 1328 1839 congruo
1360 1802 1390 1827 et
1425 1793 1610 1827 condecenti
1641 1792 1709 1827 loco
1743 1805 1798 1840 pro

1052 1842 1228 1898 receptione
1263 1844 1414 1889 ipsarum,
1439 1850 1471 1877 ut
1507 1841 1572 1876 Deo
1605 1842 1746 1877 famulari
1769 1851 1799 1877 et

1051 1893 1277 1938 poenitentiam
1309 1904 1401 1938 agere
1431 1892 1568 1939 possint,
1591 1891 1678 1925 sub
1673 1904 1799 1927 invoca-

1051 1943 1134 1977 tione
1162 1942 1303 1977 eiusdem
1323 1943 1432 1977 beatae
1454 1942 1569 1976 Mariae
1583 1941 1797 1988 Magdalenae,

1050 1993 1242 2038 erigeretur3
1266 2001 1295 2026 et
1318 1993 1403 2040 ipsae
1427 1991 1630 2037 recipiendae
1635 1970 1799 2026 Dmulieres

1051 2043 1202 2078 moniales
1225 2043 1336 2083 forent,
1360 2054 1395 2077 ac
1416 2041 1475 2076 sub
1497 2041 1617 2087 Regula
1641 2041 1721 2076 beati
1736 2042 1799 2076 Au-

1049 2094 1164 2139 gustini
1188 2103 1217 2127 et
1243 2100 1392 2140 perpetua
1416 2091 1571 2135 clausura,
1586 2102 1622 2125 ac
1638 2091 1697 2125 sub
1712 2103 1798 2133 cura,

1051 2149 1202 2195 regimine
1224 2157 1253 2183 et
1282 2147 1455 2182 directione
1491 2146 1622 2180 fratrum
1650 2146 1800 2183 Minimo-

1051 2216 1118 2238 rurn
1155 2203 1236 2238 beati
1268 2202 1425 2237 Francisci
1448 2201 1486 2235 (le
1514 2200 1621 2245 Paula,
1644 2201 1674 2235 in
1703 2202 1798 2238 domo

1049 2271 1103 2292 seu
1131 2265 1288 2293 conventu
1316 2256 1541 2291 Sanctissimae
1563 2256 1724 2291 Trinitatis
1760 2257 1798 2292 de

1048 2312 1134 2348 Urbe
1157 2313 1187 2347 in
1210 2312 1316 2347 Monte
1340 2312 1451 2346 Pincio
1474 2310 1657 2356 degentium
1682 2323 1798 2358 perpe-

1050 2374 1102 2402 tuo
1138 2374 1379 2415 permanerent;
1407 2374 1437 2400 et
1464 2365 1542 2399 bona
1579 2377 1797 2413 quaecumque

1049 2435 1133 2458 nunc
1155 2431 1184 2458 et
1207 2435 1262 2470 pro
1284 2430 1438 2468 tempore,
1461 2419 1546 2455 dicto
1569 2420 1718 2466 erigendo
1733 2434 1797 2456 mo-

1050 2478 1197 2519 nasterio,
1221 2490 1275 2524 per
1298 2477 1462 2522 utriusque
1490 2487 1582 2509 sexus
1604 2475 1795 2510 christifide-

1048 2533 1093 2567 les
1120 2545 1174 2567 seu
1210 2532 1285 2567 alias
1313 2531 1441 2577 elargita
1464 2542 1518 2565 seu
1547 2529 1737 2576 elargienda,
1759 2542 1796 2566 ac

1048 2587 1218 2635 spectantia
1235 2594 1265 2621 et
1283 2585 1488 2633 pertinentia,
1511 2597 1566 2632 per
1588 2591 1725 2620 rectores
1740 2597 1796 2621 so·-

1048 2642 1169 2677 cietatis
1196 2653 1252 2676 seu
1286 2640 1548 2675 confraternitatis
1577 2639 1794 2675 sanctissimae

1048 2694 1218 2743 Caritatis,
1247 2707 1349 2744 nuper
1378 2695 1406 2729 in
1441 2693 1576 2744 praefata
1601 2693 1682 2730 alma
1709 2692 1794 2731 Urbe

1810 296 1860 323 An.
1877 295 1906 322 C.
1927 295 1992 323 ¹520
