2281 3251
238 244 289 272 An.
305 243 335 272 C.
355 244 421 273 1817

256 708 341 730 necui.
360 710 425 736 dupu-

243 742 301 761 tatio.

264 1858 421 1880 contr-‹ioru-

286 1890 400 1917 derogatio.

487 232 557 267 698

437 299 543 335 nentia
565 295 795 334 reformationis
810 302 841 330 et
865 305 933 328 vera
958 292 1099 340 Regulae
1127 291 1185 326 ob-

439 349 590 385 servantia
622 359 657 382 ac
690 346 783 380 buius
804 353 929 379 nostrae
955 341 1186 377 constitutionis

439 399 540 435 debita
563 397 758 438 executione,
786 393 987 430 accommoda
1026 392 1187 426 iudicave-

439 451 512 493 riut,
528 449 556 483 in
577 459 673 481 unum
694 444 889 490 recolligant,
912 441 1115 490 approbanda
1133 454 1187 489 per

440 508 538 535 totum
555 495 794 545 capituluni,x'el
806 495 955 529 maiorem
973 502 1092 540 partem
1107 493 1189 526 eius-

439 550 522 593 dem,
544 560 579 582 ac
608 546 730 581 taudem
756 557 810 591 per
832 557 889 579 nos
911 544 1101 591 apostolicae
1115 554 1188 577 con-

441 597 626 634 firmationis
650 595 821 644 patrocinio
844 593 1024 628 munienda.

488 648 508 697 5
536 650 590 683 19.
614 646 653 682 Et
677 645 883 680 nibilominus
905 643 1057 678 moderno
1076 651 1106 678 et
1133 654 1189 689 pro

441 708 580 745 tempore
595 697 742 732 existenti
759 694 910 731 Gamerae
923 693 1126 742 Apostolicae
1141 705 1190 739 ge·

440 748 536 784 nerali
559 747 712 789 auditori,
736 757 859 780 necnon
883 744 1040 779 universis
1065 742 1190 778 arebie-

441 798 580 846 piscopis
602 805 631 832 et
658 796 862 832 ecclesiarum
886 794 1044 843 praelatis,
1063 806 1098 829 ac
1120 793 1192 841 qui-

442 850 640 895 buscumque
663 847 695 881 in
719 846 871 893 dignitate
893 845 1104 880 ecclesiastica
1119 856 1193 878 con-

442 898 559 934 stitutis
586 897 754 945 personis,
782 908 837 944 per
872 895 1043 942 apostolica
1074 895 1191 941 scripta

441 948 628 984 mandamus
663 955 818 994 quatenus
846 946 904 992 ipsi
927 953 956 980 et
983 957 1093 979 eorum
1126 944 1193 979 sin-

442 999 507 1046 guli
538 1006 718 1045 praesentes
745 1004 868 1031 nostras
896 995 1000 1030 literas
1028 1003 1057 1029 et
1091 995 1121 1029 in
1149 994 1194 1029 eis

443 1056 589 1084 contenta
605 1059 838 1096 quaecumque,
858 1045 910 1081 ubi
925 1054 955 1080 et
968 1045 1096 1093 quaudo
1115 1057 1194 1092 opus

443 1099 546 1139 suerit,
573 1110 608 1133 ac
629 1098 775 1145 quotiens
803 1109 859 1142 pro
888 1105 972 1142 parte
995 1095 1068 1129 ‹licti
1091 1107 1194 1141 gene-

445 1150 518 1185 ralis
542 1161 578 1183 ac
594 1147 832 1196 provincialium
856 1147 1070 1181 ministrorum
1095 1144 1194 1180 refor-

444 1209 600 1234 matorum
635 1210 690 1232 seu
726 1197 861 1232 alicuius
880 1209 988 1231 eorum
1017 1207 1114 1242 super
1136 1195 1195 1230 boc

444 1249 587 1297 requisiti
611 1248 738 1287 suerint,
769 1247 952 1282 solemniter
981 1246 1194 1292 publicantes,

444 1300 552 1346 eisquc
580 1299 610 1333 in
635 1298 817 1346 praemissis
844 1297 979 1331 cllicacis
1001 1295 1196 1330 defensionis

445 1348 602 1397 praesidio
623 1348 815 1393 assistentes,
838 1347 951 1381 saciant
974 1359 1028 1380 eos
1050 1345 1196 1379 omnibus

445 1408 475 1434 et
496 1399 628 1445 singulis
656 1398 824 1445 praedictis
852 1398 979 1443 pacifice
996 1396 1052 1430 srui
1077 1405 1105 1429 et
1118 1409 1196 1442 gau·

445 1449 537 1493 dere,
566 1461 627 1482 non
653 1449 870 1495 permittentes
897 1459 950 1481 eos
978 1446 1114 1492 desuper
1143 1458 1197 1492 per

446 1510 677 1547 quoscumque,
693 1498 802 1545 quavis
817 1498 1000 1532 auctoritate.
1018 1496 1196 1539 fungentes,

446 1548 684 1596 quomodolibet
707 1547 846 1582 indebite
869 1546 1039 1581 molestari.
1062 1545 1198 1581 Contra-

446 1599 585 1634 dictores
608 1611 662 1645 per
685 1610 834 1633 censuras
851 1596 1080 1632 ecclesiasticas
1094 1605 1123 1630 et
1140 1595 1196 1630 alia

447 1648 525 1683 iuris
552 1647 702 1693 remedia,
731 1648 874 1683 invocato
901 1646 939 1681 ad
964 1647 1023 1681 boc
1045 1646 1150 1687 etiam,
1172 1646 1197 1680 si

448 1711 529 1745 opus
551 1699 656 1742 suerit,
671 1698 789 1733 auxilio
803 1696 920 1732 braebii
945 1696 1127 1740 saecularis,
1142 1708 1199 1743 ap-

448 1749 618 1797 pellatione
642 1748 825 1795 postposita,
848 1746 1093 1796 compescendo.

499 1799 519 1847 g
539 1802 597 1834 20.
620 1798 689 1833 Non
719 1797 920 1833 obstantibus
947 1796 1200 1844 quibuscumque

449 1849 548 1885 literis
570 1848 751 1896 apostolicis
778 1856 808 1883 et
831 1847 980 1890 indultis,
1003 1847 1094 1881 etiam
1121 1846 1199 1880 sacri

449 1899 573 1936 concilii
607 1897 880 1942 Constantiensis,
902 1897 1001 1931 dictae
1026 1896 1202 1942 Religionis

450 1949 617 1992 fratribus,
646 1947 770 1983 familiis
787 1975 796 1992 ,
823 1946 1124 1993 congregationibus
1150 1954 1202 1980 aut

450 2000 542 2035 alicui
570 2011 703 2043 eorum,
724 1999 788 2033 sive
812 1997 934 2032 illarum
964 1996 1147 2030 auctoribus
1174 2004 1203 2029 et

452 2049 706 2087 institutoribus.
726 2047 987 2083 conventualibus
1016 2048 1081 2080 sive
1104 2046 1203 2080 resor-

453 2106 543 2141 matis
567 2112 621 2140 aut
649 2104 687 2139 de
707 2103 840 2139 Familia
868 2101 1031 2146 fratribus,
1051 2099 1111 2135 snb
1134 2101 1205 2148 qui-

453 2160 562 2196 busvis
583 2159 752 2194 verborum
767 2158 887 2202 formis,
909 2155 1161 2192 solemnitatibus
1176 2163 1206 2189 et

454 2215 605 2251 clausulis
633 2213 817 2249 fortioribus
837 2220 867 2248 et
886 2211 1030 2255 insolitis,
1047 2209 1206 2245 concessis

1024 236 1210 261 Batauum
1234 235 1393 258 nonaum!

1231 341 1283 376 ubi
1307 352 1387 386 opus
1410 339 1515 378 suerit,
1542 338 1674 383 deferre,
1696 345 1750 371 etc.

1278 390 1361 425 Nulli
1390 401 1466 436 ergo
1488 389 1618 423 omnino
1638 387 1802 423 bominum
1826 394 1878 421 etc.

1278 440 1311 476 Si
1335 440 1406 487 quis
1427 447 1533 473 autem
1557 439 1616 473 boc
1643 445 1796 473 attentare
1817 444 1869 471 etc.

1279 490 1395 525 Datum
1413 489 1532 524 Romae
1555 488 1638 536 apud
1661 488 1814 523 Sanctum
1838 486 1981 528 Petrum,

1230 553 1313 576 anno
1344 539 1574 575 Incarnationis
1606 538 1782 572 dominicae
1813 537 1982 572 millesimo

1231 590 1484 639 quingentesimo
1500 588 1626 624 decimo
1637 588 1785 636 septimo,
1796 586 1983 623 ivkalendas

1233 641 1324 682 iunii,
1353 640 1555 688 pontificatus
1584 639 1680 673 nostri
1704 649 1786 672 anno
1812 649 1845 671 v.

1282 704 1344 735 Dat.
1366 703 1414 734 die
1435 703 1474 734 29
1491 702 1561 733 maii
1581 701 1667 739 1517,
1689 700 1791 741 pontis.
1814 708 1891 730 anno
1908 709 1935 731 v.

1506 861 1639 898 xxviii
1661 864 1718 907 (1).

1237 947 1412 983 Iurisdictio
1433 945 1598 980 camerarii
1623 951 1648 978 et
1670 944 1845 978 clericorum
1867 943 1906 977 R.
1929 943 1989 978 Ga-

1286 1009 1386 1032 merae
1401 997 1596 1042 Apostolicae
1618 996 1651 1028 in
1672 995 1771 1028 causis
1788 1002 1814 1028 et
1830 993 1989 1027 contracti-

1286 1049 1339 1082 bus
1352 1047 1554 1081 cameralibus
1576 1052 1601 1079 et
1622 1045 1778 1090 yuberniis
1800 1045 1936 1078 locorum
1949 1043 1990 1077 eis

1285 1099 1525 1132 commissorum.
1546 1096 1672 1129 Necnon
1685 1101 1711 1128 et
1731 1095 1922 1140 confirmatio
1938 1105 1990 1127 or-

1286 1149 1480 1182 dinationum
1500 1158 1555 1192 per
1576 1147 1692 1179 eosdem
1713 1146 1836 1179 clericos
1869 1155 1928 1189 pro
1941 1144 1990 1188 fe-

1286 1199 1387 1233 liciori
1410 1198 1553 1232 Gamerae
1579 1197 1727 1241 reyimt'ne
1753 1195 1906 1229 editarum
1932 1195 1989 1238 (2).

1506 1266 1721 1299 summumst

1237 1334 1310 1371 Eug.
1329 1332 1366 1363 IV
1390 1336 1418 1362 et
1438 1331 1539 1362 Innoc.
1559 1329 1623 1360 Vttl
1646 1329 1835 1360 declararunt
1860 1336 1993 1358 camera-

1278 1380 1354 1408 rium
1379 1382 1407 1408 et
1438 1377 1563 1407 clericos
1591 1384 1727 1413 magnam
1757 1373 1992 1404 iurisdictionem

1280 1423 1399 1453 babere.
1417 1439 1456 1444 —
1472 1422 1499 1451 1.
1518 1421 1574 1451 Sed
1598 1425 1695 1450 tamen
1719 1419 1809 1458 aliqui
1830 1418 1994 1448 excitarunt

1280 1467 1403 1497 dubium
1425 1467 1472 1496 hic
1491 1466 1627 1495 relatum.
1642 1481 1681 1487 -
1698 1464 1725 1493 2.
1741 1463 1793 1494 Hic
1817 1464 1903 1492 modo
1919 1462 1994 1492 Pon-

1281 1512 1359 1548 tifex,
1374 1512 1430 1540 dic.
1445 1510 1566 1540 dubium
1583 1509 1738 1539 submovet
1756 1512 1784 1537 et
1799 1506 1932 1537 decernit
1947 1515 1995 1536 eo-

1280 1566 1345 1586 rum
1363 1556 1599 1585 iurisdictionem
1623 1563 1689 1583 esse
1707 1561 1911 1592 quascumque
1924 1560 1995 1581 cau-

1281 1610 1328 1631 sas
1342 1601 1503 1630 summarie
1516 1604 1566 1630 etc.
1580 1598 1777 1637 cognoscendi
1791 1602 1819 1627 et
1829 1596 1996 1634 decidendi;

1280 1662 1318 1667 —
1333 1645 1360 1675 3.
1376 1643 1560 1675 Officialibus
1578 1642 1868 1674 contravenientibus
1885 1650 1995 1681 poenas

1282 1690 1487 1729 infligit3—4.
1504 1688 1626 1719 Clericis
1642 1688 1802 1728 praedictis
1818 1687 1996 1726 guberuium

1283 1735 1477 1775 quarumdam
1503 1739 1647 1765 terrarum
1672 1733 1756 1764 Sedis
1772 1733 1873 1772 Apost.
1891 1741 1998 1771 appro-

1283 1781 1333 1811 bat
1348 1784 1376 1810 et
1395 1781 1495 1810 iterato
1509 1780 1676 1817 committit3
1690 1796 1730 1801 —
1747 1778 1774 1808 5.
1794 1777 1998 1808 Emolumenta

1285 1826 1354 1856 dicti
1378 1825 1515 1864 gubernii
1545 1825 1657 1855 indicat
1678 1829 1706 1854 et
1728 1823 1875 1861 concedi13
1902 1839 1942 1845 -
1971 1822 1999 1852 6.

1284 1870 1524 1901 Iurisdictionem
1549 1879 1639 1910 super
1661 1868 1798 1899 omnibus
1818 1867 2000 1905 dolianeriis,

1285 1915 1516 1955 appaltatoribus
1532 1918 1582 1944 etc.
1598 1914 1710 1944 eisdem
1727 1913 1841 1950 tribuit;
1855 1929 1894 1935 —-
1907 1913 1933 1942 Ἴ.
1944 1911 2002 1942 Fa-

1288 1964 1427 1991 cultatem
1457 1961 1582 1999 singulis
1613 1961 1697 1991 annis
1728 1965 1834 1995 terras,
1863 1968 1945 1989 arces
1974 1963 2002 1989 et

1287 2008 1381 2038 officia
1413 2006 1496 2037 Sedis
1520 2008 1620 2046 Apost.
1650 2006 1786 2036 visitandi
1810 2009 1860 2034 etc.
1889 2004 2000 2034 confir-

1288 2058 1357 2091 mat3
1373 2069 1412 2075 —
1430 2053 1457 2082 8.
1480 2052 1579 2082 Solam
1598 2051 1698 2083 bullae
1717 2052 1899 2090 signaturam
1922 2049 2002 2081 suffi-

1288 2109 1355 2130 cere
1378 2098 1518 2129 decernit.
1894 2102 1897 2104 ·

1371 2168 1420 2196 Leo
1439 2167 1511 2204 Papa
1528 2167 1561 2200 x,
1580 2161 1799 2203 motu-proprio.
1819 2166 1875 2195 etc.

1994 231 2044 258 Λη.
2062 230 2091 256 C.
2111 230 2177 257 ¹517

1230 298 1353 325 nostras
1365 296 1545 336 praesentes
1560 288 1665 323 literas
1677 286 1714 321 ad
1729 285 1886 334 quaelibet
1900 285 1980 331 loca,
1996 293 2179 346 Trausffrtorum

1298 2233 1387 2268 Licet
1415 2232 1513 2267 felicis
1533 2230 1757 2266 recordationis
1783 2229 1946 2275 Eugenius
1960 2228 2002 2263 lv
2029 2237 2109 2264 zugon.
2132 2236 2161 2258 tv
2179 2240 2202 2257 οι

1251 2291 1280 2318 et
1319 2283 1523 2317 Innocentius
1553 2281 1641 2322 Vttl,
1669 2280 1802 2315 Romani
1832 2279 2001 2314 Pontifices
2015 2268 2202 2324 ζῗζζῖηζιὲξξξ

1253 2333 1510 2381 praedecessores
1526 2332 1636 2377 nostri,
1650 2330 1777 2378 provida
1791 2330 2000 2377 dispositione
2016 2334 2093 2369 retium
2113 2335 2135 2354 0¹
2155 2332 2202 2354 ⁰¹⁸·

1252 2383 1477 2419 declaraverint
1518 2383 1614 2417 totius
1653 2381 1815 2416 christiani
1851 2380 1938 2415 orbis
1972 2388 2002 2414 et
2015 2368 2202 2417 iissifiici¹1¹33⁰iff¹

1288 2457 1327 2492 (1)
1343 2458 1415 2485 Haec
1428 2457 1518 2484 Const.
1537 2463 1678 2483 numerum
1695 2455 1720 2481 in
1738 2455 1814 2482 Rom.
1833 2454 1904 2481 Edit.
1921 2461 2003 2481 xxvn
2016 2427 2074 2449 Νη

1254 2497 1333 2524 babet
1359 2498 1396 2533 (a.
1424 2498 1474 2532 r).
1513 2498 1551 2532 (2)
1578 2497 1615 2524 De
1639 2496 1796 2523 clericorum
1822 2495 2004 2522 iurisdictione

1254 2539 1307 2565 dixi
1329 2540 1353 2565 in
1370 2539 1561 2566 constitutione
1580 2545 1627 2564 xvi
1646 2537 1787 2565 Alexandri
1801 2537 1846 2568 vt,
1859 2538 1924 2569 Etsi,
1942 2544 2001 2572 pag.

1254 2580 1304 2607 597
1322 2580 1400 2608 buius
1425 2581 1500 2608 tomi.
1526 2580 1596 2607 Alias
1620 2580 1744 2607 Gamerae
1760 2577 1941 2605 ordinationes
1959 2581 2003 2605 at-

1256 2620 1333 2648 tende
1359 2622 1385 2648 in
1411 2621 1521 2657 Eugenii
1546 2621 1581 2650 IV
1606 2619 1794 2648 constitutione
1809 2626 1887 2653 xvn,
1907 2621 2004 2653 Inter,

1256 2673 1312 2702 pag.
1331 2664 1365 2692 52
1384 2662 1504 2691 eiusdem
1521 2662 1593 2690 tomi.

455 2284 509 2306 seu
540 2270 642 2305 forsan
659 2269 688 2303 in
712 2268 852 2303 futurum
876 2265 1100 2305 concedendis,
1115 2265 1205 2299 etiam

456 2326 481 2361 si
518 2324 595 2359 tales
622 2324 742 2364 forent,
765 2323 849 2371 qnod
873 2322 911 2357 de
944 2321 1005 2356 illis
1034 2332 1207 2366 eorumque

457 2382 531 2418 totis
555 2379 718 2417 tenoribus
732 2378 889 2426 specialis,
912 2389 1071 2425 expressa,
1094 2375 1209 2409 indivi-

459 2436 518 2472 dua
538 2449 573 2472 ac
595 2435 634 2471 de
661 2435 754 2470 verbo
776 2433 815 2469 ad
844 2433 973 2468 verbum
995 2431 1112 2468 mentio
1127 2440 1208 2466 esset

459 2488 1210 2538 babenda,quibus,quoadpraemissa,expresse

461 2547 663 2596 derogamus,
691 2545 867 2592 ceterisque
890 2543 1054 2580 contrariis
1075 2541 1211 2590 quibus-

463 2614 613 2650 cumque.

512 2661 528 2702 5
554 2659 612 2692 21.
640 2655 803 2703 Ceterum,
825 2655 899 2704 quia
915 2653 1042 2690 difficile
1064 2651 1213 2689 sorethas
