2281 3251
257 279 304 302 Ao.
323 276 351 303 C.
374 277 439 304 1215ss

296 385 393 407 uincula

249 1841 364 1865 brueria«
395 1840 419 1860 lx

237 1875 274 1895 1³¹⁰
306 1877 392 1890 ιἰῐιυιιιι

236 1905 292 1920 tione
313 1904 418 1928 nuyphir

236 1937 267 1952 tuf

507 265 573 299 122

501 336 572 375 ἐῢ.
601 331 702 367 Cuius
733 332 861 378 quidem
897 332 1018 366 meritis
1055 344 1201 366 summus

452 389 483 415 et
509 382 712 429 omnipotens
733 381 864 416 Creator
883 381 1023 416 omnium
1039 380 1138 418 Deus,
1157 394 1200 416 re-

453 440 637 466 munerator
662 431 836 466 animarum
866 430 1020 470 fidelium,
1041 431 1144 465 caecis
1161 432 1200 464 vi-

451 492 543 524 sum,
582 480 686 517 surdis
720 481 880 524 auditum,
919 481 1015 514 mutis
1055 479 1198 527 loquelae

451 529 601 571 officium,
629 530 751 566 claudis
777 542 935 577 gressum.
965 530 1123 576 naufragis
1150 542 1200 576 pe-

450 580 722 628 riclitantibusque
741 589 864 628 portum
887 579 998 614 salutis
1021 580 1153 614 restituit
1168 588 1197 614 et

450 629 590 672 indulsit,
618 630 657 665 ab
685 629 857 664 immundis
879 641 1008 677 quoque
1035 630 1198 676 spiritibus

448 679 617 718 obsessos
645 679 791 718 furiosos
827 679 968 717 rabidos
995 687 1025 714 et
1056 687 1198 714 amentes

447 737 540 777 atque
562 729 715 764 diabolica
742 728 852 764 fraude
879 741 1047 776 oppressos
1072 730 1197 775 penitus

448 778 608 818 liberaiit
636 779 829 813 diversarum
857 791 986 826 quoque
1013 779 1196 825 aegritudi-

447 841 521 863 num
551 828 769 864 incurabilium
801 829 881 863 mole
917 828 1069 869 subactis
1103 841 1192 876 para-

446 878 566 925 lyticis,
594 878 778 922 contractis,
815 878 975 922 tremulis,
1011 878 1194 924 languidis,

447 928 588 962 invalidis
613 936 644 963 et
666 927 799 962 infirmis
825 928 989 963 sanitatem
1008 929 1193 969 restituam,

444 977 526 1024 qnod
555 977 763 1013 admiratione
791 978 924 1013 maxima
959 977 1089 1024 dignum
1124 987 1193 1023 est,

444 1026 549 1073 plures
564 1036 705 1063 mortuos
722 1028 894 1067 suscitaxiu
909 1027 966 1062 alia
983 1029 1077 1063 etiam
1096 1028 1191 1062 midta

443 1077 605 1118 miracula,
633 1090 714 1124 quae
749 1078 845 1124 ipsius
871 1077 968 1113 sancti
1009 1078 1128 1113 meritis
1161 1086 1191 1113 et

442 1127 590 1174 precibus
616 1127 761 1162 sublimis
796 1128 883 1163 Deus
909 1137 1055 1174 operatus
1082 1136 1127 1162 est
1162 1138 1190 1162 et

441 1186 590 1224 operatur
616 1177 646 1211 in
670 1177 759 1216 dies,
791 1178 816 1213 si
846 1191 899 1224 per
925 1177 1046 1224 singula
1078 1190 1190 1212 recen-

440 1238 510 1262 sere
538 1226 699 1265 vellemus,
733 1227 856 1274 longius
880 1227 1012 1262 nimium
1046 1227 1075 1261 in
1105 1228 1190 1274 ipso-

440 1289 508 1311 rum
539 1277 722 1312 recitatione
752 1277 912 1324 prolixitas
939 1277 1113 1313 resultaret.

487 1327 557 1369 §st
586 1326 663 1372 Sed,
691 1339 728 1361 nc
761 1326 888 1375 quidem
911 1339 963 1363 ea.
990 1339 1070 1373 quae
1098 1339 1190 1374 prae.-

437 1376 518 1410 clara
541 1387 568 1411 et
590 1376 772 1412 admiranda
792 1386 877 1414 sunt.
899 1376 1020 1411 devotis
1043 1376 1190 1412 fidelibus

439 1426 521 1460 illins
560 1426 684 1474 singula
720 1436 806 1472 gesta
844 1428 946 1473 legere
987 1427 1188 1474 cupientibus

436 1476 620 1512 abscondita
649 1476 735 1514 fiant,
760 1476 915 1515 libellum,
944 1477 972 1510 in
997 1489 1061 1523 quo
1083 1477 1186 1512 omnia

437 1525 570 1560 fideliter
609 1527 751 1561 annotari
791 1527 989 1566 curavimus
1020 1539 1078 1561 nna
1115 1539 1186 1561 cum

437 1576 640 1632 processibus
667 1589 763 1623 supet
796 1577 978 1624 praemissis
1012 1576 1186 1616 confectis

435 1638 514 1673 qnos
538 1626 566 1660 in
585 1626 753 1661 archivio
747 1628 848 1674 ipsius
870 1626 1029 1662 Ecclesiae
1052 1627 1088 1660 ad
1115 1639 1187 1674 per—

437 1685 560 1722 pelllan]
597 1689 638 1711 ΙῬΙ
664 1677 847 1711 memoriam
882 1677 1060 1711 ΟΟΙΙΞΡῙΊῖΗί
1091 1689 1187 1712 111311-

436 1725 592 1766 (lavimus,
620 1735 768 1774 poterunt
797 1726 946 1761 lectitare.

483 1775 504 1823 S
523 1778 554 1810 7.
570 1776 701 1816 Verum,
723 1776 793 1823 qnia
812 1776 894 1811 idem
919 1775 1092 1811 l’araclitus
1109 1776 1185 1824 Spi-

437 1826 532 1870 ritus,
559 1827 612 1873 qui
646 1835 782 1862 mentem
821 1826 914 1861 huius
951 1826 1105 1873 praesulis
1135 1827 1183 1861 sui

398 1881 418 1890 Γ
436 1875 564 1910 luminis
589 1876 728 1911 claritate
757 1876 898 1921 replerit,
930 1884 960 1909 et
991 1876 1043 1922 qni
1072 1888 1183 1910 sacro—

434 1934 558 1960 sanctae
573 1925 732 1961 Ecclesiae
746 1925 918 1961 catholicae
933 1925 1093 1973 profutura
1110 1938 1183 1971 prae-

435 1976 527 2019 sidet,
541 1975 593 2010 din
612 1976 705 2011 latere.
723 1988 783 2010 non
801 1977 889 2020 sinit,
905 1975 1005 2010 bonae
1020 1976 1183 2010 meritoria

435 2024 603 2060 Ricardum
631 2027 835 2073 episcopum,
865 2037 987 2060 necnon
1025 2025 1180 2060 decanum

431 2084 460 2108 et
494 2075 668 2122 capitulum
705 2076 808 2110 dictae
843 2075 1003 2110 Ecclesiae
1030 2074 1180 2110 Saresbe·

433 2130 542 2164 riensis
565 2142 599 2163 ac
631 2130 710 2165 alios
739 2129 892 2177 plurimos
917 2141 1028 2175 graves
1050 2129 1180 2177 Deoque.

431 2185 560 2217 devotos
576 2184 658 2219 viros
681 2184 842 2232 inspirarit
866 2183 1028 2219 divinitus.
1053 2192 1082 2218 ιιι
1112 2196 1180 2218 5ιιιι-

431 2245 495 2271 stae
521 2237 596 2272 Sedi
632 2239 832 2286 Apostolirae.
871 2239 1038 2286 praemissa
1075 2239 1178 2273 omnia

431 2299 502 2326 nota
532 2292 681 2332 facerent,
709 2305 744 2328 ac
773 2292 874 2328 eidem
902 2292 998 2337 Sedi,
1025 2293 1073 2326 cui
1104 2300 1178 2326 tune

428 2344 602 2392 Gregorius
631 2346 714 2394 Papa
737 2360 850 2387 nonus,
875 2345 1097 2394 praedecessor
1120 2359 1178 2381 no·

427 2410 501 2445 ster,
531 2402 738 2449 praesidebat,
774 2402 936 2437 humiliter
961 2400 1176 2449 supplicarent

429 2464 471 2495 nt,
489 2457 576 2503 prius
591 2469 646 2504 per
661 2457 729 2491 illos
745 2458 825 2491 viros
843 2469 952 2503 graves
971 2465 1000 2491 et
1019 2464 1177 2503 expertos,

427 2510 544 2557 quibus
584 2510 612 2544 id
651 2511 780 2546 duceret
819 2510 1105 2551 committendum,
1139 2510 1177 2544 dc

428 2565 634 2600 sanctimonia
661 2566 749 2609 ritae,
775 2565 941 2600 virtutibus
962 2578 997 2600 ac
1018 2564 1177 2599 miraculis

426 2620 567 2654 eiusdem
590 2620 730 2668 episcopi
748 2620 882 2666 receptis
903 2619 1177 2654 informationibus

425 2683 454 2711 et
490 2674 620 2708 testibus
648 2673 708 2708 fide
736 2674 850 2720 dignis,
875 2682 963 2721 prout
1001 2682 1103 2709 tantae
1133 2672 1174 2707 rei

1030 277 1217 300 nt'LLAtttcnt
1241 277 1399 300 ROMANUM

1241 332 1374 378 gravitas
1396 332 1551 378 exigebat,
1567 345 1640 367 eum
1664 339 1844 368 sanctorum
1861 331 1918 367 Dei
1938 344 1993 368 ca-

1242 381 1368 429 thalogo
1389 381 1568 417 adscribere
1587 381 1780 428 dignaretur,
1805 382 1885 416 idem
1907 394 1993 430 prae-

1241 430 1401 486 decessor,
1436 431 1603 466 intendens
1626 433 1655 466 in
1686 431 1866 466 huiusmodi
1885 443 1991 474 causa,

1242 481 1325 516 iuxta
1354 481 1396 515 rei
1427 481 1691 536 magnitudinem
1719 493 1790 515 cum
1807 480 1912 517 debita
1939 481 1992 516 de-

1241 530 1426 565 liberatione
1448 540 1478 566 et
1504 532 1683 566 maturitate
1720 530 1904 577 procedere,
1938 531 1988 566 bo.

1241 592 1281 613 ιιι.
1311 579 1520 615 Bachoniensi
1552 589 1581 616 et
1608 581 1838 615 Comenuensi
1866 581 1990 628 episco-

1240 629 1288 676 pis
1335 641 1371 664 ac
1405 629 1509 665 abbati
1549 630 1728 666 monasterii
1765 629 1804 665 de
1842 629 1988 678 Stanley.

1237 691 1346 713 eornm
1372 679 1509 726 propriis
1531 679 1718 715 nominibus
1735 692 1796 715 non
1819 683 1989 728 expressis,

1236 729 1302 763 suis
1329 728 1415 763 dedit
1443 730 1553 764 litteris
1582 730 1610 763 in
1635 729 1803 772 mandatis,
1831 739 1863 764 ιιι
1891 742 1989 777 super

1237 778 1295 813 rita
1312 787 1341 813 et
1365 779 1522 814 miraculis
1545 779 1726 815 huiusmodi
1749 778 1917 826 diligenter
1939 781 1989 814 in-

1235 828 1395 874 quirerent
1419 838 1448 863 et
1475 841 1509 864 se
1537 829 1752 873 informarent,
1774 841 1810 864 ac
1831 829 1987 876 quidquid

1237 890 1292 924 per
1315 878 1554 925 inquisitionem
1582 887 1612 913 et
1635 878 1886 914 informationem
1920 879 1988 914 hu-

1235 928 1370 963 iusmodi
1407 928 1446 963 de
1473 929 1679 964 sanctimonia
1707 937 1801 976 atque
1829 928 1988 964 miraculis

1233 977 1373 1013 eiusdem
1392 979 1538 1013 antistitis
1561 979 1748 1019 invenirent,
1772 978 1899 1014 veritate
1921 978 1987 1014 ful-

1233 1027 1307 1071 ciri,
1333 1036 1362 1062 et
1397 1037 1496 1063 totum
1528 1027 1641 1063 exinde
1665 1028 1830 1063 formatum
1856 1041 1986 1076 proces-

1233 1090 1316 1116 sum,
1339 1090 1448 1113 eorum
1471 1078 1583 1124 sigillis
1607 1078 1761 1112 munitum
1778 1077 1815 1112 ad
1835 1078 1984 1114 eumdem

1234 1127 1510 1173 praedecessorem
1535 1129 1729 1163 remitterent
1756 1139 1811 1175 per
1832 1140 1903 1163 eum
1927 1141 1986 1163 ex-

1231 1177 1433 1212 aminandum
1457 1177 1631 1213 secundum
1655 1177 1842 1224 exigentiam
1860 1186 1889 1213 et
1911 1190 1984 1214 con-

1232 1227 1396 1262 tinentiam
1426 1228 1622 1262 meritorum.

1279 1278 1349 1317 §8
1380 1277 1584 1312 Postmodum
1623 1290 1695 1312 xero
1733 1277 1860 1325 praefati
1895 1289 1984 1312 eom-

1231 1325 1375 1363 missarii.
1403 1327 1440 1361 ad
1465 1328 1685 1362 executionem
1710 1328 1881 1363 litterarum
1907 1327 1982 1362 dicti

1231 1376 1503 1423 praedecessoris,
1538 1378 1620 1412 iuxta
1656 1377 1891 1413 commissionis
1919 1376 1983 1412 for-

1231 1437 1311 1460 mam
1340 1427 1386 1461 eis
1413 1427 1556 1462 traditam
1585 1440 1681 1474 super
1715 1427 1784 1471 his,
1819 1438 1899 1475 quae
1926 1439 1982 1474 pro

1230 1474 1412 1510 huiusmodi
1452 1478 1578 1511 ienitate
1618 1476 1831 1523 investiganda
1871 1489 1982 1511 neces-

1228 1526 1306 1560 saria
1335 1535 1434 1565 erant
1463 1526 1601 1572 legitime
1630 1527 1849 1574 procedentes,
1884 1538 1920 1560 ac
1941 1526 1982 1561 de

1228 1576 1436 1610 sanctimonia
1467 1577 1545 1611 vitae
1572 1585 1600 1611 et
1630 1576 1790 1611 miraculis
1816 1576 1889 1610 dicti
1917 1576 1981 1610 Os-

1228 1626 1337 1660 mundi
1374 1626 1514 1673 episcopi
1546 1626 1730 1672 diligentius
1760 1626 1980 1674 inquirentes.

1228 1675 1398 1711 nonnullos
1421 1684 1517 1710 testes
1541 1676 1641 1711 bonae
1657 1676 1815 1723 opinionis
1840 1684 1870 1710 et
1891 1674 1980 1710 famte

1227 1737 1300 1759 cnm
1324 1738 1372 1763 ea,
1394 1739 1453 1773 qua
1482 1725 1626 1769 decebat,
1653 1726 1827 1761 attentione.
1854 1733 1884 1760 et
1906 1724 1978 1760 ‹lili-

1226 1776 1331 1821 gentia
1349 1776 1580 1815 examinarunt:
1603 1788 1737 1823 quorum
1763 1774 1979 1823 depositiones

1225 1833 1255 1858 et
1278 1826 1494 1860 attestationes
1522 1826 1552 1860 in
1587 1825 1777 1861 authenticis
1811 1825 1978 1872 scripturis

1226 1874 1381 1913 redactae,
1397 1875 1427 1909 in
1446 1875 1584 1910 archivio
1606 1875 1709 1910 dictae
1725 1874 1885 1910 Ecclesiae
1905 1887 1978 1910 con-

1224 1933 1364 1959 sensatae
1393 1937 1447 1972 per
1469 1934 1552 1960 certa
1577 1934 1716 1972 tempora
1743 1933 1976 1959 ιοιιιιιιι5ιιιιιιι

1274 1974 1342 2020 ξι).
1361 1973 1397 2009 Et
1421 1974 1490 2009 licet
1513 1987 1550 2009 ex
1580 1983 1662 2022 post,
1687 1975 1836 2009 satietate.
1858 1983 1975 2030 tempo·

1223 1994 1292 2057 rniii
1324 2036 1360 2058 ac
1389 2024 1549 2072 phrisque
1580 2024 1648 2059 aliis
1675 2024 1880 2059 causantibus
1913 2025 1975 2059 im·-

1224 2073 1426 2120 pedimentis,
1451 2088 1478 2109 ιιι
1511 2074 1691 2109 huiusmodi
1715 2086 1806 2108 causa
1840 2074 1974 2108 ulterius

1223 2140 1404 2173 processum
1429 2141 1489 2163 non
1516 2128 1635 2173 fuisset,
1659 2127 1866 2164 nihilominus
1894 2138 1973 2176 post-

1223 2181 1351 2216 modum
1394 2184 1643 2218 canonizationis
1682 2195 1774 2218 cansa
1814 2182 1971 2230 praedicta

1221 2247 1325 2271 coram
1362 2236 1462 2272 bonae
1485 2238 1656 2272 memoriae
1683 2237 1804 2283 Augeto
1829 2236 1971 2280 Corario,

1221 2291 1250 2324 in
1275 2291 1443 2326 universali
1463 2292 1601 2327 Ecclesia
1625 2292 1776 2340 episcopo
1800 2301 1874 2326 tunc
1889 2290 1971 2326 Gre-

1219 2346 1307 2391 gorio
1322 2344 1391 2390 Xll,
1411 2346 1440 2380 in
1464 2358 1520 2382 sua
1543 2346 1733 2386 obedientia,
1756 2345 1795 2380 de
1813 2358 1874 2393 qua
1899 2358 1970 2392 par-

1219 2408 1264 2434 tes
1287 2399 1356 2435 illae
1380 2410 1453 2436 tunc
1474 2410 1572 2441 erant,
1597 2409 1788 2449 nuncupato,
1807 2401 1919 2448 primo,
1939 2409 1969 2435 ct

1218 2457 1407 2498 successive,
1451 2469 1506 2504 pro
1534 2465 1619 2503 parte
1659 2455 1758 2490 bonae
1796 2455 1968 2490 memoriae

1219 2508 1343 2544 loannis
1369 2511 1510 2559 episcopi
1544 2509 1791 2545 ac'ditectorum
1830 2509 1966 2544 filiorum

1218 2562 1328 2598 decani
1352 2574 1380 2600 et
1414 2565 1541 2612 capituli
1564 2563 1825 2603 saresberiensis,
1860 2575 1965 2598 coram

1218 2617 1286 2664 piae
1309 2631 1368 2652 mc.
1399 2618 1533 2654 Martino
1555 2618 1638 2666 Papa
1655 2617 1691 2662 Y,
1711 2618 1803 2653 etiam
1829 2617 1966 2665 praede—

1217 2684 1340 2708 cessore
1369 2682 1485 2715 nostro,
1509 2673 1687 2722 proposita,
1721 2685 1755 2707 ac
1784 2672 1965 2720 praemissis

2010 273 2060 300 Αιι.
2078 275 2108 302 C.
2123 276 2190 304 tutto

2031 1288 2152 1310 processus.

1998 1984 2028 2005 Ast
2037 1984 2126 2010 (ἧι-οἶοι,
2137 1984 2172 2006 ΧΗ

1989 2020 2010 2037 et
2025 2016 2136 2037 Martinam
2157 2016 2170 2036 V

1989 2053 2023 2068 res
2039 2048 2162 2074 perducitur
