<?xml version="1.0" encoding="UTF-8"?>
<!DOCTYPE html PUBLIC "-//W3C//DTD XHTML 1.0 Transitional//EN"
    "http://www.w3.org/TR/xhtml1/DTD/xhtml1-transitional.dtd">
<html xmlns="http://www.w3.org/1999/xhtml" xml:lang="en" lang="en">
 <head>
  <title>
</title>
<meta http-equiv="Content-Type" content="text/html;charset=utf-8" />
  <meta name='ocr-system' content='tesseract 3.04.00' />
  <meta name='ocr-capabilities' content='ocr_page ocr_carea ocr_par ocr_line ocrx_word'/>
</head>
<body>
  <div class='ocr_page' id='page_1' title='image "./bullarumdiplomat05cath_0063.png"; bbox 0 0 2281 3251; ppageno 0'>
   <div class='ocr_carea' id='block_1_1' title="bbox 110 273 2048 547">
    <p class='ocr_par' dir='ltr' id='par_1_1' title="bbox 110 273 2048 547">
     <span class='ocr_line' id='line_1_1' title="bbox 110 273 2048 312; baseline 0.002 -5"><span class='ocrx_word' id='word_1_1' title='bbox 110 281 160 308; x_wconf 79' lang='grc' dir='ltr'><strong>Αη.</strong></span> <span class='ocrx_word' id='word_1_2' title='bbox 177 280 206 307; x_wconf 89' lang='lat' dir='ltr'><strong>c.</strong></span> <span class='ocrx_word' id='word_1_3' title='bbox 225 279 292 308; x_wconf 73' lang='grc'>11159</span> <span class='ocrx_word' id='word_1_4' title='bbox 931 280 1090 304; x_wconf 70' lang='grc' dir='ltr'><strong>ευῦΒΝιυε</strong></span> <span class='ocrx_word' id='word_1_5' title='bbox 1117 281 1151 303; x_wconf 86' lang='grc' dir='ltr'><strong>ιν</strong></span> <span class='ocrx_word' id='word_1_6' title='bbox 1178 281 1225 304; x_wconf 67' lang='lat'><strong>1³12.</strong></span> <span class='ocrx_word' id='word_1_7' title='bbox 1756 273 1802 306; x_wconf 74' lang='lat'><strong>45</strong></span> <span class='ocrx_word' id='word_1_8' title='bbox 1867 284 1916 310; x_wconf 67' lang='lat' dir='ltr'><strong>An.</strong></span> <span class='ocrx_word' id='word_1_9' title='bbox 1936 284 1962 311; x_wconf 89' lang='lat' dir='ltr'><strong>c.</strong></span> <span class='ocrx_word' id='word_1_10' title='bbox 1983 285 2048 312; x_wconf 67' lang='grc'>11311</span> 
     </span>
     <span class='ocr_line' id='line_1_2' title="bbox 307 334 1851 383; baseline 0.001 -12"><span class='ocrx_word' id='word_1_11' title='bbox 307 336 430 371; x_wconf 83' lang='lat' dir='ltr'><strong>auferre</strong></span> <span class='ocrx_word' id='word_1_12' title='bbox 448 335 598 382; x_wconf 82' lang='lat' dir='ltr'><strong>dignatus</strong></span> <span class='ocrx_word' id='word_1_13' title='bbox 619 343 677 376; x_wconf 74' lang='lat' dir='ltr'><strong>est,</strong></span> <span class='ocrx_word' id='word_1_14' title='bbox 701 342 731 369; x_wconf 91' lang='lat' dir='ltr'><strong>et</strong></span> <span class='ocrx_word' id='word_1_15' title='bbox 753 335 806 381; x_wconf 90' lang='lat' dir='ltr'><strong>qui</strong></span> <span class='ocrx_word' id='word_1_16' title='bbox 830 334 902 370; x_wconf 89' lang='lat' dir='ltr'><strong>facit</strong></span> <span class='ocrx_word' id='word_1_17' title='bbox 923 347 1058 370; x_wconf 88' lang='lat' dir='ltr'><strong>concor·</strong></span> <span class='ocrx_word' id='word_1_18' title='bbox 1100 335 1305 375; x_wconf 87' lang='lat' dir='ltr'><strong>christianus,</strong></span> <span class='ocrx_word' id='word_1_19' title='bbox 1332 334 1482 370; x_wconf 91' lang='lat' dir='ltr'><strong>omnibus</strong></span> <span class='ocrx_word' id='word_1_20' title='bbox 1508 335 1590 370; x_wconf 89' lang='lat' dir='ltr'><strong>odiis</strong></span> <span class='ocrx_word' id='word_1_21' title='bbox 1622 336 1774 383; x_wconf 80' lang='lat' dir='ltr'><strong>bellisque</strong></span> <span class='ocrx_word' id='word_1_22' title='bbox 1796 349 1851 372; x_wconf 81' lang='lat' dir='ltr'><strong>ex-</strong></span> 
     </span>
     <span class='ocr_line' id='line_1_3' title="bbox 306 384 1849 432; baseline 0 -12"><span class='ocrx_word' id='word_1_23' title='bbox 306 385 413 420; x_wconf 91' lang='lat' dir='ltr'><strong>diam</strong></span> <span class='ocrx_word' id='word_1_24' title='bbox 406 397 436 420; x_wconf 87' lang='grc'><strong>111</strong></span> <span class='ocrx_word' id='word_1_25' title='bbox 459 385 662 429; x_wconf 80' lang='lat' dir='ltr'>sublimibus,</span> <span class='ocrx_word' id='word_1_26' title='bbox 685 391 714 419; x_wconf 91' lang='lat' dir='ltr'><strong>et</strong></span> <span class='ocrx_word' id='word_1_27' title='bbox 737 396 900 432; x_wconf 89' lang='lat' dir='ltr'><strong>perquem</strong></span> <span class='ocrx_word' id='word_1_28' title='bbox 923 384 951 419; x_wconf 93' lang='grc'><strong>111</strong></span> <span class='ocrx_word' id='word_1_29' title='bbox 977 393 1056 419; x_wconf 80' lang='lat' dir='ltr'><strong>terra</strong></span> <span class='ocrx_word' id='word_1_30' title='bbox 1102 385 1219 425; x_wconf 71' lang='lat' dir='ltr'><strong>tinctis,</strong></span> <span class='ocrx_word' id='word_1_31' title='bbox 1243 393 1350 420; x_wconf 90' lang='lat' dir='ltr'><strong>mutua</strong></span> <span class='ocrx_word' id='word_1_32' title='bbox 1379 385 1512 419; x_wconf 88' lang='lat' dir='ltr'><strong>invicem</strong></span> <span class='ocrx_word' id='word_1_33' title='bbox 1549 397 1625 432; x_wconf 89' lang='lat' dir='ltr'><strong>pace</strong></span> <span class='ocrx_word' id='word_1_34' title='bbox 1656 393 1687 420; x_wconf 87' lang='lat' dir='ltr'><strong>et</strong></span> <span class='ocrx_word' id='word_1_35' title='bbox 1718 386 1849 422; x_wconf 80' lang='lat' dir='ltr'><strong>fraterna</strong></span> 
     </span>
     <span class='ocr_line' id='line_1_4' title="bbox 307 434 1614 483; baseline 0 -14"><span class='ocrx_word' id='word_1_36' title='bbox 307 447 366 483; x_wconf 84' lang='lat' dir='ltr'><strong>pax</strong></span> <span class='ocrx_word' id='word_1_37' title='bbox 393 444 439 470; x_wconf 86' lang='lat' dir='ltr'><strong>est</strong></span> <span class='ocrx_word' id='word_1_38' title='bbox 456 434 639 470; x_wconf 84' lang='lat' dir='ltr'><strong>homiuibus</strong></span> <span class='ocrx_word' id='word_1_39' title='bbox 661 434 760 469; x_wconf 85' lang='lat' dir='ltr'><strong>bonae</strong></span> <span class='ocrx_word' id='word_1_40' title='bbox 774 434 951 477; x_wconf 84' lang='lat' dir='ltr'><strong>voluntatis,</strong></span> <span class='ocrx_word' id='word_1_41' title='bbox 973 444 1058 482; x_wconf 83' lang='lat' dir='ltr'><strong>opta·</strong></span> <span class='ocrx_word' id='word_1_42' title='bbox 1101 436 1228 470; x_wconf 86' lang='lat' dir='ltr'><strong>caritate</strong></span> <span class='ocrx_word' id='word_1_43' title='bbox 1251 435 1393 482; x_wconf 76' lang='lat' dir='ltr'><strong>quiescat</strong></span> <span class='ocrx_word' id='word_1_44' title='bbox 1415 442 1445 468; x_wconf 92' lang='lat' dir='ltr'><strong>et</strong></span> <span class='ocrx_word' id='word_1_45' title='bbox 1467 435 1614 480; x_wconf 75' lang='lat' dir='ltr'>gaudeat.</span> 
     </span>
     <span class='ocr_line' id='line_1_5' title="bbox 307 483 2030 547; baseline -0.001 -28"><span class='ocrx_word' id='word_1_46' title='bbox 307 485 458 519; x_wconf 89' lang='lat' dir='ltr'><strong>tissimam</strong></span> <span class='ocrx_word' id='word_1_47' title='bbox 474 483 685 519; x_wconf 75' lang='lat' dir='ltr'><strong>Armeniorum</strong></span> <span class='ocrx_word' id='word_1_48' title='bbox 701 483 877 526; x_wconf 85' lang='lat' dir='ltr'><strong>unionem,</strong></span> <span class='ocrx_word' id='word_1_49' title='bbox 899 496 954 518; x_wconf 87' lang='lat' dir='ltr'><strong>sua</strong></span> <span class='ocrx_word' id='word_1_50' title='bbox 978 484 1058 519; x_wconf 83' lang='lat' dir='ltr'><strong>incl&#39;-</strong></span> <span class='ocrx_word' id='word_1_51' title='bbox 1149 490 1164 528; x_wconf 64' lang='lat'>5</span> <span class='ocrx_word' id='word_1_52' title='bbox 1188 487 1220 518; x_wconf 65' lang='lat'><strong>⁹2.</strong></span> <span class='ocrx_word' id='word_1_53' title='bbox 1240 484 1329 531; x_wconf 90' lang='lat' dir='ltr'><strong>Ipsos</strong></span> <span class='ocrx_word' id='word_1_54' title='bbox 1351 492 1454 519; x_wconf 86' lang='lat' dir='ltr'><strong>autem</strong></span> <span class='ocrx_word' id='word_1_55' title='bbox 1475 484 1632 519; x_wconf 83' lang='lat' dir='ltr'><strong>Armenos</strong></span> <span class='ocrx_word' id='word_1_56' title='bbox 1648 484 1771 531; x_wconf 82' lang='lat' dir='ltr'><strong>magnis</strong></span> <span class='ocrx_word' id='word_1_57' title='bbox 1790 485 1850 520; x_wconf 91' lang='lat' dir='ltr'><strong>lau·</strong></span> <span class='ocrx_word' id='word_1_58' title='bbox 1894 496 2030 547; x_wconf 44' lang='lat' dir='ltr'><strong>affixarum</strong></span> 
     </span>
    </p>
   </div>
   <div class='ocr_carea' id='block_1_2' title="bbox 306 532 1060 1075">
    <p class='ocr_par' dir='ltr' id='par_1_2' title="bbox 306 532 1060 1075">
     <span class='ocr_line' id='line_1_6' title="bbox 307 532 1058 574; baseline 0 -6"><span class='ocrx_word' id='word_1_59' title='bbox 307 534 390 569; x_wconf 74' lang='lat' dir='ltr'><strong>labili</strong></span> <span class='ocrx_word' id='word_1_60' title='bbox 431 534 642 574; x_wconf 88' lang='lat' dir='ltr'><strong>miseratione,</strong></span> <span class='ocrx_word' id='word_1_61' title='bbox 665 533 832 568; x_wconf 75' lang='lat' dir='ltr'><strong>concessit.</strong></span> <span class='ocrx_word' id='word_1_62' title='bbox 869 532 1058 568; x_wconf 86' lang='lat' dir='ltr'><strong>Benedictus</strong></span> 
     </span>
     <span class='ocr_line' id='line_1_7' title="bbox 306 582 1058 628; baseline -0.001 -10"><span class='ocrx_word' id='word_1_63' title='bbox 306 583 393 619; x_wconf 86' lang='lat' dir='ltr'><strong>Deus</strong></span> <span class='ocrx_word' id='word_1_64' title='bbox 413 591 443 617; x_wconf 89' lang='lat' dir='ltr'><strong>et</strong></span> <span class='ocrx_word' id='word_1_65' title='bbox 459 582 551 617; x_wconf 83' lang='lat' dir='ltr'><strong>Pater</strong></span> <span class='ocrx_word' id='word_1_66' title='bbox 573 582 701 617; x_wconf 92' lang='lat' dir='ltr'><strong>Domini</strong></span> <span class='ocrx_word' id='word_1_67' title='bbox 727 583 824 617; x_wconf 91' lang='lat' dir='ltr'><strong>nostri</strong></span> <span class='ocrx_word' id='word_1_68' title='bbox 844 582 912 617; x_wconf 76' lang='lat' dir='ltr'><strong>lesu</strong></span> <span class='ocrx_word' id='word_1_69' title='bbox 927 582 1058 628; x_wconf 81' lang='lat' dir='ltr'><strong>Christi,</strong></span> 
     </span>
     <span class='ocr_line' id='line_1_8' title="bbox 307 631 1060 668; baseline 0 0"><span class='ocrx_word' id='word_1_70' title='bbox 307 633 399 668; x_wconf 89' lang='lat' dir='ltr'><strong>Pater</strong></span> <span class='ocrx_word' id='word_1_71' title='bbox 441 632 729 668; x_wconf 83' lang='lat' dir='ltr'><strong>misericordiarum</strong></span> <span class='ocrx_word' id='word_1_72' title='bbox 767 640 796 666; x_wconf 92' lang='lat' dir='ltr'><strong>et</strong></span> <span class='ocrx_word' id='word_1_73' title='bbox 838 631 924 666; x_wconf 87' lang='lat' dir='ltr'><strong>Deus</strong></span> <span class='ocrx_word' id='word_1_74' title='bbox 962 634 1060 668; x_wconf 88' lang='lat' dir='ltr'><strong>totius</strong></span> 
     </span>
     <span class='ocr_line' id='line_1_9' title="bbox 307 680 1057 729; baseline 0 -12"><span class='ocrx_word' id='word_1_75' title='bbox 307 681 545 723; x_wconf 71' lang='lat' dir='ltr'><strong>consolationis,</strong></span> <span class='ocrx_word' id='word_1_76' title='bbox 568 682 621 729; x_wconf 93' lang='lat' dir='ltr'><strong>qui</strong></span> <span class='ocrx_word' id='word_1_77' title='bbox 640 680 821 716; x_wconf 89' lang='lat' dir='ltr'><strong>consolatur</strong></span> <span class='ocrx_word' id='word_1_78' title='bbox 844 694 900 716; x_wconf 91' lang='lat' dir='ltr'><strong>nos</strong></span> <span class='ocrx_word' id='word_1_79' title='bbox 923 682 953 716; x_wconf 92' lang='lat' dir='ltr'><strong>in</strong></span> <span class='ocrx_word' id='word_1_80' title='bbox 972 683 1057 717; x_wconf 87' lang='lat' dir='ltr'><strong>omni</strong></span> 
     </span>
     <span class='ocr_line' id='line_1_10' title="bbox 309 730 1059 779; baseline 0.001 -13"><span class='ocrx_word' id='word_1_81' title='bbox 309 731 511 767; x_wconf 73' lang='lat' dir='ltr'><strong>tribulatione</strong></span> <span class='ocrx_word' id='word_1_82' title='bbox 534 739 649 766; x_wconf 91' lang='lat' dir='ltr'><strong>nostra.</strong></span> <span class='ocrx_word' id='word_1_83' title='bbox 675 730 801 765; x_wconf 83' lang='lat' dir='ltr'><strong>{ntuens</strong></span> <span class='ocrx_word' id='word_1_84' title='bbox 830 743 965 778; x_wconf 89' lang='lat' dir='ltr'><strong>namque</strong></span> <span class='ocrx_word' id='word_1_85' title='bbox 983 732 1059 779; x_wconf 82' lang='lat' dir='ltr'><strong>piis-</strong></span> 
     </span>
     <span class='ocr_line' id='line_1_11' title="bbox 310 780 1059 821; baseline 0 -5"><span class='ocrx_word' id='word_1_86' title='bbox 310 782 410 817; x_wconf 83' lang='lat' dir='ltr'><strong>simus</strong></span> <span class='ocrx_word' id='word_1_87' title='bbox 436 780 594 816; x_wconf 89' lang='lat' dir='ltr'><strong>Dominus</strong></span> <span class='ocrx_word' id='word_1_88' title='bbox 625 780 800 815; x_wconf 83' lang='lat' dir='ltr'><strong>Ecclesiam</strong></span> <span class='ocrx_word' id='word_1_89' title='bbox 823 793 910 814; x_wconf 88' lang='lat' dir='ltr'><strong>suam</strong></span> <span class='ocrx_word' id='word_1_90' title='bbox 931 809 937 821; x_wconf 94' lang='lat'><strong>,</strong></span> <span class='ocrx_word' id='word_1_91' title='bbox 966 781 1059 816; x_wconf 89' lang='lat' dir='ltr'><strong>modo</strong></span> 
     </span>
     <span class='ocr_line' id='line_1_12' title="bbox 310 829 1057 878; baseline 0 -13"><span class='ocrx_word' id='word_1_92' title='bbox 310 830 349 865; x_wconf 84' lang='lat' dir='ltr'><strong>ab</strong></span> <span class='ocrx_word' id='word_1_93' title='bbox 368 831 417 865; x_wconf 90' lang='lat' dir='ltr'><strong>his</strong></span> <span class='ocrx_word' id='word_1_94' title='bbox 443 831 495 877; x_wconf 91' lang='lat' dir='ltr'><strong>qui</strong></span> <span class='ocrx_word' id='word_1_95' title='bbox 519 830 593 865; x_wconf 82' lang='lat' dir='ltr'><strong>foris</strong></span> <span class='ocrx_word' id='word_1_96' title='bbox 614 837 699 870; x_wconf 90' lang='lat' dir='ltr'><strong>suut,</strong></span> <span class='ocrx_word' id='word_1_97' title='bbox 733 829 826 864; x_wconf 92' lang='lat' dir='ltr'><strong>modo</strong></span> <span class='ocrx_word' id='word_1_98' title='bbox 855 829 893 863; x_wconf 82' lang='lat' dir='ltr'><strong>ab</strong></span> <span class='ocrx_word' id='word_1_99' title='bbox 927 831 974 865; x_wconf 87' lang='lat' dir='ltr'><strong>his</strong></span> <span class='ocrx_word' id='word_1_100' title='bbox 1005 831 1057 878; x_wconf 90' lang='lat' dir='ltr'><strong>qui</strong></span> 
     </span>
     <span class='ocr_line' id='line_1_13' title="bbox 311 878 1060 927; baseline 0 -13"><span class='ocrx_word' id='word_1_101' title='bbox 311 881 403 921; x_wconf 87' lang='lat' dir='ltr'><strong>intra,</strong></span> <span class='ocrx_word' id='word_1_102' title='bbox 417 892 477 915; x_wconf 88' lang='lat' dir='ltr'><strong>non</strong></span> <span class='ocrx_word' id='word_1_103' title='bbox 489 880 592 926; x_wconf 68' lang='lat' dir='ltr'><strong>pariis</strong></span> <span class='ocrx_word' id='word_1_104' title='bbox 606 880 714 927; x_wconf 86' lang='lat' dir='ltr'><strong>agitari</strong></span> <span class='ocrx_word' id='word_1_105' title='bbox 730 878 919 920; x_wconf 80' lang='lat' dir='ltr'><strong>turbinibus,</strong></span> <span class='ocrx_word' id='word_1_106' title='bbox 933 888 964 914; x_wconf 89' lang='lat' dir='ltr'><strong>ut</strong></span> <span class='ocrx_word' id='word_1_107' title='bbox 979 880 1060 915; x_wconf 86' lang='lat' dir='ltr'><strong>inter</strong></span> 
     </span>
     <span class='ocr_line' id='line_1_14' title="bbox 312 928 1057 976; baseline 0.001 -13"><span class='ocrx_word' id='word_1_108' title='bbox 312 930 394 976; x_wconf 85' lang='lat' dir='ltr'><strong>ipsas</strong></span> <span class='ocrx_word' id='word_1_109' title='bbox 407 929 559 976; x_wconf 90' lang='lat' dir='ltr'><strong>respirare</strong></span> <span class='ocrx_word' id='word_1_110' title='bbox 570 928 741 976; x_wconf 84' lang='lat' dir='ltr'><strong>angustias,</strong></span> <span class='ocrx_word' id='word_1_111' title='bbox 755 928 832 963; x_wconf 87' lang='lat' dir='ltr'><strong>etad</strong></span> <span class='ocrx_word' id='word_1_112' title='bbox 848 929 1057 964; x_wconf 87' lang='lat' dir='ltr'><strong>resistendum</strong></span> 
     </span>
     <span class='ocr_line' id='line_1_15' title="bbox 312 977 1060 1026; baseline 0 -13"><span class='ocrx_word' id='word_1_113' title='bbox 312 978 420 1013; x_wconf 81' lang='lat' dir='ltr'><strong>sortior</strong></span> <span class='ocrx_word' id='word_1_114' title='bbox 440 990 606 1025; x_wconf 81' lang='lat' dir='ltr'><strong>assurgere</strong></span> <span class='ocrx_word' id='word_1_115' title='bbox 634 978 744 1022; x_wconf 80' lang='lat' dir='ltr'><strong>valeat,</strong></span> <span class='ocrx_word' id='word_1_116' title='bbox 772 977 879 1012; x_wconf 86' lang='lat' dir='ltr'><strong>multis</strong></span> <span class='ocrx_word' id='word_1_117' title='bbox 893 990 960 1013; x_wconf 88' lang='lat' dir='ltr'><strong>eam</strong></span> <span class='ocrx_word' id='word_1_118' title='bbox 985 991 1060 1026; x_wconf 84' lang='lat' dir='ltr'><strong>quo-</strong></span> 
     </span>
     <span class='ocr_line' id='line_1_16' title="bbox 312 1026 1056 1075; baseline 0.001 -13"><span class='ocrx_word' id='word_1_119' title='bbox 312 1028 387 1063; x_wconf 91' lang='lat' dir='ltr'><strong>tidie</strong></span> <span class='ocrx_word' id='word_1_120' title='bbox 406 1027 508 1063; x_wconf 90' lang='lat' dir='ltr'><strong>modis</strong></span> <span class='ocrx_word' id='word_1_121' title='bbox 526 1027 680 1062; x_wconf 91' lang='lat' dir='ltr'><strong>consolari</strong></span> <span class='ocrx_word' id='word_1_122' title='bbox 696 1035 726 1062; x_wconf 87' lang='lat' dir='ltr'><strong>et</strong></span> <span class='ocrx_word' id='word_1_123' title='bbox 743 1026 879 1062; x_wconf 90' lang='lat' dir='ltr'><strong>roborari</strong></span> <span class='ocrx_word' id='word_1_124' title='bbox 896 1028 1056 1075; x_wconf 86' lang='lat' dir='ltr'><strong>dignatur.</strong></span> 
     </span>
    </p>
   </div>
   <div class='ocr_carea' id='block_1_3' title="bbox 1100 533 1853 1062">
    <p class='ocr_par' dir='ltr' id='par_1_3' title="bbox 1100 533 1853 1062">
     <span class='ocr_line' id='line_1_17' title="bbox 1101 533 1851 581; baseline 0.001 -13"><span class='ocrx_word' id='word_1_125' title='bbox 1101 533 1175 568; x_wconf 91' lang='lat' dir='ltr'><strong>dum</strong></span> <span class='ocrx_word' id='word_1_126' title='bbox 1201 534 1378 581; x_wconf 79' lang='lat' dir='ltr'><strong>praeconiis</strong></span> <span class='ocrx_word' id='word_1_127' title='bbox 1400 533 1515 580; x_wconf 84' lang='lat' dir='ltr'><strong>dignos</strong></span> <span class='ocrx_word' id='word_1_128' title='bbox 1545 545 1614 568; x_wconf 82' lang='lat' dir='ltr'><strong>esse</strong></span> <span class='ocrx_word' id='word_1_129' title='bbox 1643 534 1754 568; x_wconf 89' lang='lat' dir='ltr'><strong>merito</strong></span> <span class='ocrx_word' id='word_1_130' title='bbox 1776 546 1851 569; x_wconf 86' lang='lat' dir='ltr'><strong>ccu-</strong></span> 
     </span>
     <span class='ocr_line' id='line_1_18' title="bbox 1100 583 1850 630; baseline 0.001 -12"><span class='ocrx_word' id='word_1_131' title='bbox 1100 595 1218 618; x_wconf 85' lang='lat' dir='ltr'><strong>semus.</strong></span> <span class='ocrx_word' id='word_1_132' title='bbox 1262 583 1303 618; x_wconf 89' lang='lat' dir='ltr'><strong>Ut</strong></span> <span class='ocrx_word' id='word_1_133' title='bbox 1340 583 1475 630; x_wconf 90' lang='lat' dir='ltr'><strong>primum</strong></span> <span class='ocrx_word' id='word_1_134' title='bbox 1512 583 1597 618; x_wconf 90' lang='lat' dir='ltr'><strong>enim</strong></span> <span class='ocrx_word' id='word_1_135' title='bbox 1635 595 1651 618; x_wconf 88' lang='lat' dir='ltr'><strong>a</strong></span> <span class='ocrx_word' id='word_1_136' title='bbox 1688 583 1779 618; x_wconf 90' lang='lat' dir='ltr'><strong>nobis</strong></span> <span class='ocrx_word' id='word_1_137' title='bbox 1813 584 1850 619; x_wconf 89' lang='lat' dir='ltr'><strong>ad</strong></span> 
     </span>
     <span class='ocr_line' id='line_1_19' title="bbox 1101 633 1853 680; baseline 0.001 -14"><span class='ocrx_word' id='word_1_138' title='bbox 1101 633 1255 680; x_wconf 84' lang='lat' dir='ltr'><strong>synodum</strong></span> <span class='ocrx_word' id='word_1_139' title='bbox 1284 633 1424 667; x_wconf 88' lang='lat' dir='ltr'><strong>accersiti</strong></span> <span class='ocrx_word' id='word_1_140' title='bbox 1447 640 1539 676; x_wconf 91' lang='lat' dir='ltr'><strong>sunt,</strong></span> <span class='ocrx_word' id='word_1_141' title='bbox 1568 640 1727 680; x_wconf 89' lang='lat' dir='ltr'><strong>tamquam</strong></span> <span class='ocrx_word' id='word_1_142' title='bbox 1756 634 1853 668; x_wconf 80' lang='lat' dir='ltr'><strong>cccle-</strong></span> 
     </span>
     <span class='ocr_line' id='line_1_20' title="bbox 1101 681 1853 729; baseline 0.003 -13"><span class='ocrx_word' id='word_1_143' title='bbox 1101 683 1241 717; x_wconf 85' lang='lat' dir='ltr'><strong>siasticae</strong></span> <span class='ocrx_word' id='word_1_144' title='bbox 1264 682 1345 716; x_wconf 91' lang='lat' dir='ltr'><strong>avidi</strong></span> <span class='ocrx_word' id='word_1_145' title='bbox 1377 682 1514 723; x_wconf 89' lang='lat' dir='ltr'><strong>unitatis,</strong></span> <span class='ocrx_word' id='word_1_146' title='bbox 1543 681 1743 729; x_wconf 79' lang='lat' dir='ltr'><strong>spectabiles,</strong></span> <span class='ocrx_word' id='word_1_147' title='bbox 1763 682 1853 718; x_wconf 84' lang='lat' dir='ltr'><strong>devo-</strong></span> 
     </span>
     <span class='ocr_line' id='line_1_21' title="bbox 1103 731 1853 767; baseline 0.003 -2"><span class='ocrx_word' id='word_1_148' title='bbox 1103 739 1149 766; x_wconf 89' lang='lat' dir='ltr'><strong>tos</strong></span> <span class='ocrx_word' id='word_1_149' title='bbox 1181 739 1210 766; x_wconf 86' lang='lat' dir='ltr'><strong>et</strong></span> <span class='ocrx_word' id='word_1_150' title='bbox 1237 731 1346 766; x_wconf 90' lang='lat' dir='ltr'><strong>doctos</strong></span> <span class='ocrx_word' id='word_1_151' title='bbox 1373 740 1513 767; x_wconf 88' lang='lat' dir='ltr'><strong>oratores</strong></span> <span class='ocrx_word' id='word_1_152' title='bbox 1549 744 1623 766; x_wconf 92' lang='lat' dir='ltr'><strong>suos</strong></span> <span class='ocrx_word' id='word_1_153' title='bbox 1651 744 1722 766; x_wconf 90' lang='lat' dir='ltr'><strong>cum</strong></span> <span class='ocrx_word' id='word_1_154' title='bbox 1764 732 1853 767; x_wconf 84' lang='lat' dir='ltr'><strong>suffi-</strong></span> 
     </span>
     <span class='ocr_line' id='line_1_22' title="bbox 1101 781 1853 829; baseline 0.001 -15"><span class='ocrx_word' id='word_1_155' title='bbox 1101 781 1196 815; x_wconf 88' lang='lat' dir='ltr'><strong>cienti</strong></span> <span class='ocrx_word' id='word_1_156' title='bbox 1221 781 1378 822; x_wconf 88' lang='lat' dir='ltr'><strong>mandato,</strong></span> <span class='ocrx_word' id='word_1_157' title='bbox 1405 782 1443 816; x_wconf 87' lang='lat' dir='ltr'><strong>dc</strong></span> <span class='ocrx_word' id='word_1_158' title='bbox 1466 781 1671 829; x_wconf 81' lang='lat' dir='ltr'><strong>suscipiendo</strong></span> <span class='ocrx_word' id='word_1_159' title='bbox 1708 781 1853 816; x_wconf 75' lang='lat' dir='ltr'><strong>videlieet</strong></span> 
     </span>
     <span class='ocr_line' id='line_1_23' title="bbox 1101 829 1851 877; baseline 0.003 -14"><span class='ocrx_word' id='word_1_160' title='bbox 1101 830 1252 877; x_wconf 90' lang='lat' dir='ltr'><strong>quicquid</strong></span> <span class='ocrx_word' id='word_1_161' title='bbox 1281 829 1420 876; x_wconf 88' lang='lat' dir='ltr'><strong>Spiritus</strong></span> <span class='ocrx_word' id='word_1_162' title='bbox 1441 831 1578 866; x_wconf 90' lang='lat' dir='ltr'><strong>Sanctus</strong></span> <span class='ocrx_word' id='word_1_163' title='bbox 1606 831 1686 865; x_wconf 86' lang='lat' dir='ltr'><strong>hanc</strong></span> <span class='ocrx_word' id='word_1_164' title='bbox 1712 839 1851 866; x_wconf 85' lang='lat' dir='ltr'><strong>sanctam</strong></span> 
     </span>
     <span class='ocr_line' id='line_1_24' title="bbox 1100 879 1853 927; baseline 0.003 -14"><span class='ocrx_word' id='word_1_165' title='bbox 1100 880 1256 927; x_wconf 78' lang='lat' dir='ltr'><strong>synodum</strong></span> <span class='ocrx_word' id='word_1_166' title='bbox 1293 879 1524 920; x_wconf 81' lang='lat' dir='ltr'><strong>illustraverit,</strong></span> <span class='ocrx_word' id='word_1_167' title='bbox 1560 893 1597 915; x_wconf 83' lang='lat' dir='ltr'><strong>ex</strong></span> <span class='ocrx_word' id='word_1_168' title='bbox 1632 880 1853 916; x_wconf 82' lang='lat' dir='ltr'><strong>remotissimis</strong></span> 
     </span>
     <span class='ocr_line' id='line_1_25' title="bbox 1102 927 1852 985; baseline 0.004 -23"><span class='ocrx_word' id='word_1_169' title='bbox 1102 927 1283 974; x_wconf 69' lang='lat' dir='ltr'><strong>resrionibus</strong></span> <span class='ocrx_word' id='word_1_170' title='bbox 1312 930 1510 975; x_wconf 89' lang='lat' dir='ltr'><strong>permultos</strong></span> <span class='ocrx_word' id='word_1_171' title='bbox 1547 929 1668 964; x_wconf 90' lang='lat' dir='ltr'><strong>labores</strong></span> <span class='ocrx_word' id='word_1_172' title='bbox 1696 930 1852 985; x_wconf 82' lang='lat' dir='ltr'><strong>marisque</strong></span> 
     </span>
     <span class='ocr_line' id='line_1_26' title="bbox 1102 977 1852 1025; baseline 0.003 -13"><span class='ocrx_word' id='word_1_173' title='bbox 1102 977 1258 1025; x_wconf 87' lang='lat' dir='ltr'><strong>pericula,</strong></span> <span class='ocrx_word' id='word_1_174' title='bbox 1280 979 1317 1013; x_wconf 90' lang='lat' dir='ltr'><strong>ad</strong></span> <span class='ocrx_word' id='word_1_175' title='bbox 1343 991 1400 1013; x_wconf 88' lang='lat' dir='ltr'><strong>nos</strong></span> <span class='ocrx_word' id='word_1_176' title='bbox 1439 987 1468 1013; x_wconf 83' lang='lat' dir='ltr'><strong>et</strong></span> <span class='ocrx_word' id='word_1_177' title='bbox 1496 979 1554 1013; x_wconf 89' lang='lat' dir='ltr'><strong>hoc</strong></span> <span class='ocrx_word' id='word_1_178' title='bbox 1583 991 1705 1014; x_wconf 88' lang='lat' dir='ltr'><strong>sacrum</strong></span> <span class='ocrx_word' id='word_1_179' title='bbox 1742 980 1852 1014; x_wconf 89' lang='lat' dir='ltr'><strong>conci-</strong></span> 
     </span>
     <span class='ocr_line' id='line_1_27' title="bbox 1101 1027 1411 1062; baseline 0.003 -1"><span class='ocrx_word' id='word_1_180' title='bbox 1101 1028 1177 1062; x_wconf 91' lang='lat' dir='ltr'><strong>lium</strong></span> <span class='ocrx_word' id='word_1_181' title='bbox 1201 1027 1411 1062; x_wconf 87' lang='lat' dir='ltr'><strong>destinarunt.</strong></span> 
     </span>
    </p>
   </div>
   <div class='ocr_carea' id='block_1_4' title="bbox 106 1076 2053 1184">
    <p class='ocr_par' dir='ltr' id='par_1_4' title="bbox 106 1076 2053 1184">
     <span class='ocr_line' id='line_1_28' title="bbox 359 1076 2053 1125; baseline 0 -13"><span class='ocrx_word' id='word_1_182' title='bbox 359 1078 380 1125; x_wconf 64' lang='lat' dir='ltr'><strong>g</strong></span> <span class='ocrx_word' id='word_1_183' title='bbox 409 1082 438 1112; x_wconf 82' lang='grc'><strong>1.</strong></span> <span class='ocrx_word' id='word_1_184' title='bbox 467 1077 543 1112; x_wconf 85' lang='lat' dir='ltr'><strong>Nam</strong></span> <span class='ocrx_word' id='word_1_185' title='bbox 571 1085 600 1111; x_wconf 80' lang='lat' dir='ltr'><strong>et</strong></span> <span class='ocrx_word' id='word_1_186' title='bbox 634 1076 753 1124; x_wconf 90' lang='lat' dir='ltr'><strong>pridem</strong></span> <span class='ocrx_word' id='word_1_187' title='bbox 790 1087 933 1122; x_wconf 86' lang='lat' dir='ltr'><strong>magnam</strong></span> <span class='ocrx_word' id='word_1_188' title='bbox 975 1078 1057 1112; x_wconf 90' lang='lat' dir='ltr'><strong>illam</strong></span> <span class='ocrx_word' id='word_1_189' title='bbox 1150 1077 1180 1123; x_wconf 67' lang='lat' dir='ltr'><strong>S.</strong></span> <span class='ocrx_word' id='word_1_190' title='bbox 1205 1079 1237 1111; x_wconf 76' lang='lat'><strong>3.</strong></span> <span class='ocrx_word' id='word_1_191' title='bbox 1254 1077 1319 1112; x_wconf 91' lang='lat' dir='ltr'><strong>Nos</strong></span> <span class='ocrx_word' id='word_1_192' title='bbox 1335 1089 1410 1113; x_wconf 89' lang='lat' dir='ltr'><strong>vero</strong></span> <span class='ocrx_word' id='word_1_193' title='bbox 1433 1085 1493 1113; x_wconf 91' lang='lat' dir='ltr'><strong>tota</strong></span> <span class='ocrx_word' id='word_1_194' title='bbox 1512 1085 1628 1117; x_wconf 87' lang='lat' dir='ltr'><strong>mente,</strong></span> <span class='ocrx_word' id='word_1_195' title='bbox 1653 1086 1683 1112; x_wconf 90' lang='lat' dir='ltr'><strong>ut</strong></span> <span class='ocrx_word' id='word_1_196' title='bbox 1708 1086 1850 1113; x_wconf 89' lang='lat' dir='ltr'><strong>nostrum</strong></span> <span class='ocrx_word' id='word_1_197' title='bbox 1880 1087 1924 1114; x_wconf 73' lang='lat' dir='ltr'><strong>Qua</strong></span> <span class='ocrx_word' id='word_1_198' title='bbox 1954 1087 2053 1112; x_wconf 66' lang='lat' dir='ltr'><strong>heman·-</strong></span> 
     </span>
     <span class='ocr_line' id='line_1_29' title="bbox 106 1121 2053 1184; baseline 0.001 -22"><span class='ocrx_word' id='word_1_199' title='bbox 106 1129 296 1184; x_wconf 50' lang='lat' dir='ltr'><strong>eziflffieflrffl·</strong></span> <span class='ocrx_word' id='word_1_200' title='bbox 310 1126 503 1162; x_wconf 90' lang='lat' dir='ltr'><strong>Graecorum</strong></span> <span class='ocrx_word' id='word_1_201' title='bbox 529 1127 689 1165; x_wconf 90' lang='lat' dir='ltr'><strong>unionem,</strong></span> <span class='ocrx_word' id='word_1_202' title='bbox 713 1125 826 1160; x_wconf 89' lang='lat' dir='ltr'><strong>multas</strong></span> <span class='ocrx_word' id='word_1_203' title='bbox 853 1125 944 1172; x_wconf 86' lang='lat' dir='ltr'><strong>longe</strong></span> <span class='ocrx_word' id='word_1_204' title='bbox 979 1127 1059 1161; x_wconf 85' lang='lat' dir='ltr'><strong>late-</strong></span> <span class='ocrx_word' id='word_1_205' title='bbox 1102 1127 1255 1173; x_wconf 83' lang='lat' dir='ltr'><strong>pastorale</strong></span> <span class='ocrx_word' id='word_1_206' title='bbox 1274 1126 1404 1162; x_wconf 88' lang='lat' dir='ltr'><strong>decebat</strong></span> <span class='ocrx_word' id='word_1_207' title='bbox 1424 1127 1588 1171; x_wconf 83' lang='lat' dir='ltr'><strong>officium,</strong></span> <span class='ocrx_word' id='word_1_208' title='bbox 1611 1127 1774 1174; x_wconf 87' lang='lat' dir='ltr'><strong>cupientes</strong></span> <span class='ocrx_word' id='word_1_209' title='bbox 1790 1136 1850 1163; x_wconf 86' lang='lat' dir='ltr'><strong>tarn</strong></span> <span class='ocrx_word' id='word_1_210' title='bbox 1867 1121 1935 1169; x_wconf 50' lang='lat'><strong>22220,</strong></span> <span class='ocrx_word' id='word_1_211' title='bbox 1947 1123 1992 1169; x_wconf 56' lang='lat'><strong>{2¹:²⁵</strong></span> <span class='ocrx_word' id='word_1_212' title='bbox 2022 1123 2053 1138; x_wconf 70' lang='lat'><strong>‘¹&#39;</strong></span> 
     </span>
    </p>
   </div>
   <div class='ocr_carea' id='block_1_5' title="bbox 107 1192 292 1243">
    <p class='ocr_par' dir='ltr' id='par_1_5' title="bbox 107 1192 292 1243">
     <span class='ocr_line' id='line_1_30' title="bbox 107 1192 292 1214; baseline -0.012 -1"><span class='ocrx_word' id='word_1_213' title='bbox 107 1197 181 1214; x_wconf 74' lang='lat' dir='ltr'><strong>menos</strong></span> <span class='ocrx_word' id='word_1_214' title='bbox 196 1193 225 1213; x_wconf 73' lang='lat' dir='ltr'><strong>nit</strong></span> <span class='ocrx_word' id='word_1_215' title='bbox 243 1192 292 1212; x_wconf 86' lang='lat' dir='ltr'><strong>uni-</strong></span> 
     </span>
     <span class='ocr_line' id='line_1_31' title="bbox 113 1225 155 1243; baseline -0.048 0"><span class='ocrx_word' id='word_1_216' title='bbox 113 1225 155 1243; x_wconf 76' lang='lat' dir='ltr'><strong>tos.</strong></span> 
     </span>
    </p>
   </div>
   <div class='ocr_carea' id='block_1_6' title="bbox 299 1175 1057 1902">
    <p class='ocr_par' dir='ltr' id='par_1_6' title="bbox 299 1175 1057 1902">
     <span class='ocr_line' id='line_1_32' title="bbox 310 1175 1057 1223; baseline -0.001 -12"><span class='ocrx_word' id='word_1_217' title='bbox 310 1189 371 1223; x_wconf 83' lang='lat' dir='ltr'><strong>que</strong></span> <span class='ocrx_word' id='word_1_218' title='bbox 405 1176 634 1211; x_wconf 88' lang='lat' dir='ltr'><strong>continentium</strong></span> <span class='ocrx_word' id='word_1_219' title='bbox 670 1175 813 1210; x_wconf 82' lang='lat' dir='ltr'><strong>nationes</strong></span> <span class='ocrx_word' id='word_1_220' title='bbox 848 1182 877 1208; x_wconf 89' lang='lat' dir='ltr'><strong>ct</strong></span> <span class='ocrx_word' id='word_1_221' title='bbox 912 1176 1057 1222; x_wconf 79' lang='lat' dir='ltr'><strong>linguas,</strong></span> 
     </span>
     <span class='ocr_line' id='line_1_33' title="bbox 307 1224 1057 1281; baseline 0 -22"><span class='ocrx_word' id='word_1_222' title='bbox 307 1225 399 1260; x_wconf 87' lang='lat' dir='ltr'><strong>hodie</strong></span> <span class='ocrx_word' id='word_1_223' title='bbox 425 1238 496 1261; x_wconf 91' lang='lat' dir='ltr'><strong>vero</strong></span> <span class='ocrx_word' id='word_1_224' title='bbox 520 1226 600 1260; x_wconf 83' lang='lat' dir='ltr'><strong>lianc</strong></span> <span class='ocrx_word' id='word_1_225' title='bbox 622 1225 720 1271; x_wconf 86' lang='lat' dir='ltr'><strong>ipsam</strong></span> <span class='ocrx_word' id='word_1_226' title='bbox 749 1224 910 1260; x_wconf 78' lang='lat' dir='ltr'><strong>Armenici</strong></span> <span class='ocrx_word' id='word_1_227' title='bbox 936 1226 1057 1281; x_wconf 82' lang='lat' dir='ltr'><strong>populi,</strong></span> 
     </span>
     <span class='ocr_line' id='line_1_34' title="bbox 305 1272 1056 1322; baseline 0.001 -14"><span class='ocrx_word' id='word_1_228' title='bbox 305 1274 357 1321; x_wconf 89' lang='lat' dir='ltr'><strong>qui</strong></span> <span class='ocrx_word' id='word_1_229' title='bbox 390 1287 446 1322; x_wconf 90' lang='lat' dir='ltr'><strong>per</strong></span> <span class='ocrx_word' id='word_1_230' title='bbox 480 1275 738 1322; x_wconf 88' lang='lat' dir='ltr'><strong>Septentrionem</strong></span> <span class='ocrx_word' id='word_1_231' title='bbox 768 1281 798 1308; x_wconf 91' lang='lat' dir='ltr'><strong>et</strong></span> <span class='ocrx_word' id='word_1_232' title='bbox 825 1272 988 1309; x_wconf 77' lang='lat' dir='ltr'><strong>Orientem</strong></span> <span class='ocrx_word' id='word_1_233' title='bbox 1025 1276 1056 1309; x_wconf 91' lang='lat' dir='ltr'><strong>in</strong></span> 
     </span>
     <span class='ocr_line' id='line_1_35' title="bbox 305 1322 1057 1379; baseline 0 -21"><span class='ocrx_word' id='word_1_234' title='bbox 305 1336 417 1379; x_wconf 79' lang='lat' dir='ltr'><strong>magna</strong></span> <span class='ocrx_word' id='word_1_235' title='bbox 440 1324 529 1371; x_wconf 87' lang='lat' dir='ltr'><strong>copia</strong></span> <span class='ocrx_word' id='word_1_236' title='bbox 557 1323 691 1358; x_wconf 82' lang='lat' dir='ltr'><strong>diffusus</strong></span> <span class='ocrx_word' id='word_1_237' title='bbox 715 1330 773 1363; x_wconf 87' lang='lat' dir='ltr'><strong>est,</strong></span> <span class='ocrx_word' id='word_1_238' title='bbox 797 1322 827 1357; x_wconf 92' lang='lat' dir='ltr'><strong>in</strong></span> <span class='ocrx_word' id='word_1_239' title='bbox 850 1324 960 1359; x_wconf 88' lang='lat' dir='ltr'><strong>eodem</strong></span> <span class='ocrx_word' id='word_1_240' title='bbox 985 1324 1057 1359; x_wconf 85' lang='lat' dir='ltr'><strong>fidei</strong></span> 
     </span>
     <span class='ocr_line' id='line_1_36' title="bbox 304 1371 1057 1420; baseline 0.001 -12"><span class='ocrx_word' id='word_1_241' title='bbox 304 1380 334 1408; x_wconf 87' lang='lat' dir='ltr'><strong>et</strong></span> <span class='ocrx_word' id='word_1_242' title='bbox 355 1374 493 1409; x_wconf 87' lang='lat' dir='ltr'><strong>caritatis</strong></span> <span class='ocrx_word' id='word_1_243' title='bbox 515 1372 639 1408; x_wconf 90' lang='lat' dir='ltr'><strong>vinculo</strong></span> <span class='ocrx_word' id='word_1_244' title='bbox 662 1384 734 1408; x_wconf 87' lang='lat' dir='ltr'><strong>cum</strong></span> <span class='ocrx_word' id='word_1_245' title='bbox 757 1371 841 1407; x_wconf 89' lang='lat' dir='ltr'><strong>Sede</strong></span> <span class='ocrx_word' id='word_1_246' title='bbox 875 1373 1057 1420; x_wconf 88' lang='lat' dir='ltr'><strong>Apostolica</strong></span> 
     </span>
     <span class='ocr_line' id='line_1_37' title="bbox 303 1422 1057 1469; baseline 0.003 -13"><span class='ocrx_word' id='word_1_247' title='bbox 303 1422 460 1457; x_wconf 85' lang='lat' dir='ltr'><strong>stabilivit.</strong></span> <span class='ocrx_word' id='word_1_248' title='bbox 495 1422 582 1458; x_wconf 86' lang='lat' dir='ltr'><strong>Haec</strong></span> <span class='ocrx_word' id='word_1_249' title='bbox 622 1422 760 1469; x_wconf 83' lang='lat' dir='ltr'><strong>profecto</strong></span> <span class='ocrx_word' id='word_1_250' title='bbox 793 1429 854 1456; x_wconf 86' lang='lat' dir='ltr'><strong>tam</strong></span> <span class='ocrx_word' id='word_1_251' title='bbox 886 1435 997 1469; x_wconf 84' lang='lat' dir='ltr'><strong>magna</strong></span> <span class='ocrx_word' id='word_1_252' title='bbox 1027 1431 1057 1458; x_wconf 91' lang='lat' dir='ltr'><strong>et</strong></span> 
     </span>
     <span class='ocr_line' id='line_1_38' title="bbox 303 1471 1057 1518; baseline 0 -11"><span class='ocrx_word' id='word_1_253' title='bbox 303 1471 383 1507; x_wconf 90' lang='lat' dir='ltr'><strong>mira</strong></span> <span class='ocrx_word' id='word_1_254' title='bbox 418 1479 492 1507; x_wconf 89' lang='lat' dir='ltr'><strong>sunt</strong></span> <span class='ocrx_word' id='word_1_255' title='bbox 526 1472 648 1507; x_wconf 89' lang='lat' dir='ltr'><strong>divinae</strong></span> <span class='ocrx_word' id='word_1_256' title='bbox 678 1471 799 1518; x_wconf 90' lang='lat' dir='ltr'><strong>pietatis</strong></span> <span class='ocrx_word' id='word_1_257' title='bbox 831 1471 995 1513; x_wconf 79' lang='lat' dir='ltr'><strong>beneficia,</strong></span> <span class='ocrx_word' id='word_1_258' title='bbox 1023 1480 1057 1507; x_wconf 88' lang='lat' dir='ltr'><strong>ut</strong></span> 
     </span>
     <span class='ocr_line' id='line_1_39' title="bbox 303 1520 1054 1568; baseline 0.001 -13"><span class='ocrx_word' id='word_1_259' title='bbox 303 1532 365 1555; x_wconf 90' lang='lat' dir='ltr'><strong>non</strong></span> <span class='ocrx_word' id='word_1_260' title='bbox 389 1521 490 1556; x_wconf 92' lang='lat' dir='ltr'><strong>solum</strong></span> <span class='ocrx_word' id='word_1_261' title='bbox 515 1534 569 1568; x_wconf 92' lang='lat' dir='ltr'><strong>pro</strong></span> <span class='ocrx_word' id='word_1_262' title='bbox 593 1529 740 1568; x_wconf 88' lang='lat' dir='ltr'><strong>utroque,</strong></span> <span class='ocrx_word' id='word_1_263' title='bbox 768 1520 823 1554; x_wconf 90' lang='lat' dir='ltr'><strong>scd</strong></span> <span class='ocrx_word' id='word_1_264' title='bbox 853 1533 891 1556; x_wconf 89' lang='lat' dir='ltr'><strong>ne</strong></span> <span class='ocrx_word' id='word_1_265' title='bbox 925 1521 1054 1568; x_wconf 89' lang='lat' dir='ltr'><strong>quidem</strong></span> 
     </span>
     <span class='ocr_line' id='line_1_40' title="bbox 303 1570 1057 1617; baseline 0 -12"><span class='ocrx_word' id='word_1_266' title='bbox 303 1582 360 1617; x_wconf 91' lang='lat' dir='ltr'><strong>pro</strong></span> <span class='ocrx_word' id='word_1_267' title='bbox 383 1571 482 1605; x_wconf 90' lang='lat' dir='ltr'><strong>altero</strong></span> <span class='ocrx_word' id='word_1_268' title='bbox 504 1571 580 1605; x_wconf 87' lang='lat' dir='ltr'><strong>satis</strong></span> <span class='ocrx_word' id='word_1_269' title='bbox 598 1570 709 1616; x_wconf 85' lang='lat' dir='ltr'><strong>dignas</strong></span> <span class='ocrx_word' id='word_1_270' title='bbox 730 1580 806 1604; x_wconf 84' lang='lat' dir='ltr'><strong>suae</strong></span> <span class='ocrx_word' id='word_1_271' title='bbox 832 1570 988 1605; x_wconf 84' lang='lat' dir='ltr'><strong>Maiestati</strong></span> <span class='ocrx_word' id='word_1_272' title='bbox 1012 1584 1057 1605; x_wconf 89' lang='lat' dir='ltr'><strong>re-</strong></span> 
     </span>
     <span class='ocr_line' id='line_1_41' title="bbox 301 1618 1054 1667; baseline 0.003 -14"><span class='ocrx_word' id='word_1_273' title='bbox 301 1618 383 1654; x_wconf 86' lang='lat' dir='ltr'><strong>ferre</strong></span> <span class='ocrx_word' id='word_1_274' title='bbox 409 1620 525 1666; x_wconf 86' lang='lat' dir='ltr'><strong>gratias</strong></span> <span class='ocrx_word' id='word_1_275' title='bbox 554 1621 650 1667; x_wconf 86' lang='lat' dir='ltr'><strong>possit</strong></span> <span class='ocrx_word' id='word_1_276' title='bbox 681 1619 858 1655; x_wconf 86' lang='lat' dir='ltr'><strong>intellectus</strong></span> <span class='ocrx_word' id='word_1_277' title='bbox 885 1621 1054 1655; x_wconf 86' lang='lat' dir='ltr'><strong>humanus.</strong></span> 
     </span>
     <span class='ocr_line' id='line_1_42' title="bbox 301 1668 1055 1711; baseline 0.001 -8"><span class='ocrx_word' id='word_1_278' title='bbox 301 1668 383 1711; x_wconf 84' lang='lat' dir='ltr'><strong>Quis</strong></span> <span class='ocrx_word' id='word_1_279' title='bbox 405 1681 466 1703; x_wconf 90' lang='lat' dir='ltr'><strong>non</strong></span> <span class='ocrx_word' id='word_1_280' title='bbox 491 1669 692 1704; x_wconf 86' lang='lat' dir='ltr'><strong>vehementer</strong></span> <span class='ocrx_word' id='word_1_281' title='bbox 710 1669 898 1711; x_wconf 80' lang='lat' dir='ltr'><strong>admiretur,</strong></span> <span class='ocrx_word' id='word_1_282' title='bbox 918 1682 979 1704; x_wconf 93' lang='lat' dir='ltr'><strong>uno</strong></span> <span class='ocrx_word' id='word_1_283' title='bbox 999 1683 1055 1704; x_wconf 90' lang='lat' dir='ltr'><strong>eo-</strong></span> 
     </span>
     <span class='ocr_line' id='line_1_43' title="bbox 301 1717 1053 1767; baseline 0.003 -15"><span class='ocrx_word' id='word_1_284' title='bbox 301 1717 437 1765; x_wconf 87' lang='lat' dir='ltr'><strong>demque</strong></span> <span class='ocrx_word' id='word_1_285' title='bbox 461 1727 521 1753; x_wconf 88' lang='lat' dir='ltr'><strong>tam</strong></span> <span class='ocrx_word' id='word_1_286' title='bbox 545 1718 630 1754; x_wconf 91' lang='lat' dir='ltr'><strong>brevi</strong></span> <span class='ocrx_word' id='word_1_287' title='bbox 646 1726 800 1766; x_wconf 86' lang='lat' dir='ltr'><strong>tempore,</strong></span> <span class='ocrx_word' id='word_1_288' title='bbox 822 1719 885 1754; x_wconf 89' lang='lat' dir='ltr'><strong>duo</strong></span> <span class='ocrx_word' id='word_1_289' title='bbox 904 1720 949 1754; x_wconf 88' lang='lat' dir='ltr'><strong>sic</strong></span> <span class='ocrx_word' id='word_1_290' title='bbox 966 1732 1053 1767; x_wconf 88' lang='lat' dir='ltr'><strong>prae-</strong></span> 
     </span>
     <span class='ocr_line' id='line_1_44' title="bbox 300 1767 1053 1815; baseline 0.001 -13"><span class='ocrx_word' id='word_1_291' title='bbox 300 1767 381 1803; x_wconf 84' lang='lat' dir='ltr'><strong>clara</strong></span> <span class='ocrx_word' id='word_1_292' title='bbox 421 1775 452 1803; x_wconf 92' lang='lat' dir='ltr'><strong>et</strong></span> <span class='ocrx_word' id='word_1_293' title='bbox 477 1768 612 1803; x_wconf 78' lang='lat' dir='ltr'><strong>saeculis</strong></span> <span class='ocrx_word' id='word_1_294' title='bbox 651 1767 825 1803; x_wconf 81' lang='lat' dir='ltr'><strong>desiderata</strong></span> <span class='ocrx_word' id='word_1_295' title='bbox 861 1781 982 1815; x_wconf 85' lang='lat' dir='ltr'><strong>opera,</strong></span> <span class='ocrx_word' id='word_1_296' title='bbox 1022 1769 1053 1803; x_wconf 92' lang='lat' dir='ltr'><strong>in</strong></span> 
     </span>
     <span class='ocr_line' id='line_1_45' title="bbox 300 1816 1055 1853; baseline 0.001 -2"><span class='ocrx_word' id='word_1_297' title='bbox 300 1816 360 1852; x_wconf 89' lang='lat' dir='ltr'><strong>hoc</strong></span> <span class='ocrx_word' id='word_1_298' title='bbox 396 1829 486 1852; x_wconf 83' lang='lat' dir='ltr'><strong>sacro</strong></span> <span class='ocrx_word' id='word_1_299' title='bbox 519 1817 654 1852; x_wconf 85' lang='lat' dir='ltr'><strong>coneilio</strong></span> <span class='ocrx_word' id='word_1_300' title='bbox 691 1816 788 1852; x_wconf 78' lang='lat' dir='ltr'><strong>tuisse</strong></span> <span class='ocrx_word' id='word_1_301' title='bbox 825 1825 885 1852; x_wconf 87' lang='lat' dir='ltr'><strong>tam</strong></span> <span class='ocrx_word' id='word_1_302' title='bbox 921 1817 1055 1853; x_wconf 85' lang='lat' dir='ltr'><strong>feliciter</strong></span> 
     </span>
     <span class='ocr_line' id='line_1_46' title="bbox 299 1865 1055 1902; baseline 0.001 -1"><span class='ocrx_word' id='word_1_303' title='bbox 299 1865 540 1902; x_wconf 86' lang='lat' dir='ltr'><strong>consummata?</strong></span> <span class='ocrx_word' id='word_1_304' title='bbox 565 1867 647 1902; x_wconf 87' lang='lat' dir='ltr'><strong>Vere</strong></span> <span class='ocrx_word' id='word_1_305' title='bbox 670 1880 685 1901; x_wconf 86' lang='lat' dir='ltr'><strong>a</strong></span> <span class='ocrx_word' id='word_1_306' title='bbox 702 1866 840 1902; x_wconf 91' lang='lat' dir='ltr'><strong>Domino</strong></span> <span class='ocrx_word' id='word_1_307' title='bbox 863 1866 979 1902; x_wconf 83' lang='lat' dir='ltr'><strong>sactum</strong></span> <span class='ocrx_word' id='word_1_308' title='bbox 1007 1876 1055 1902; x_wconf 85' lang='lat' dir='ltr'><strong>est</strong></span> 
     </span>
    </p>
   </div>
   <div class='ocr_carea' id='block_1_7' title="bbox 1097 1177 1854 1915">
    <p class='ocr_par' dir='ltr' id='par_1_7' title="bbox 1097 1177 1854 1915">
     <span class='ocr_line' id='line_1_47' title="bbox 1099 1177 1852 1224; baseline 0.005 -16"><span class='ocrx_word' id='word_1_309' title='bbox 1099 1183 1243 1210; x_wconf 88' lang='lat' dir='ltr'><strong>sanctum</strong></span> <span class='ocrx_word' id='word_1_310' title='bbox 1267 1177 1416 1223; x_wconf 84' lang='lat' dir='ltr'><strong>perlicere</strong></span> <span class='ocrx_word' id='word_1_311' title='bbox 1440 1189 1531 1223; x_wconf 85' lang='lat' dir='ltr'><strong>opus,</strong></span> <span class='ocrx_word' id='word_1_312' title='bbox 1556 1189 1649 1223; x_wconf 88' lang='lat' dir='ltr'><strong>saepe</strong></span> <span class='ocrx_word' id='word_1_313' title='bbox 1676 1188 1748 1211; x_wconf 87' lang='lat' dir='ltr'><strong>curn</strong></span> <span class='ocrx_word' id='word_1_314' title='bbox 1774 1177 1852 1224; x_wconf 75' lang='lat' dir='ltr'><strong>ipsis</strong></span> 
     </span>
     <span class='ocr_line' id='line_1_48' title="bbox 1100 1225 1854 1261; baseline 0.003 -2"><span class='ocrx_word' id='word_1_315' title='bbox 1100 1225 1279 1260; x_wconf 88' lang='lat' dir='ltr'><strong>oratoribus</strong></span> <span class='ocrx_word' id='word_1_316' title='bbox 1306 1226 1345 1261; x_wconf 84' lang='lat' dir='ltr'><strong>de</strong></span> <span class='ocrx_word' id='word_1_317' title='bbox 1380 1226 1436 1261; x_wconf 89' lang='lat' dir='ltr'><strong>hac</strong></span> <span class='ocrx_word' id='word_1_318' title='bbox 1458 1234 1563 1261; x_wconf 88' lang='lat' dir='ltr'><strong>sancta</strong></span> <span class='ocrx_word' id='word_1_319' title='bbox 1599 1226 1716 1260; x_wconf 90' lang='lat' dir='ltr'><strong>unione</strong></span> <span class='ocrx_word' id='word_1_320' title='bbox 1738 1235 1854 1261; x_wconf 87' lang='lat' dir='ltr'><strong>contu·</strong></span> 
     </span>
     <span class='ocr_line' id='line_1_49' title="bbox 1100 1274 1854 1323; baseline 0.004 -15"><span class='ocrx_word' id='word_1_321' title='bbox 1100 1274 1207 1319; x_wconf 91' lang='lat' dir='ltr'><strong>limus,</strong></span> <span class='ocrx_word' id='word_1_322' title='bbox 1235 1283 1265 1310; x_wconf 90' lang='lat' dir='ltr'><strong>et</strong></span> <span class='ocrx_word' id='word_1_323' title='bbox 1288 1288 1325 1310; x_wconf 89' lang='lat' dir='ltr'><strong>ne</strong></span> <span class='ocrx_word' id='word_1_324' title='bbox 1348 1288 1441 1323; x_wconf 88' lang='lat' dir='ltr'><strong>parva</strong></span> <span class='ocrx_word' id='word_1_325' title='bbox 1465 1276 1537 1311; x_wconf 89' lang='lat' dir='ltr'><strong>huic</strong></span> <span class='ocrx_word' id='word_1_326' title='bbox 1562 1283 1688 1310; x_wconf 88' lang='lat' dir='ltr'><strong>sauctae</strong></span> <span class='ocrx_word' id='word_1_327' title='bbox 1710 1276 1754 1310; x_wconf 87' lang='lat' dir='ltr'><strong>rei</strong></span> <span class='ocrx_word' id='word_1_328' title='bbox 1778 1276 1854 1311; x_wconf 88' lang='lat' dir='ltr'><strong>dila-</strong></span> 
     </span>
     <span class='ocr_line' id='line_1_50' title="bbox 1100 1324 1853 1372; baseline 0.003 -14"><span class='ocrx_word' id='word_1_329' title='bbox 1100 1324 1144 1358; x_wconf 89' lang='lat' dir='ltr'><strong>tio</strong></span> <span class='ocrx_word' id='word_1_330' title='bbox 1173 1324 1272 1369; x_wconf 79' lang='lat' dir='ltr'><strong>fieret,</strong></span> <span class='ocrx_word' id='word_1_331' title='bbox 1308 1325 1532 1372; x_wconf 87' lang='lat' dir='ltr'><strong>deputavimus</strong></span> <span class='ocrx_word' id='word_1_332' title='bbox 1570 1325 1609 1359; x_wconf 91' lang='lat' dir='ltr'><strong>de</strong></span> <span class='ocrx_word' id='word_1_333' title='bbox 1645 1326 1730 1359; x_wconf 89' lang='lat' dir='ltr'><strong>omni</strong></span> <span class='ocrx_word' id='word_1_334' title='bbox 1772 1334 1853 1361; x_wconf 91' lang='lat' dir='ltr'><strong>statu</strong></span> 
     </span>
     <span class='ocr_line' id='line_1_51' title="bbox 1097 1373 1854 1410; baseline 0.004 -3"><span class='ocrx_word' id='word_1_335' title='bbox 1097 1373 1194 1408; x_wconf 82' lang='lat' dir='ltr'><strong>liuius</strong></span> <span class='ocrx_word' id='word_1_336' title='bbox 1220 1374 1299 1409; x_wconf 87' lang='lat' dir='ltr'><strong>sacri</strong></span> <span class='ocrx_word' id='word_1_337' title='bbox 1323 1375 1447 1409; x_wconf 90' lang='lat' dir='ltr'><strong>concilii</strong></span> <span class='ocrx_word' id='word_1_338' title='bbox 1469 1375 1552 1410; x_wconf 84' lang='lat' dir='ltr'><strong>viros</strong></span> <span class='ocrx_word' id='word_1_339' title='bbox 1579 1375 1657 1409; x_wconf 89' lang='lat' dir='ltr'><strong>iuris</strong></span> <span class='ocrx_word' id='word_1_340' title='bbox 1691 1374 1788 1409; x_wconf 90' lang='lat' dir='ltr'><strong>divini</strong></span> <span class='ocrx_word' id='word_1_341' title='bbox 1823 1383 1854 1410; x_wconf 87' lang='lat' dir='ltr'><strong>et</strong></span> 
     </span>
     <span class='ocr_line' id='line_1_52' title="bbox 1099 1422 1852 1471; baseline 0.004 -15"><span class='ocrx_word' id='word_1_342' title='bbox 1099 1422 1228 1457; x_wconf 88' lang='lat' dir='ltr'><strong>humani</strong></span> <span class='ocrx_word' id='word_1_343' title='bbox 1253 1423 1468 1468; x_wconf 85' lang='lat' dir='ltr'><strong>doctissimos,</strong></span> <span class='ocrx_word' id='word_1_344' title='bbox 1491 1424 1544 1471; x_wconf 91' lang='lat' dir='ltr'><strong>qui</strong></span> <span class='ocrx_word' id='word_1_345' title='bbox 1568 1436 1638 1459; x_wconf 90' lang='lat' dir='ltr'><strong>cum</strong></span> <span class='ocrx_word' id='word_1_346' title='bbox 1659 1424 1744 1458; x_wconf 92' lang='lat' dir='ltr'><strong>omni</strong></span> <span class='ocrx_word' id='word_1_347' title='bbox 1767 1436 1852 1465; x_wconf 84' lang='lat' dir='ltr'><strong>cura,</strong></span> 
     </span>
     <span class='ocr_line' id='line_1_53' title="bbox 1098 1472 1851 1519; baseline 0.001 -12"><span class='ocrx_word' id='word_1_348' title='bbox 1098 1472 1269 1519; x_wconf 86' lang='lat' dir='ltr'><strong>studioque</strong></span> <span class='ocrx_word' id='word_1_349' title='bbox 1291 1481 1321 1507; x_wconf 89' lang='lat' dir='ltr'><strong>et</strong></span> <span class='ocrx_word' id='word_1_350' title='bbox 1349 1473 1512 1519; x_wconf 82' lang='lat' dir='ltr'><strong>diligentia</strong></span> <span class='ocrx_word' id='word_1_351' title='bbox 1552 1485 1615 1508; x_wconf 92' lang='lat' dir='ltr'><strong>rem</strong></span> <span class='ocrx_word' id='word_1_352' title='bbox 1653 1473 1743 1507; x_wconf 87' lang='lat' dir='ltr'><strong>istam</strong></span> <span class='ocrx_word' id='word_1_353' title='bbox 1779 1486 1851 1508; x_wconf 90' lang='lat' dir='ltr'><strong>cum</strong></span> 
     </span>
     <span class='ocr_line' id='line_1_54' title="bbox 1099 1522 1854 1569; baseline 0.004 -14"><span class='ocrx_word' id='word_1_354' title='bbox 1099 1522 1167 1556; x_wconf 85' lang='lat' dir='ltr'><strong>istis</strong></span> <span class='ocrx_word' id='word_1_355' title='bbox 1195 1530 1422 1569; x_wconf 85' lang='lat' dir='ltr'><strong>pertractarent</strong></span> <span class='ocrx_word' id='word_1_356' title='bbox 1449 1523 1640 1562; x_wconf 87' lang='lat' dir='ltr'><strong>oratoribus,</strong></span> <span class='ocrx_word' id='word_1_357' title='bbox 1664 1522 1702 1557; x_wconf 90' lang='lat' dir='ltr'><strong>ab</strong></span> <span class='ocrx_word' id='word_1_358' title='bbox 1733 1523 1778 1556; x_wconf 85' lang='lat' dir='ltr'><strong>eis</strong></span> <span class='ocrx_word' id='word_1_359' title='bbox 1800 1535 1854 1558; x_wconf 85' lang='lat' dir='ltr'><strong>ac-</strong></span> 
     </span>
     <span class='ocr_line' id='line_1_55' title="bbox 1098 1572 1851 1619; baseline 0.003 -14"><span class='ocrx_word' id='word_1_360' title='bbox 1098 1580 1204 1606; x_wconf 90' lang='lat' dir='ltr'><strong>curate</strong></span> <span class='ocrx_word' id='word_1_361' title='bbox 1222 1572 1419 1619; x_wconf 85' lang='lat' dir='ltr'><strong>inquirentes</strong></span> <span class='ocrx_word' id='word_1_362' title='bbox 1435 1585 1544 1608; x_wconf 89' lang='lat' dir='ltr'><strong>eorum</strong></span> <span class='ocrx_word' id='word_1_363' title='bbox 1563 1572 1668 1611; x_wconf 79' lang='lat' dir='ltr'><strong>iidem,</strong></span> <span class='ocrx_word' id='word_1_364' title='bbox 1692 1580 1753 1606; x_wconf 87' lang='lat' dir='ltr'><strong>tam</strong></span> <span class='ocrx_word' id='word_1_365' title='bbox 1769 1572 1851 1607; x_wconf 89' lang='lat' dir='ltr'><strong>circa</strong></span> 
     </span>
     <span class='ocr_line' id='line_1_56' title="bbox 1098 1621 1850 1657; baseline 0.004 -3"><span class='ocrx_word' id='word_1_366' title='bbox 1098 1621 1223 1656; x_wconf 88' lang='lat' dir='ltr'><strong>divinae</strong></span> <span class='ocrx_word' id='word_1_367' title='bbox 1248 1622 1400 1657; x_wconf 83' lang='lat' dir='ltr'><strong>unitatem</strong></span> <span class='ocrx_word' id='word_1_368' title='bbox 1424 1623 1580 1657; x_wconf 87' lang='lat' dir='ltr'><strong>essentiae</strong></span> <span class='ocrx_word' id='word_1_369' title='bbox 1608 1629 1638 1656; x_wconf 87' lang='lat' dir='ltr'><strong>et</strong></span> <span class='ocrx_word' id='word_1_370' title='bbox 1673 1621 1850 1657; x_wconf 84' lang='lat' dir='ltr'><strong>divinarum</strong></span> 
     </span>
     <span class='ocr_line' id='line_1_57' title="bbox 1099 1671 1851 1719; baseline 0.001 -15"><span class='ocrx_word' id='word_1_371' title='bbox 1099 1682 1306 1718; x_wconf 83' lang='lat' dir='ltr'><strong>personarum</strong></span> <span class='ocrx_word' id='word_1_372' title='bbox 1342 1671 1555 1717; x_wconf 82' lang='lat' dir='ltr'><strong>Trinitatem,</strong></span> <span class='ocrx_word' id='word_1_373' title='bbox 1589 1682 1683 1719; x_wconf 87' lang='lat' dir='ltr'><strong>quam</strong></span> <span class='ocrx_word' id='word_1_374' title='bbox 1723 1671 1851 1706; x_wconf 88' lang='lat' dir='ltr'><strong>Domini</strong></span> 
     </span>
     <span class='ocr_line' id='line_1_58' title="bbox 1098 1720 1852 1766; baseline 0.001 -12"><span class='ocrx_word' id='word_1_375' title='bbox 1098 1720 1195 1755; x_wconf 90' lang='lat' dir='ltr'><strong>nostri</strong></span> <span class='ocrx_word' id='word_1_376' title='bbox 1220 1720 1288 1755; x_wconf 85' lang='lat' dir='ltr'><strong>Iesu</strong></span> <span class='ocrx_word' id='word_1_377' title='bbox 1317 1720 1434 1756; x_wconf 85' lang='lat' dir='ltr'><strong>Christi</strong></span> <span class='ocrx_word' id='word_1_378' title='bbox 1465 1721 1707 1760; x_wconf 84' lang='lat' dir='ltr'><strong>humanitatem,</strong></span> <span class='ocrx_word' id='word_1_379' title='bbox 1725 1728 1755 1755; x_wconf 88' lang='lat' dir='ltr'><strong>et</strong></span> <span class='ocrx_word' id='word_1_380' title='bbox 1777 1732 1852 1766; x_wconf 86' lang='lat' dir='ltr'><strong>sep-</strong></span> 
     </span>
     <span class='ocr_line' id='line_1_59' title="bbox 1099 1769 1852 1809; baseline 0 -6"><span class='ocrx_word' id='word_1_381' title='bbox 1099 1777 1159 1804; x_wconf 89' lang='lat' dir='ltr'><strong>tem</strong></span> <span class='ocrx_word' id='word_1_382' title='bbox 1183 1769 1346 1805; x_wconf 86' lang='lat' dir='ltr'><strong>Ecclesiae</strong></span> <span class='ocrx_word' id='word_1_383' title='bbox 1368 1779 1573 1809; x_wconf 85' lang='lat' dir='ltr'><strong>sacramenta,</strong></span> <span class='ocrx_word' id='word_1_384' title='bbox 1605 1777 1635 1805; x_wconf 88' lang='lat' dir='ltr'><strong>et</strong></span> <span class='ocrx_word' id='word_1_385' title='bbox 1665 1769 1724 1804; x_wconf 88' lang='lat' dir='ltr'><strong>alia</strong></span> <span class='ocrx_word' id='word_1_386' title='bbox 1752 1770 1788 1804; x_wconf 88' lang='lat' dir='ltr'><strong>ad</strong></span> <span class='ocrx_word' id='word_1_387' title='bbox 1812 1770 1852 1804; x_wconf 80' lang='lat' dir='ltr'><strong>fi-</strong></span> 
     </span>
     <span class='ocr_line' id='line_1_60' title="bbox 1098 1818 1851 1856; baseline 0.001 -4"><span class='ocrx_word' id='word_1_388' title='bbox 1098 1818 1168 1853; x_wconf 85' lang='lat' dir='ltr'><strong>dem</strong></span> <span class='ocrx_word' id='word_1_389' title='bbox 1193 1819 1399 1854; x_wconf 84' lang='lat' dir='ltr'><strong>orthodoxam</strong></span> <span class='ocrx_word' id='word_1_390' title='bbox 1420 1828 1450 1856; x_wconf 89' lang='lat' dir='ltr'><strong>et</strong></span> <span class='ocrx_word' id='word_1_391' title='bbox 1473 1821 1551 1855; x_wconf 89' lang='lat' dir='ltr'><strong>ritus</strong></span> <span class='ocrx_word' id='word_1_392' title='bbox 1575 1819 1761 1854; x_wconf 88' lang='lat' dir='ltr'><strong>universalis</strong></span> <span class='ocrx_word' id='word_1_393' title='bbox 1788 1819 1851 1854; x_wconf 88' lang='lat' dir='ltr'><strong>Ec-</strong></span> 
     </span>
     <span class='ocr_line' id='line_1_61' title="bbox 1097 1868 1441 1915; baseline 0.003 -12"><span class='ocrx_word' id='word_1_394' title='bbox 1097 1868 1212 1903; x_wconf 82' lang='lat' dir='ltr'><strong>clesiae</strong></span> <span class='ocrx_word' id='word_1_395' title='bbox 1241 1870 1441 1915; x_wconf 87' lang='lat' dir='ltr'><strong>pertinentia.</strong></span> 
     </span>
    </p>
   </div>
   <div class='ocr_carea' id='block_1_8' title="bbox 299 1915 1055 2063">
    <p class='ocr_par' dir='ltr' id='par_1_8' title="bbox 299 1915 1055 2063">
     <span class='ocr_line' id='line_1_62' title="bbox 300 1915 1052 1959; baseline 0.003 -10"><span class='ocrx_word' id='word_1_396' title='bbox 300 1915 396 1959; x_wconf 83' lang='lat' dir='ltr'><strong>istud,</strong></span> <span class='ocrx_word' id='word_1_397' title='bbox 435 1924 465 1950; x_wconf 87' lang='lat' dir='ltr'><strong>ct</strong></span> <span class='ocrx_word' id='word_1_398' title='bbox 492 1925 539 1952; x_wconf 88' lang='lat' dir='ltr'><strong>est</strong></span> <span class='ocrx_word' id='word_1_399' title='bbox 562 1916 705 1951; x_wconf 83' lang='lat' dir='ltr'><strong>mirabile</strong></span> <span class='ocrx_word' id='word_1_400' title='bbox 740 1916 769 1950; x_wconf 90' lang='lat' dir='ltr'><strong>iu</strong></span> <span class='ocrx_word' id='word_1_401' title='bbox 793 1915 895 1951; x_wconf 89' lang='lat' dir='ltr'><strong>oculis</strong></span> <span class='ocrx_word' id='word_1_402' title='bbox 925 1918 1052 1952; x_wconf 87' lang='lat' dir='ltr'><strong>nostris.</strong></span> 
     </span>
     <span class='ocr_line' id='line_1_63' title="bbox 299 1964 1053 2013; baseline 0.003 -14"><span class='ocrx_word' id='word_1_403' title='bbox 299 1964 469 2007; x_wconf 87' lang='lat' dir='ltr'><strong>Quomodo</strong></span> <span class='ocrx_word' id='word_1_404' title='bbox 499 1966 585 2001; x_wconf 90' lang='lat' dir='ltr'><strong>enim</strong></span> <span class='ocrx_word' id='word_1_405' title='bbox 614 1966 778 2000; x_wconf 86' lang='lat' dir='ltr'><strong>hominum</strong></span> <span class='ocrx_word' id='word_1_406' title='bbox 807 1965 974 2013; x_wconf 86' lang='lat' dir='ltr'><strong>prudentia</strong></span> <span class='ocrx_word' id='word_1_407' title='bbox 1006 1967 1053 2001; x_wconf 84' lang='lat' dir='ltr'><strong>vel</strong></span> 
     </span>
     <span class='ocr_line' id='line_1_64' title="bbox 300 2013 1055 2063; baseline 0.004 -15"><span class='ocrx_word' id='word_1_408' title='bbox 300 2013 475 2056; x_wconf 83' lang='lat' dir='ltr'><strong>industria,</strong></span> <span class='ocrx_word' id='word_1_409' title='bbox 505 2016 564 2050; x_wconf 90' lang='lat' dir='ltr'><strong>nisi</strong></span> <span class='ocrx_word' id='word_1_410' title='bbox 587 2016 685 2062; x_wconf 87' lang='lat' dir='ltr'><strong>gratia</strong></span> <span class='ocrx_word' id='word_1_411' title='bbox 708 2015 764 2050; x_wconf 85' lang='lat' dir='ltr'><strong>Dei</strong></span> <span class='ocrx_word' id='word_1_412' title='bbox 788 2023 818 2049; x_wconf 92' lang='lat' dir='ltr'><strong>et</strong></span> <span class='ocrx_word' id='word_1_413' title='bbox 844 2016 1002 2063; x_wconf 84' lang='lat' dir='ltr'><strong>coepisset</strong></span> <span class='ocrx_word' id='word_1_414' title='bbox 1025 2025 1055 2051; x_wconf 85' lang='lat' dir='ltr'><strong>ct</strong></span> 
     </span>
    </p>
   </div>
   <div class='ocr_carea' id='block_1_9' title="bbox 1097 1917 2052 2064">
    <p class='ocr_par' dir='ltr' id='par_1_9' title="bbox 1097 1917 2052 2064">
     <span class='ocr_line' id='line_1_65' title="bbox 1146 1917 2046 1966; baseline 0.001 -14"><span class='ocrx_word' id='word_1_415' title='bbox 1146 1917 1221 1965; x_wconf 64' lang='lat'><strong>§4-</strong></span> <span class='ocrx_word' id='word_1_416' title='bbox 1249 1918 1357 1953; x_wconf 88' lang='lat' dir='ltr'><strong>Multis</strong></span> <span class='ocrx_word' id='word_1_417' title='bbox 1396 1920 1499 1966; x_wconf 87' lang='lat' dir='ltr'><strong>itaque</strong></span> <span class='ocrx_word' id='word_1_418' title='bbox 1532 1918 1680 1954; x_wconf 88' lang='lat' dir='ltr'><strong>adhibitis</strong></span> <span class='ocrx_word' id='word_1_419' title='bbox 1707 1918 1850 1964; x_wconf 87' lang='lat' dir='ltr'><strong>disputa-</strong></span> <span class='ocrx_word' id='word_1_420' title='bbox 1877 1923 1967 1945; x_wconf 68' lang='lat' dir='ltr'><strong>Tandem</strong></span> <span class='ocrx_word' id='word_1_421' title='bbox 1992 1925 2046 1946; x_wconf 62' lang='grc' dir='ltr'><strong>υωῑῑ</strong></span> 
     </span>
     <span class='ocr_line' id='line_1_66' title="bbox 1097 1955 2046 2011; baseline 0.001 -10"><span class='ocrx_word' id='word_1_422' title='bbox 1097 1967 1251 2011; x_wconf 90' lang='lat' dir='ltr'><strong>tionibus,</strong></span> <span class='ocrx_word' id='word_1_423' title='bbox 1286 1969 1550 2004; x_wconf 88' lang='lat' dir='ltr'><strong>collocutionibus</strong></span> <span class='ocrx_word' id='word_1_424' title='bbox 1581 1977 1611 2003; x_wconf 89' lang='lat' dir='ltr'><strong>et</strong></span> <span class='ocrx_word' id='word_1_425' title='bbox 1649 1955 2046 2008; x_wconf 60' lang='lat' dir='ltr'><strong>tractatibus,2¹?,¹&#39;¹‘032,¹¹¹&#39;‡¹0‘ffi⁰</strong></span> 
     </span>
     <span class='ocr_line' id='line_1_67' title="bbox 1097 1995 2052 2064; baseline 0.001 -13"><span class='ocrx_word' id='word_1_426' title='bbox 1097 1995 1262 2064; x_wconf 73' lang='lat' dir='ltr'><strong>postquam</strong></span> <span class='ocrx_word' id='word_1_427' title='bbox 1287 2030 1349 2053; x_wconf 90' lang='lat' dir='ltr'><strong>non</strong></span> <span class='ocrx_word' id='word_1_428' title='bbox 1374 2018 1564 2054; x_wconf 89' lang='lat' dir='ltr'><strong>mediocrem</strong></span> <span class='ocrx_word' id='word_1_429' title='bbox 1594 2017 1847 2052; x_wconf 84' lang='lat' dir='ltr'><strong>testimoniorum</strong></span> <span class='ocrx_word' id='word_1_430' title='bbox 1862 2017 1967 2044; x_wconf 71' lang='lat'><strong>⁹²³⁶¹¹¹¹²·</strong></span> <span class='ocrx_word' id='word_1_431' title='bbox 2038 2033 2052 2046; x_wconf 80' lang='grc' dir='ltr'><strong>ο</strong></span> 
     </span>
    </p>
   </div>
   <div class='ocr_carea' id='block_1_10' title="bbox 301 2063 1054 2162">
    <p class='ocr_par' dir='ltr' id='par_1_10' title="bbox 301 2063 1054 2162">
     <span class='ocr_line' id='line_1_68' title="bbox 301 2063 1054 2113; baseline 0.003 -14"><span class='ocrx_word' id='word_1_432' title='bbox 301 2063 496 2112; x_wconf 81' lang='lat' dir='ltr'><strong>perfecisset,</strong></span> <span class='ocrx_word' id='word_1_433' title='bbox 519 2065 574 2100; x_wconf 89' lang='lat' dir='ltr'><strong>has</strong></span> <span class='ocrx_word' id='word_1_434' title='bbox 594 2073 693 2100; x_wconf 88' lang='lat' dir='ltr'><strong>tantas</strong></span> <span class='ocrx_word' id='word_1_435' title='bbox 714 2073 745 2100; x_wconf 93' lang='lat' dir='ltr'><strong>et</strong></span> <span class='ocrx_word' id='word_1_436' title='bbox 765 2064 842 2100; x_wconf 85' lang='lat' dir='ltr'><strong>tales</strong></span> <span class='ocrx_word' id='word_1_437' title='bbox 858 2078 908 2101; x_wconf 89' lang='lat' dir='ltr'><strong>res</strong></span> <span class='ocrx_word' id='word_1_438' title='bbox 923 2066 1054 2113; x_wconf 86' lang='lat' dir='ltr'><strong>explere</strong></span> 
     </span>
     <span class='ocr_line' id='line_1_69' title="bbox 301 2114 1053 2162; baseline 0.003 -13"><span class='ocrx_word' id='word_1_439' title='bbox 301 2114 674 2161; x_wconf 88' lang='lat' dir='ltr'><strong>potuisset?Landemus</strong></span> <span class='ocrx_word' id='word_1_440' title='bbox 689 2115 815 2162; x_wconf 85' lang='lat' dir='ltr'><strong>iugiter,</strong></span> <span class='ocrx_word' id='word_1_441' title='bbox 831 2124 861 2150; x_wconf 89' lang='lat' dir='ltr'><strong>et</strong></span> <span class='ocrx_word' id='word_1_442' title='bbox 875 2124 939 2150; x_wconf 90' lang='lat' dir='ltr'><strong>toto</strong></span> <span class='ocrx_word' id='word_1_443' title='bbox 958 2116 1053 2151; x_wconf 88' lang='lat' dir='ltr'><strong>corde</strong></span> 
     </span>
    </p>
   </div>
   <div class='ocr_carea' id='block_1_11' title="bbox 296 2168 1053 2708">
    <p class='ocr_par' dir='ltr' id='par_1_11' title="bbox 296 2168 1053 2708">
     <span class='ocr_line' id='line_1_70' title="bbox 299 2168 1052 2217; baseline 0 -13"><span class='ocrx_word' id='word_1_444' title='bbox 299 2168 527 2204; x_wconf 82' lang='lat' dir='ltr'><strong>benedicamus</strong></span> <span class='ocrx_word' id='word_1_445' title='bbox 548 2169 698 2211; x_wconf 90' lang='lat' dir='ltr'><strong>Domino,</strong></span> <span class='ocrx_word' id='word_1_446' title='bbox 725 2169 778 2217; x_wconf 90' lang='lat' dir='ltr'><strong>qui</strong></span> <span class='ocrx_word' id='word_1_447' title='bbox 803 2168 875 2204; x_wconf 80' lang='lat' dir='ltr'><strong>fecit</strong></span> <span class='ocrx_word' id='word_1_448' title='bbox 899 2169 1052 2205; x_wconf 86' lang='lat' dir='ltr'><strong>mirabilia</strong></span> 
     </span>
     <span class='ocr_line' id='line_1_71' title="bbox 299 2223 1053 2271; baseline 0 -13"><span class='ocrx_word' id='word_1_449' title='bbox 299 2235 412 2270; x_wconf 85' lang='lat' dir='ltr'><strong>magna</strong></span> <span class='ocrx_word' id='word_1_450' title='bbox 439 2223 526 2258; x_wconf 88' lang='lat' dir='ltr'><strong>solus</strong></span> <span class='ocrx_word' id='word_1_451' title='bbox 542 2250 551 2267; x_wconf 84' lang='lat'><strong>,</strong></span> <span class='ocrx_word' id='word_1_452' title='bbox 574 2223 700 2271; x_wconf 91' lang='lat' dir='ltr'><strong>ipsique</strong></span> <span class='ocrx_word' id='word_1_453' title='bbox 735 2223 905 2270; x_wconf 86' lang='lat' dir='ltr'><strong>psallamus</strong></span> <span class='ocrx_word' id='word_1_454' title='bbox 926 2224 1053 2271; x_wconf 85' lang='lat' dir='ltr'><strong>spiritu,</strong></span> 
     </span>
     <span class='ocr_line' id='line_1_72' title="bbox 299 2278 1052 2326; baseline 0.003 -14"><span class='ocrx_word' id='word_1_455' title='bbox 299 2278 470 2325; x_wconf 88' lang='lat' dir='ltr'><strong>psallamus</strong></span> <span class='ocrx_word' id='word_1_456' title='bbox 496 2286 524 2313; x_wconf 92' lang='lat' dir='ltr'><strong>et</strong></span> <span class='ocrx_word' id='word_1_457' title='bbox 554 2286 681 2318; x_wconf 86' lang='lat' dir='ltr'><strong>mente,</strong></span> <span class='ocrx_word' id='word_1_458' title='bbox 721 2290 838 2326; x_wconf 89' lang='lat' dir='ltr'><strong>oreque</strong></span> <span class='ocrx_word' id='word_1_459' title='bbox 871 2286 901 2314; x_wconf 89' lang='lat' dir='ltr'><strong>et</strong></span> <span class='ocrx_word' id='word_1_460' title='bbox 932 2291 1052 2326; x_wconf 86' lang='lat' dir='ltr'><strong>opere,</strong></span> 
     </span>
     <span class='ocr_line' id='line_1_73' title="bbox 298 2331 1053 2380; baseline 0.001 -13"><span class='ocrx_word' id='word_1_461' title='bbox 298 2340 451 2379; x_wconf 87' lang='lat' dir='ltr'><strong>quantum</strong></span> <span class='ocrx_word' id='word_1_462' title='bbox 474 2332 546 2367; x_wconf 86' lang='lat' dir='ltr'><strong>sinit</strong></span> <span class='ocrx_word' id='word_1_463' title='bbox 570 2332 705 2368; x_wconf 83' lang='lat' dir='ltr'><strong>humana</strong></span> <span class='ocrx_word' id='word_1_464' title='bbox 720 2331 881 2378; x_wconf 79' lang='lat' dir='ltr'><strong>fragilitas,</strong></span> <span class='ocrx_word' id='word_1_465' title='bbox 904 2345 960 2380; x_wconf 93' lang='lat' dir='ltr'><strong>pro</strong></span> <span class='ocrx_word' id='word_1_466' title='bbox 984 2342 1053 2368; x_wconf 89' lang='lat' dir='ltr'><strong>tan—</strong></span> 
     </span>
     <span class='ocr_line' id='line_1_74' title="bbox 300 2386 1053 2435; baseline 0.001 -14"><span class='ocrx_word' id='word_1_467' title='bbox 300 2386 401 2435; x_wconf 88' lang='lat' dir='ltr'><strong>tisque</strong></span> <span class='ocrx_word' id='word_1_468' title='bbox 420 2386 608 2422; x_wconf 90' lang='lat' dir='ltr'><strong>muneribus</strong></span> <span class='ocrx_word' id='word_1_469' title='bbox 626 2387 744 2434; x_wconf 79' lang='lat' dir='ltr'><strong>gratias</strong></span> <span class='ocrx_word' id='word_1_470' title='bbox 759 2399 902 2433; x_wconf 85' lang='lat' dir='ltr'><strong>agamus,</strong></span> <span class='ocrx_word' id='word_1_471' title='bbox 926 2396 1053 2423; x_wconf 84' lang='lat' dir='ltr'><strong>orantes</strong></span> 
     </span>
     <span class='ocr_line' id='line_1_75' title="bbox 298 2440 1051 2490; baseline 0.001 -15"><span class='ocrx_word' id='word_1_472' title='bbox 298 2449 329 2476; x_wconf 86' lang='lat' dir='ltr'><strong>et</strong></span> <span class='ocrx_word' id='word_1_473' title='bbox 363 2440 565 2476; x_wconf 86' lang='lat' dir='ltr'><strong>obsecrantes</strong></span> <span class='ocrx_word' id='word_1_474' title='bbox 601 2448 658 2485; x_wconf 84' lang='lat' dir='ltr'><strong>ut,</strong></span> <span class='ocrx_word' id='word_1_475' title='bbox 682 2440 954 2488; x_wconf 87' lang='lat' dir='ltr'><strong>quemadmodum</strong></span> <span class='ocrx_word' id='word_1_476' title='bbox 992 2443 1051 2490; x_wconf 93' lang='lat' dir='ltr'><strong>ipsi</strong></span> 
     </span>
     <span class='ocr_line' id='line_1_76' title="bbox 298 2493 1053 2544; baseline 0 -14"><span class='ocrx_word' id='word_1_477' title='bbox 298 2493 411 2530; x_wconf 87' lang='lat' dir='ltr'><strong>Graeci</strong></span> <span class='ocrx_word' id='word_1_478' title='bbox 446 2503 538 2544; x_wconf 87' lang='lat' dir='ltr'><strong>atque</strong></span> <span class='ocrx_word' id='word_1_479' title='bbox 570 2495 702 2531; x_wconf 84' lang='lat' dir='ltr'><strong>Armeni</strong></span> <span class='ocrx_word' id='word_1_480' title='bbox 727 2507 825 2531; x_wconf 91' lang='lat' dir='ltr'><strong>unum</strong></span> <span class='ocrx_word' id='word_1_481' title='bbox 854 2507 925 2530; x_wconf 91' lang='lat' dir='ltr'><strong>cum</strong></span> <span class='ocrx_word' id='word_1_482' title='bbox 946 2495 1053 2532; x_wconf 86' lang='lat' dir='ltr'><strong>Eccle-</strong></span> 
     </span>
     <span class='ocr_line' id='line_1_77' title="bbox 296 2547 1053 2591; baseline 0.001 -7"><span class='ocrx_word' id='word_1_483' title='bbox 296 2549 341 2584; x_wconf 84' lang='lat' dir='ltr'><strong>sia</strong></span> <span class='ocrx_word' id='word_1_484' title='bbox 362 2547 506 2584; x_wconf 89' lang='lat' dir='ltr'><strong>Romana</strong></span> <span class='ocrx_word' id='word_1_485' title='bbox 531 2549 633 2585; x_wconf 81' lang='lat' dir='ltr'><strong>effecti</strong></span> <span class='ocrx_word' id='word_1_486' title='bbox 656 2556 743 2591; x_wconf 89' lang='lat' dir='ltr'><strong>sunt,</strong></span> <span class='ocrx_word' id='word_1_487' title='bbox 772 2551 811 2584; x_wconf 91' lang='lat' dir='ltr'><strong>ita</strong></span> <span class='ocrx_word' id='word_1_488' title='bbox 842 2549 916 2584; x_wconf 81' lang='lat' dir='ltr'><strong>fiant</strong></span> <span class='ocrx_word' id='word_1_489' title='bbox 951 2558 981 2584; x_wconf 91' lang='lat' dir='ltr'><strong>et</strong></span> <span class='ocrx_word' id='word_1_490' title='bbox 1005 2562 1053 2585; x_wconf 91' lang='lat' dir='ltr'><strong>ce-</strong></span> 
     </span>
     <span class='ocr_line' id='line_1_78' title="bbox 297 2603 1052 2652; baseline 0 -13"><span class='ocrx_word' id='word_1_491' title='bbox 297 2611 381 2639; x_wconf 90' lang='lat' dir='ltr'><strong>terae</strong></span> <span class='ocrx_word' id='word_1_492' title='bbox 405 2604 563 2650; x_wconf 86' lang='lat' dir='ltr'><strong>nationes,</strong></span> <span class='ocrx_word' id='word_1_493' title='bbox 589 2605 773 2652; x_wconf 85' lang='lat' dir='ltr'><strong>praesertim</strong></span> <span class='ocrx_word' id='word_1_494' title='bbox 797 2603 916 2640; x_wconf 84' lang='lat' dir='ltr'><strong>Cliristi</strong></span> <span class='ocrx_word' id='word_1_495' title='bbox 940 2604 1052 2639; x_wconf 84' lang='lat' dir='ltr'><strong>chara-</strong></span> 
     </span>
     <span class='ocr_line' id='line_1_79' title="bbox 298 2658 1051 2708; baseline 0.003 -14"><span class='ocrx_word' id='word_1_496' title='bbox 298 2665 381 2694; x_wconf 84' lang='lat' dir='ltr'><strong>ctere</strong></span> <span class='ocrx_word' id='word_1_497' title='bbox 403 2658 582 2706; x_wconf 81' lang='lat' dir='ltr'><strong>insignitae,</strong></span> <span class='ocrx_word' id='word_1_498' title='bbox 608 2666 638 2695; x_wconf 85' lang='lat' dir='ltr'><strong>et</strong></span> <span class='ocrx_word' id='word_1_499' title='bbox 662 2666 744 2694; x_wconf 85' lang='lat' dir='ltr'><strong>totus</strong></span> <span class='ocrx_word' id='word_1_500' title='bbox 760 2658 897 2708; x_wconf 88' lang='lat' dir='ltr'><strong>denique</strong></span> <span class='ocrx_word' id='word_1_501' title='bbox 912 2659 1051 2708; x_wconf 89' lang='lat' dir='ltr'><strong>populus</strong></span> 
     </span>
    </p>
   </div>
   <div class='ocr_carea' id='block_1_12' title="bbox 1095 2066 1849 2161">
    <p class='ocr_par' dir='ltr' id='par_1_12' title="bbox 1095 2066 1849 2161">
     <span class='ocr_line' id='line_1_80' title="bbox 1097 2066 1849 2115; baseline 0.001 -15"><span class='ocrx_word' id='word_1_502' title='bbox 1097 2067 1341 2113; x_wconf 81' lang='lat' dir='ltr'><strong>inspectionem,</strong></span> <span class='ocrx_word' id='word_1_503' title='bbox 1373 2080 1454 2115; x_wconf 90' lang='lat' dir='ltr'><strong>quae</strong></span> <span class='ocrx_word' id='word_1_504' title='bbox 1477 2080 1514 2103; x_wconf 85' lang='lat' dir='ltr'><strong>ex</strong></span> <span class='ocrx_word' id='word_1_505' title='bbox 1539 2068 1658 2102; x_wconf 89' lang='lat' dir='ltr'><strong>sanctis</strong></span> <span class='ocrx_word' id='word_1_506' title='bbox 1685 2066 1849 2102; x_wconf 88' lang='lat' dir='ltr'><strong>Ecclesiae</strong></span> 
     </span>
     <span class='ocr_line' id='line_1_81' title="bbox 1095 2116 1848 2161; baseline 0.001 -11"><span class='ocrx_word' id='word_1_507' title='bbox 1095 2116 1244 2151; x_wconf 89' lang='lat' dir='ltr'><strong>Patribus</strong></span> <span class='ocrx_word' id='word_1_508' title='bbox 1265 2125 1295 2152; x_wconf 89' lang='lat' dir='ltr'><strong>et</strong></span> <span class='ocrx_word' id='word_1_509' title='bbox 1325 2117 1512 2153; x_wconf 91' lang='lat' dir='ltr'><strong>doctoribus</strong></span> <span class='ocrx_word' id='word_1_510' title='bbox 1546 2117 1681 2152; x_wconf 90' lang='lat' dir='ltr'><strong>deducta</strong></span> <span class='ocrx_word' id='word_1_511' title='bbox 1705 2124 1791 2161; x_wconf 82' lang='lat' dir='ltr'><strong>sunt,</strong></span> <span class='ocrx_word' id='word_1_512' title='bbox 1818 2123 1848 2151; x_wconf 88' lang='lat' dir='ltr'><strong>et</strong></span> 
     </span>
    </p>
   </div>
   <div class='ocr_carea' id='block_1_13' title="bbox 1093 2170 1848 2708">
    <p class='ocr_par' dir='ltr' id='par_1_13' title="bbox 1093 2170 1848 2708">
     <span class='ocr_line' id='line_1_82' title="bbox 1096 2170 1848 2220; baseline 0 -15"><span class='ocrx_word' id='word_1_513' title='bbox 1096 2183 1217 2211; x_wconf 84' lang='lat' dir='ltr'><strong>earum,</strong></span> <span class='ocrx_word' id='word_1_514' title='bbox 1234 2171 1273 2207; x_wconf 87' lang='lat' dir='ltr'><strong>de</strong></span> <span class='ocrx_word' id='word_1_515' title='bbox 1287 2172 1401 2220; x_wconf 87' lang='lat' dir='ltr'><strong>quibus</strong></span> <span class='ocrx_word' id='word_1_516' title='bbox 1417 2172 1580 2219; x_wconf 79' lang='lat' dir='ltr'><strong>agebatur,</strong></span> <span class='ocrx_word' id='word_1_517' title='bbox 1605 2183 1708 2206; x_wconf 91' lang='lat' dir='ltr'><strong>rerum</strong></span> <span class='ocrx_word' id='word_1_518' title='bbox 1723 2170 1848 2205; x_wconf 88' lang='lat' dir='ltr'><strong>discus-</strong></span> 
     </span>
     <span class='ocr_line' id='line_1_83' title="bbox 1095 2225 1847 2272; baseline -0.001 -12"><span class='ocrx_word' id='word_1_519' title='bbox 1095 2225 1217 2260; x_wconf 89' lang='lat' dir='ltr'><strong>sionem</strong></span> <span class='ocrx_word' id='word_1_520' title='bbox 1242 2225 1367 2260; x_wconf 88' lang='lat' dir='ltr'><strong>tandem</strong></span> <span class='ocrx_word' id='word_1_521' title='bbox 1390 2225 1539 2272; x_wconf 81' lang='lat' dir='ltr'><strong>expedire</strong></span> <span class='ocrx_word' id='word_1_522' title='bbox 1562 2225 1780 2266; x_wconf 86' lang='lat' dir='ltr'><strong>iudicavimus,</strong></span> <span class='ocrx_word' id='word_1_523' title='bbox 1809 2236 1847 2259; x_wconf 86' lang='lat' dir='ltr'><strong>ne</strong></span> 
     </span>
     <span class='ocr_line' id='line_1_84' title="bbox 1097 2278 1846 2326; baseline 0 -13"><span class='ocrx_word' id='word_1_524' title='bbox 1097 2279 1156 2314; x_wconf 88' lang='lat' dir='ltr'><strong>ulla</strong></span> <span class='ocrx_word' id='word_1_525' title='bbox 1191 2280 1221 2314; x_wconf 93' lang='lat' dir='ltr'><strong>in</strong></span> <span class='ocrx_word' id='word_1_526' title='bbox 1262 2279 1401 2315; x_wconf 88' lang='lat' dir='ltr'><strong>futurum</strong></span> <span class='ocrx_word' id='word_1_527' title='bbox 1436 2279 1476 2315; x_wconf 86' lang='lat' dir='ltr'><strong>dc</strong></span> <span class='ocrx_word' id='word_1_528' title='bbox 1521 2279 1590 2315; x_wconf 80' lang='lat' dir='ltr'><strong>fidei</strong></span> <span class='ocrx_word' id='word_1_529' title='bbox 1615 2281 1740 2314; x_wconf 88' lang='lat' dir='ltr'><strong>veritate</strong></span> <span class='ocrx_word' id='word_1_530' title='bbox 1762 2278 1846 2326; x_wconf 87' lang='lat' dir='ltr'><strong>apud</strong></span> 
     </span>
     <span class='ocr_line' id='line_1_85' title="bbox 1096 2333 1845 2381; baseline 0 -13"><span class='ocrx_word' id='word_1_531' title='bbox 1096 2334 1180 2381; x_wconf 90' lang='lat' dir='ltr'><strong>ipsos</strong></span> <span class='ocrx_word' id='word_1_532' title='bbox 1216 2334 1428 2369; x_wconf 86' lang='lat' dir='ltr'><strong>Armenorum</strong></span> <span class='ocrx_word' id='word_1_533' title='bbox 1458 2334 1622 2369; x_wconf 87' lang='lat' dir='ltr'><strong>haesitatio</strong></span> <span class='ocrx_word' id='word_1_534' title='bbox 1644 2345 1712 2369; x_wconf 88' lang='lat' dir='ltr'><strong>esse</strong></span> <span class='ocrx_word' id='word_1_535' title='bbox 1737 2333 1845 2375; x_wconf 85' lang='lat' dir='ltr'><strong>valeat,</strong></span> 
     </span>
     <span class='ocr_line' id='line_1_86' title="bbox 1094 2386 1844 2436; baseline -0.003 -14"><span class='ocrx_word' id='word_1_536' title='bbox 1094 2396 1188 2435; x_wconf 89' lang='lat' dir='ltr'><strong>atque</strong></span> <span class='ocrx_word' id='word_1_537' title='bbox 1207 2388 1288 2423; x_wconf 84' lang='lat' dir='ltr'><strong>idem</strong></span> <span class='ocrx_word' id='word_1_538' title='bbox 1321 2401 1377 2436; x_wconf 88' lang='lat' dir='ltr'><strong>per</strong></span> <span class='ocrx_word' id='word_1_539' title='bbox 1399 2390 1503 2424; x_wconf 89' lang='lat' dir='ltr'><strong>omnia</strong></span> <span class='ocrx_word' id='word_1_540' title='bbox 1523 2388 1645 2435; x_wconf 87' lang='lat' dir='ltr'><strong>sapiant</strong></span> <span class='ocrx_word' id='word_1_541' title='bbox 1667 2400 1739 2423; x_wconf 92' lang='lat' dir='ltr'><strong>cum</strong></span> <span class='ocrx_word' id='word_1_542' title='bbox 1761 2386 1844 2421; x_wconf 87' lang='lat' dir='ltr'><strong>Sede</strong></span> 
     </span>
     <span class='ocr_line' id='line_1_87' title="bbox 1095 2441 1845 2491; baseline -0.007 -12"><span class='ocrx_word' id='word_1_543' title='bbox 1095 2443 1288 2491; x_wconf 86' lang='lat' dir='ltr'><strong>Apostolica,</strong></span> <span class='ocrx_word' id='word_1_544' title='bbox 1312 2443 1452 2490; x_wconf 90' lang='lat' dir='ltr'><strong>unioque</strong></span> <span class='ocrx_word' id='word_1_545' title='bbox 1476 2443 1542 2490; x_wconf 86' lang='lat' dir='ltr'><strong>ipsa</strong></span> <span class='ocrx_word' id='word_1_546' title='bbox 1577 2441 1699 2477; x_wconf 87' lang='lat' dir='ltr'><strong>stabilis</strong></span> <span class='ocrx_word' id='word_1_547' title='bbox 1726 2449 1755 2475; x_wconf 89' lang='lat' dir='ltr'><strong>et</strong></span> <span class='ocrx_word' id='word_1_548' title='bbox 1778 2452 1845 2488; x_wconf 87' lang='lat' dir='ltr'><strong>per·</strong></span> 
     </span>
     <span class='ocr_line' id='line_1_88' title="bbox 1096 2496 1844 2546; baseline -0.005 -14"><span class='ocrx_word' id='word_1_549' title='bbox 1096 2506 1187 2546; x_wconf 86' lang='lat' dir='ltr'><strong>petua</strong></span> <span class='ocrx_word' id='word_1_550' title='bbox 1212 2499 1281 2533; x_wconf 87' lang='lat' dir='ltr'><strong>sine</strong></span> <span class='ocrx_word' id='word_1_551' title='bbox 1313 2497 1375 2531; x_wconf 91' lang='lat' dir='ltr'><strong>ullo</strong></span> <span class='ocrx_word' id='word_1_552' title='bbox 1410 2496 1559 2544; x_wconf 86' lang='lat' dir='ltr'><strong>scrupulo</strong></span> <span class='ocrx_word' id='word_1_553' title='bbox 1595 2501 1782 2543; x_wconf 80' lang='lat' dir='ltr'><strong>perseveret.</strong></span> <span class='ocrx_word' id='word_1_554' title='bbox 1809 2501 1844 2528; x_wconf 91' lang='lat' dir='ltr'><strong>ut</strong></span> 
     </span>
     <span class='ocr_line' id='line_1_89' title="bbox 1093 2548 1843 2598; baseline -0.008 -11"><span class='ocrx_word' id='word_1_555' title='bbox 1093 2551 1153 2587; x_wconf 90' lang='lat' dir='ltr'><strong>sub</strong></span> <span class='ocrx_word' id='word_1_556' title='bbox 1174 2551 1311 2598; x_wconf 90' lang='lat' dir='ltr'><strong>quodam</strong></span> <span class='ocrx_word' id='word_1_557' title='bbox 1337 2551 1419 2585; x_wconf 92' lang='lat' dir='ltr'><strong>brevi</strong></span> <span class='ocrx_word' id='word_1_558' title='bbox 1442 2550 1630 2597; x_wconf 89' lang='lat' dir='ltr'><strong>compendio</strong></span> <span class='ocrx_word' id='word_1_559' title='bbox 1652 2548 1843 2584; x_wconf 80' lang='lat' dir='ltr'><strong>orthodoxae</strong></span> 
     </span>
     <span class='ocr_line' id='line_1_90' title="bbox 1095 2602 1843 2652; baseline -0.005 -12"><span class='ocrx_word' id='word_1_560' title='bbox 1095 2605 1164 2641; x_wconf 83' lang='lat' dir='ltr'><strong>fidei</strong></span> <span class='ocrx_word' id='word_1_561' title='bbox 1193 2605 1372 2645; x_wconf 85' lang='lat' dir='ltr'><strong>veritatem,</strong></span> <span class='ocrx_word' id='word_1_562' title='bbox 1405 2617 1498 2652; x_wconf 89' lang='lat' dir='ltr'><strong>quam</strong></span> <span class='ocrx_word' id='word_1_563' title='bbox 1535 2616 1629 2651; x_wconf 88' lang='lat' dir='ltr'><strong>super</strong></span> <span class='ocrx_word' id='word_1_564' title='bbox 1662 2602 1843 2652; x_wconf 85' lang='lat' dir='ltr'><strong>praemissis</strong></span> 
     </span>
     <span class='ocr_line' id='line_1_91' title="bbox 1093 2655 1840 2708; baseline -0.008 -12"><span class='ocrx_word' id='word_1_565' title='bbox 1093 2659 1235 2696; x_wconf 86' lang='lat' dir='ltr'><strong>Romana</strong></span> <span class='ocrx_word' id='word_1_566' title='bbox 1259 2659 1423 2708; x_wconf 85' lang='lat' dir='ltr'><strong>profitetur</strong></span> <span class='ocrx_word' id='word_1_567' title='bbox 1455 2658 1607 2698; x_wconf 86' lang='lat' dir='ltr'><strong>Ecclesia,</strong></span> <span class='ocrx_word' id='word_1_568' title='bbox 1629 2668 1684 2704; x_wconf 90' lang='lat' dir='ltr'><strong>per</strong></span> <span class='ocrx_word' id='word_1_569' title='bbox 1706 2656 1765 2691; x_wconf 88' lang='lat' dir='ltr'><strong>hoc</strong></span> <span class='ocrx_word' id='word_1_570' title='bbox 1783 2655 1840 2691; x_wconf 86' lang='lat' dir='ltr'><strong>de-</strong></span> 
     </span>
    </p>
   </div>
  </div>
 </body>
</html>
