2281 3251
154 248 204 273 An.
220 248 247 274 C.
266 249 330 275 11185

136 1811 184 1830 Eius
193 1810 268 1831 testum
278 1812 311 1831 die

129 1842 151 1862 155
166 1842 262 1862 novemb.
279 1841 311 1867 :igi

128 1874 230 1896 ‹let-eruit.
243 1876 263 1893 et
279 1878 310 1893 se-

127 1903 236 1929 pulchrum
258 1903 311 1923 visi-

126 1933 218 1954 tantibus
231 1933 309 1960 indulg.

126 1965 232 1986 concedit.

932 249 1141 271 iwrifflm'ltts
1164 249 1221 271 Vttl
1246 248 1294 271 Pt‘.

346 309 427 337 tatus
462 302 525 345 sit,
561 302 758 348 plenitudine
801 303 945 337 caelestis
977 303 1092 348 gratiae

344 356 535 390 admirabilis
555 355 722 402 refulgeat,
748 365 839 391 restat
864 364 895 391 ut
911 369 1013 392 nostra
1036 369 1092 404 ap—

344 409 526 456 probatione
555 410 636 444 inter
670 409 788 444 clectos
815 419 845 444 ct
880 418 1005 445 sanctos
1032 411 1090 446 Dei

342 463 507 504 laudetur,
545 463 623 497 inter
659 463 840 498 benedictos
873 464 1089 507 benedicatur;

341 529 421 563 quae
440 516 480 550 illi
494 517 618 551 abunde
639 517 867 564 imparticmur,
883 519 907 553 si
923 531 995 553 eum
1011 519 1090 554 inter

340 578 464 605 sanctos
478 570 636 606 Ecclesiae
651 571 936 617 adnumerainlum,
953 586 1008 619 pro
1021 586 1089 608 san-

339 632 388 658 cto
412 624 636 665 venerandum,
658 633 751 670 atque
775 625 909 672 publicis
932 635 962 661 et
977 627 1090 662 solem-

340 677 434 711 nibus
461 677 749 724 supplicationibus
786 679 927 726 votisque
955 680 985 714 in
1009 681 1088 716 mis-

337 743 441 765 sarum
464 731 729 767 celebrationibus
756 732 863 768 aliisve
885 734 998 769 divinis
1017 736 1085 769 olli-

337 785 396 819 ciis
428 785 664 829 invocandum,
696 787 867 833 apostolica
903 789 1086 823 auctoritate

338 838 593 873 iudicaverimus⁴
623 839 672 874 Ad
697 840 820 874 laudem
851 841 946 886 igitur
967 843 1084 876 aeterni

337 891 416 935 Dei,
450 892 630 928 individuae
653 893 813 928 Trinitatis
836 893 936 928 Patris
958 903 987 929 et
1013 895 1082 929 Filii

336 955 363 980 et
388 946 525 993 Spiritus
548 946 666 991 Sancti,
694 947 731 981 ad
756 947 827 981 fidei
851 947 1019 983 catholicae
1036 962 1085 984 ro-

336 1000 394 1034 bur
425 1009 455 1034 et
482 1010 720 1041 ornamentum,
747 1001 784 1035 ad
820 1001 977 1047 religionis
1006 1004 1085 1038 chri-

334 1054 453 1088 stianae
468 1055 587 1089 cultum
603 1054 797 1100 augendum,
813 1055 997 1090 auctoritate
1018 1057 1084 1092 Do-

335 1107 409 1142 mini
450 1108 545 1142 nostri
585 1107 654 1142 Iesu
693 1107 808 1142 Christi
851 1120 885 1141 ac
922 1107 1080 1145 beatorum

335 1161 417 1195 Petri
441 1170 471 1195 et
502 1161 589 1195 Pauli
612 1160 824 1207 apostolorum
853 1168 882 1195 et
905 1170 1021 1206 nostra,
1045 1164 1082 1199 de

334 1214 560 1249 venerabilium
588 1214 715 1249 fratrum
746 1224 922 1263 nostrorum
939 1217 1081 1259 consilio,

331 1268 500 1302 statuimus
516 1295 523 1308 ‚
559 1267 728 1302 definimus
762 1275 792 1302 et
833 1270 1081 1315 pronunciamus

331 1335 356 1356 s.
379 1321 589 1368 Leopoldum,
604 1320 750 1356 Austriac
774 1322 997 1369 marchionem,
1013 1337 1081 1361 san-

331 1382 453 1409 ctornm
470 1374 633 1420 cathalogo
649 1373 944 1420 adscribendum,et
956 1378 1080 1424 publica

331 1428 531 1463 veneratione
546 1440 602 1475 pro
615 1435 722 1463 sancto
739 1428 983 1472 observandum,
999 1433 1080 1469 sicut

330 1490 360 1516 et
382 1494 438 1517 nos
460 1482 546 1516 illum
571 1482 601 1515 in
633 1482 877 1528 praesentiarum
914 1485 1079 1522 manifesta

331 1548 405 1570 voce
427 1545 606 1571 sanctorum
627 1535 790 1582 cathalogo
812 1539 1022 1584 annectimus,
1044 1554 1079 1577 ac

330 1589 489 1624 minorum
518 1588 736 1624 consessorum
773 1602 905 1625 numero
931 1592 1079 1642 adiungi—

329 1655 411 1687 mus,
435 1643 559 1690 publice
581 1651 724 1678 sanctum
748 1644 930 1686 delinimus,
954 1649 1078 1694 profite-

328 1710 399 1732 mur
425 1705 455 1732 et
478 1709 675 1732 veneramur.

375 1751 395 1797 g
423 1752 479 1785 16.
507 1750 690 1785 Statuentes
711 1750 826 1786 festum
850 1752 990 1789 eiusdem
1027 1755 1077 1792 die

332 1806 371 1837 17
400 1803 549 1839 kalendas
575 1804 751 1838 decembris
777 1804 892 1840 debere
914 1808 1076 1851 celebrari,

325 1866 355 1893 et
377 1859 446 1905 ipso
480 1858 559 1893 festo
587 1857 655 1892 cius
688 1858 906 1905 sepulchrum,
929 1862 1012 1907 quod
1045 1864 1074 1897 in

327 1913 485 1959 praedicto
500 1912 689 1946 monasterio
703 1912 1035 1958 existit,visitantibus‚
1047 1926 1075 1952 et

324 1978 380 2013 pro
403 1966 641 2001 manutentione
663 1965 739 2000 dicti
762 1968 942 2002 monasterii
963 1983 1076 2007 manus

323 2020 558 2067 porrigentibus
580 2020 762 2065 adiutriceS,
782 2030 902 2069 septem
925 2036 1025 2060 annos
1044 2036 1074 2061 et

323 2074 452 2110 totidem
475 2075 692 2123 quadragenas
715 2076 941 2125 indulgentiae,
961 2080 991 2115 in
1010 2081 1074 2116 for-

322 2140 371 2163 ma
386 2128 544 2165 Ecclesiae
557 2130 802 2167 misericorditer
818 2134 979 2180 perpetuis
998 2143 1074 2170 tem-

322 2183 453 2229 poribus
471 2184 687 2220 concedimus.

370 2237 453 2272 Nulli
477 2251 552 2285 ergo
574 2248 626 2274 etc.

370 2291 404 2327 Si
432 2293 504 2339 quis
525 2300 631 2328 autem
654 2302 707 2328 etc.

370 2347 483 2382 Datum
507 2347 628 2383 Romae
654 2349 736 2396 apud
753 2349 906 2385 Sanctum
929 2351 1072 2393 Petrum,

319 2413 401 2436 anno
429 2401 654 2438 incarnationis
686 2402 862 2440 dominicae
899 2405 1069 2442 millesimo

319 2455 631 2502 quadringentesimo
646 2459 861 2505 octuagesimo
876 2460 1000 2506 quinto,
1016 2473 1072 2496 oc-

319 2517 389 2544 tavo
407 2509 477 2545 idus
492 2510 637 2556 ianuarii,
658 2511 858 2559 pontificatus
874 2513 971 2548 nostri
989 2526 1070 2549 anno

318 2564 433 2610 primo.

377 2625 437 2657 Dat.
454 2627 500 2658 die
515 2627 533 2658 ὃ
548 2628 676 2658 ianuarii
697 2628 782 2666 1485,
799 2633 877 2668 pont.
898 2639 975 2660 anno
992 2639 1010 2660 1.

1767 238 1835 269 505

1481 301 1532 336 ltt.

1138 376 1214 408 Unio
1231 375 1485 409 iiconasteri'oritm
1507 374 1752 418 conyreqationis
1774 386 1884 407 viona-

1183 426 1307 458 chorum
1323 425 1420 458 Vallis
1434 424 1608 461 Umbrosae,
1624 425 1679 457 sub
1700 435 1761 457 uno
1777 425 1884 457 abbate

1180 475 1330 517 qencrdlc',
1355 474 1559 517 ›tunicupando
1594 474 1685 506 Vallis
1707 473 1882 511 Umbrosae‚

1182 530 1207 556 et
1219 524 1397 568 praefinitio
1412 523 1635 556 nonnullarum
1649 523 1883 556 ordinationum

1178 584 1236 616 pro
1259 573 1402 615 rcyimi'ne
1411 572 1629 605 monachorum
1649 572 1746 605 (lictae
1761 583 1883 615 congre-

1178 622 1313 665 ytaeta'oitt's
1347 623 1402 654 sub
1437 621 1554 665 Περαία
1579 621 1689 654 Sancti
1712 621 1878 658 Benedicti,

1181 671 1408 714 iurisdictioquc
1428 671 1559 704 eiusdem
1581 670 1699 704 abbatis
1726 671 1781 712 (Ι).

1395 747 1609 778 summum!

1130 808 1318 839 Procemium.
1352 826 1390 831 —
1416 810 1438 839 1.
1458 809 1663 839 Monasterium
1692 809 1720 840 S.
1750 810 1827 840 Salvi
1855 815 1882 840 et

1168 853 1247 883 aliud
1273 855 1484 883 monasterium
1506 854 1533 883 S.
1556 853 1706 884 Michaelis
1730 855 1764 884 de
1783 854 1882 884 Passi-

1168 907 1263 934 g'nano
1287 907 1317 926 sc
1341 898 1557 927 concordarunt
1580 902 1610 927 ut
1629 899 1772 937 sequitur,
1802 899 1881 929 vide-

1168 941 1244 970 licet:
1272 958 1310 963 —-
1328 941 1355 970 2.
1374 941 1458 976 Quod
1477 942 1539 980 ipsa
1560 943 1738 972 monasteria
1759 943 1881 972 uniren-

1168 989 1224 1021 tur,
1247 985 1297 1014 sed
1317 985 1443 1023 quilibet
1465 985 1557 1014 abbas
1581 986 1610 1015 in
1630 995 1684 1015 suo
1704 987 1767 1016 iure
1786 996 1881 1017 rema—

1172 1033 1264 1066 neret;
1282 1045 1320 1051 —-
1338 1030 1364 1059 3.
1383 1029 1553 1068 Regulaque
1575 1030 1602 1059 S.
1619 1029 1768 1060 Benedicti
1787 1031 1817 1060 in
1837 1032 1879 1061 eis

1166 1073 1382 1111 observaretur,
1400 1090 1438 1095 —
1454 1074 1483 1103 li.
1506 1073 1539 1103 Et
1561 1074 1705 1113 quaedam
1724 1075 1780 1104 alia
1801 1075 1878 1105 circa

1165 1117 1297 1156 regimen
1310 1117 1357 1147 dd.
1377 1118 1624 1147 monasteriorum
1639 1122 1666 1147 et
1683 1127 1791 1148 munus
1809 1120 1879 1149 utri-

1166 1171 1259 1200 usque
1278 1161 1479 1191 abbatis—5.
1495 1161 1877 1200 Callist.lllpraedictorum

1165 1205 1404 1235 informationem
1421 1205 1598 1244 archiepisc.
1614 1205 1784 1235 Florentino
1801 1216 1880 1236 com-

1166 1249 1246 1278 misit
1269 1254 1296 1279 et
1320 1250 1408 1279 ctiam
1431 1249 1644 1280 executionem.
1659 1266 1698 1271 —
1716 1250 1743 1279 6.
1765 1249 1834 1280 Pius
1855 1251 1879 1280 ll

1164 1304 1178 1322 a
1199 1293 1346 1332 praedicto
1366 1293 1590 1332 archiepiscopo
1614 1293 1753 1323 unionem
1773 1294 1877 1324 saetam

1164 1338 1257 1366 fuisse
1281 1337 1403 1376 accepit,
1423 1337 1473 1366 sed
1491 1346 1548 1366 non
1568 1336 1698 1375 plenarie
1717 1343 1878 1376 executum,

1164 1381 1391 1421 superveniente
1408 1380 1489 1410 obitu
1505 1380 1619 1411 Callisti
1635 1380 1682 1410 lll.
1697 1398 1736 1404 ·—
1753 1383 1778 1411 7.
1797 1382 1878 1413 Ideo-

1163 1435 1220 1465 que
1236 1425 1334 1455 abbati
1350 1424 1380 1453 B.
1396 1424 1503 1454 Mariae
1519 1424 1636 1455 Floren.
1657 1426 1686 1455 in
1705 1427 1875 1457 eorumdem

1164 1469 1401 1500 informationem
1420 1473 1448 1499 et
1460 1469 1673 1507 executionem,
1688 1475 1716 1500 et
1734 1473 1875 1503 nonnulla

1162 1515 1247 1545 etiam
1272 1514 1409 1553 specifice
1429 1514 1624 1544 demandavit.
1643 1531 1682 1536 —
1705 1516 1732 1544 8.
1754 1515 1836 1546 Paul.
1853 1517 1874 1546 ll

1162 1558 1309 1598 praedicta
1333 1558 1430 1587 onmia
1448 1562 1566 1587 executa
1590 1558 1632 1587 sic
1655 1558 1750 1589 fuisse
1769 1569 1874 1599 perce-

1163 1603 1212 1641 pit,
1240 1618 1279 1624 —
1300 1603 1328 1632 0.
1350 1601 1384 1631 Et
1406 1602 1508 1631 iterato
1533 1601 1693 1640 plenariam
1723 1605 1873 1634 executio—

1161 1656 1226 1676 nem
1247 1646 1404 1676 commisit.
1427 1662 1465 1666 —
1484 1646 1530 1675 10.
1550 1645 1620 1675 Sixt.
1641 1645 1676 1675 lV
1695 1647 1773 1677 idem
1796 1648 1873 1679 fecit.

1161 1708 1199 1712 —
1221 1691 1263 1719 11.
1289 1690 1356 1720 Post
1379 1690 1450 1719 haec
1474 1689 1595 1719 abbates
1626 1691 1779 1729 generales
1804 1702 1874 1723 con-

1160 1735 1319 1765 stituerunt
1334 1743 1421 1764 unam
1439 1734 1695 1773 congregationem
1711 1745 1777 1766 cum
1797 1737 1871 1767 infra

1160 1779 1293 1809 dicendis
1313 1778 1461 1816 capitum,
1478 1783 1505 1808 et
1527 1788 1579 1818 pro
1598 1788 1699 1809 eorum
1716 1782 1873 1812 confirma-

1161 1824 1239 1853 tione
1268 1823 1474 1862 supplicarunt
1507 1823 1576 1853 huic
1599 1823 1742 1862 Pontifici,
1764 1842 1803 1848 —
1828 1827 1871 1856 1'2.

1159 1867 1211 1897 Hic
1235 1867 1320 1897 modo
1339 1866 1472 1896 Pontifex
1494 1876 1526 1896 ea
1546 1867 1709 1898 confirmat.
1724 1886 1762 1891 —
1781 1870 1824 1900 13.
1839 1870 1873 1900 Et

1159 1913 1193 1941 de
1210 1921 1282 1941 novo
1305 1911 1408 1941 eadem
1429 1912 1590 1948 statuit‚-
1608 1912 1652 1942 14.
1673 1912 1874 1948 Quibuscum-

1159 1966 1214 1995 que
1238 1966 1295 1986 non
1319 1955 1516 1985 obstantibus.
1544 1972 1583 1978 —
1605 1956 1700 1986 Tenor
1719 1958 1767 1988 dd.
1792 1960 1873 1998 capi-

1160 2001 1287 2031 tulorum
1307 2001 1355 2031 hic
1373 2001 1523 2030 inseritur.
1541 2017 1580 2022 —
1600 2001 1644 2030 15.
1663 2001 1870 2033 illonasteriuni

1161 2046 1251 2076 Vallis
1278 2046 1440 2077 Umbrosae
1465 2053 1492 2077 et
1514 2048 1577 2077 eius
1601 2048 1690 2078 abbas
1718 2050 1756 2079 sit
1785 2057 1871 2090 caput

1158 2100 1296 2129 congreg.
1323 2108 1363 2113 —
1392 2092 1438 2122 16.
1466 2092 1656 2131 congregatio
1682 2093 1772 2124 Vallis
1796 2094 1869 2125 Um-

1158 2135 1262 2166 lirosae
1287 2137 1502 2167 denominetur.
1525 2155 1564 2160 —
1582 2138 1627 2167 17.
1650 2138 1748 2169 Abbas
1776 2149 1868 2178 gene—

1157 2181 1228 2210 ralis
1251 2182 1289 2211 sit
1317 2187 1486 2221 perpetuus,
1513 2187 1540 2212 et
1562 2182 1612 2212 alii
1635 2183 1819 2222 amovibiles,
1839 2190 1869 2215 ut

1158 2225 1243 2255 infra.
1262 2242 1300 2247 —
1319 2226 1364 2256 18.
1383 2226 1547 2266 Capitulum
1560 2236 1625 2265 gen.
1640 2228 1766 2267 singulis
1780 2230 1867 2260 annis

1156 2270 1330 2305 celebretur,
1350 2271 1379 2300 in
1408 2280 1501 2310 eoque
1518 2276 1580 2302 octo
1600 2273 1745 2312 eligantur
1768 2274 1865 2311 defin„

1156 2319 1184 2344 et
1201 2315 1292 2345 abbas
1322 2315 1468 2354 generalis
1495 2317 1670 2355 praesideat,
1688 2334 1727 2339 —
1746 2318 1791 2349 19.
1811 2319 1866 2355 Qui

1157 2364 1246 2390 totum
1278 2365 1483 2400 representent
1508 2362 1668 2401 capitulum
1698 2364 1865 2394 omnimoda

1156 2409 1307 2444 potestate,
1325 2422 1363 2427 —-
1388 2405 1434 2435 ⁶20.
1454 2405 1545 2441 Quam
1570 2412 1702 2437 exerceat
1719 2409 1866 2446 generalis

1154 2459 1220 2479 cum
1245 2449 1349 2479 maiori
1372 2453 1452 2488 parte
1471 2450 1669 2481 definitorum.
1687 2468 1725 2473 —
1743 2451 1790 2481 21.
1808 2453 1864 2483 Alii

1154 2493 1276 2523 abbates
1305 2499 1333 2523 et
1351 2494 1463 2533 priores
1490 2495 1641 2525 annuatim
1671 2496 1815 2534 eligantur
1837 2499 1864 2527 in

1149 2556 1189 2592 (1)
1210 2557 1247 2583 De
1264 2557 1358 2583 horum
1380 2557 1571 2584 monachorum
1592 2559 1755 2585 institutione
1771 2562 1795 2586 et
1809 2560 1866 2585 aliis

1114 2604 1160 2624 eos
1182 2597 1416 2629 concernentibus,
1434 2597 1495 2624 vide
1510 2606 1570 2633 sup.
1588 2598 1613 2624 in
1630 2598 1741 2625 Constit.
1755 2599 1865 2627 vntUr-

1113 2636 1173 2663 bani
1188 2637 1221 2669 Il,
1240 2639 1304 2662 (11111
1323 2639 1462 2670 iniit-ersis,
1481 2641 1544 2664 tom.
1564 2646 1592 2670 11,
1616 2646 1673 2673 pag.
1698 2639 1756 2665 155.

1900 243 1952 272 An.
1970 244 1998 270 C.
2018 244 2084 271 tltfs'b'
