2281 3251
78 268 127 295 An.
146 268 174 295 C.
194 267 259 294 ¹513

949 266 1011 288 1130
1036 267 1057 288 Χ
1079 265 1128 288 ΡΡ.

1700 255 1764 287 581

275 320 364 356 mada
377 327 495 364 sancta,
517 331 653 366 quorum
669 328 772 355 tamen
789 320 950 366 deputatio
975 320 1025 354 fiat
1043 322 1049 352 1
1067 319 1189 355 ostendi
1203 320 1333 366 possint.
1343 319 1453 354 Pr'ior
1447 331 1586 366 ipsorum
1602 319 1732 354 domum
1743 319 1821 354 Poe-

273 377 344 404 ante
353 381 413 424 ,per
434 381 589 408 mensem,
608 376 637 403 et
655 369 869 416 approbentur
888 370 1022 417 primuni

276 431 329 465 per
352 419 491 465 ipsorum
516 418 637 473 primes
664 426 693 453 et
722 419 888 465 praelatos,
912 419 1025 454 deinde

274 480 328 514 per
349 467 517 513 collegium
543 468 880 523 poenitentiariorum,
910 476 1026 515 postre-

273 529 324 551 mo
347 528 402 570 per
416 517 566 551 maiorem
591 526 955 564 poemt‹1uia11umnec
973 530 1026 551 nu-

273 578 358 601 mero
374 566 438 600 sint
453 566 531 600 ultra
546 567 718 612 sexaginta.
728 567 858 611 Verum,
875 567 899 601 si
916 567 1024 601 turbae

273 615 442 650 multitudo
464 624 517 650 aut
534 617 704 651 necessitas
726 617 830 672 aliqua
848 617 955 657 dictet
970 628 1026 651 rr—

272 665 417 720 quirente
431 665 565 711 collegio
583 667 907 713 poenitentiariorum,
928 667 1026 712 possit

272 727 287 748 a
305 715 412 749 maiori
436 715 675 762 poenitentiario
689 716 795 761 augeri
808 728 960 750 numerus
974 728 1026 749 us-

271 776 332 811 qne
353 764 390 799 ad
406 773 546 806 centum,
569 778 584 799 a
601 765 715 811 quibus
740 774 841 800 tamen
861 766 1025 812 poeniten-

274 813 352 848 tiarii
372 814 415 848 nil
431 814 568 861 exigant
582 815 636 849 sed
654 823 739 861 parte
755 815 842 848 tertia
858 815 902 849 vel
917 822 1025 861 quarta

272 863 560 910 eleemosynarum,
583 872 676 919 prout
698 864 877 899 substitutis
901 864 1025 897 iidtbi-

273 920 334 953 tur,
358 921 470 959 sponte
486 913 602 958 oblata,
615 914 840 954 sintcontenti,
859 926 938 960 quie
955 913 1028 959 qui-

273 961 375 996 dem
370 975 399 996 in
422 963 525 1009 aliqua
554 971 636 997 certa
660 975 751 1009 capsa
773 976 828 1010 pro
853 976 909 997 usu
927 971 956 996 et
972 975 1028 996 ne-

273 1011 473 1046 cessitatibus
485 1012 1027 1059 domusPoenitentiariaeponatur,

275 1061 299 1095 si
328 1073 421 1095 secus
448 1061 593 1101 feceriut,
616 1062 835 1108 suspensionis
858 1070 888 1095 et
916 1061 1027 1107 triplici

275 1109 408 1145 fabricae
420 1110 565 1146 basilicae
582 1111 970 1158 PrincipisApostolorum
988 1110 1027 1145 de

273 1159 359 1195 Urbe
382 1160 562 1195 inferendae
586 1173 703 1207 poenae
726 1160 919 1194 subiaceant.
943 1159 1029 1194 Sub-

275 1209 391 1244 stitutis
412 1218 515 1244 autem
538 1222 636 1257 poena
656 1210 843 1256 superiusin
857 1209 1029 1255 poeniten—

276 1258 372 1293 tiariis
393 1271 540 1314 expressa
553 1259 773 1306 suspensionis
795 1267 825 1293 et
847 1259 1030 1293 remotionis

275 1307 314 1342 ab
341 1309 490 1343 exercitio
513 1309 689 1354 irrogetur
713 1309 736 1342 si
761 1321 776 1342 a
804 1307 1029 1342 confitentibus

275 1357 445 1404 quidquam
463 1365 580 1404 petere,
602 1365 654 1392 aut
681 1335 738 1405 pro
762 1358 865 1392 missis
887 1358 1029 1392 dicendis

275 1407 404 1453 aliquid,
427 1408 520 1442 etiam
538 1420 553 1441 a
576 1415 687 1453 sponte
710 1407 930 1447 offerentibus,
947 1408 1029 1442 reci-

277 1468 349 1503 pere
369 1457 436 1491 ausi
461 1457 586 1491 suerint.
609 1457 649 1491 Et
665 1469 703 1491 ne
719 1457 802 1492 illius
820 1457 1028 1503 ignorantiam

277 1506 483 1552 praetendere
499 1507 631 1547 valeant,
655 1506 700 1541 eis
723 1519 777 1553 per
799 1506 926 1542 eosdem
947 1519 1031 1552 poe-

276 1556 473 1590 nitentiarios
495 1556 524 1590 in
542 1568 650 1590 eornm
674 1556 889 1602 deputatione,
904 1556 963 1590 sub
978 1569 1030 1590 ea-

277 1604 348 1640 dem
368 1617 478 1651 poena,
493 1605 664 1651 significari
678 1605 799 1640 debeat.
815 1605 1031 1640 Poenitentia-

278 1655 312 1688 rii
325 1655 434 1689 solitas
448 1655 713 1701 congregationes
728 1668 790 1690 non
810 1655 1029 1696 intermittant,

277 1704 344 1746 sed,
368 1705 462 1739 missa
475 1717 602 1739 summo
624 1717 716 1739 mane
739 1704 777 1739 de
800 1717 887 1739 more
914 1705 1030 1745 audita,

277 1753 314 1788 ad
336 1754 564 1789 conserendum
586 1755 666 1789 inter
688 1767 721 1789 se
744 1766 840 1801 super
861 1766 1031 1789 occurren-

278 1802 362 1838 tibus
375 1804 721 1839 conscientiaecasibus
736 1805 934 1844 conveniant,
946 1804 984 1838 ita
1000 1812 1032 1838 ut

280 1861 425 1899 peccator
440 1853 528 1888 nullo
544 1853 650 1898 verbo,
665 1855 757 1900 signo
773 1853 817 1888 vel
835 1861 912 1887 nutu
931 1854 1033 1887 mani-

279 1902 421 1945 festetur-3
444 1915 501 1937 nee
525 1903 662 1944 interim,
684 1911 738 1938 aut
753 1902 875 1947 abesse,
890 1910 941 1937 aut
957 1915 1033 1937 con-

279 1950 431 1987 fessiones
444 1953 536 1987 etiam
550 1953 660 1987 audire
671 1961 884 2000 praesumant,
894 1952 952 1987 sub
966 1964 1033 1987 sus-

281 2002 443 2047 pensionis
478 2015 589 2048 poena.
612 2003 713 2037 Tanto
729 2010 870 2049 tempore
894 2002 923 2036 in
947 2001 1033 2036 sedi-

280 2050 339 2085 bus
370 2059 401 2085 et
428 2051 506 2086 locis
534 2052 599 2086 suis
627 2051 806 2093 resideant,
833 2060 951 2098 quanto
980 2063 1034 2097 per

281 2105 524 2140 constitutiones
552 2113 671 2140 veteres
697 2105 888 2151 obligantur,
911 2117 948 2140 ne
972 2105 1034 2139 ullo

282 2170 421 2206 unquam
437 2167 577 2206 tempore
589 2167 732 2205 peccator
745 2158 855 2193 obvios
869 2171 930 2194 nou
948 2159 1035 2193 inve-

281 2212 344 2246 niat
358 2222 568 2260 praeparatos.
585 2212 711 2247 Possint
734 2226 833 2247 unum
854 2212 953 2247 fidum
975 2212 1033 2247 sibi

281 2265 509 2312 eligere,etiam
524 2267 575 2314 qui
588 2267 844 2314 poenitentiarius
855 2267 976 2308 nonsit,
991 2274 1034 2308 ut,

283 2320 312 2354 in
323 2320 502 2356 Plumbaria
516 2333 660 2363 manens,
674 2322 793 2356 tertiam
808 2330 927 2368 partem
938 2321 1036 2368 plum-

283 2374 313 2409 bi
336 2376 622 2411 emolumentorum
652 2376 698 2411 eis
720 2375 938 2410 obvenientein
957 2388 1036 2422 pro-

283 2438 371 2465 curet
386 2438 415 2465 et
430 2430 514 2466 illius
529 2438 714 2478 computum
730 2437 846 2469 teneat,
864 2442 935 2464 cum
954 2430 1037 2476 ipsos

283 2484 321 2518 ad
343 2485 403 2520 hoc
430 2485 593 2520 intendere
612 2485 742 2519 minime
765 2484 885 2518 deceat.
910 2483 1039 2518 Proces-

285 2551 350 2581 sus,
365 2539 418 2587 qui
435 2552 490 2587 per
508 2552 561 2574 eos
584 2539 622 2574 de
649 2538 785 2585 peccatis
801 2537 933 2572 secretis
948 2537 1037 2579 fiunt,

284 2593 365 2639 apud
390 2594 475 2640 ipsos
498 2601 724 2628 conserventur
748 2601 778 2627 et
805 2591 1037 2632 custodiantur,

285 2657 342 2681 nec
363 2647 401 2682 ad
425 2647 518 2684 alium
543 2647 702 2684 transferri
726 2647 852 2693 locum,
874 2654 926 2682 aut
950 2646 1037 2682 alteri

1068 370 1273 410 nitentiariae,
1296 370 1384 416 quasi
1407 370 1589 409 sacrarium,
1600 369 1638 403 ab
1651 369 1736 403 omni
1754 369 1820 402 irn-

1069 419 1184 453 munda
1200 418 1439 453 conversatione
1451 418 1620 459 custodiat,
1645 426 1748 464 portas
1763 418 1821 452 lio-

1071 468 1112 503 ris
1130 468 1243 502 debitis
1259 468 1382 503 claudat
1401 475 1493 514 atque
1508 469 1643 514 aperiat,
1658 476 1820 512 suspectas

1071 529 1219 564 personas
1234 517 1378 552 excludat
1395 517 1440 551 vel
1458 530 1518 551 nou
1535 518 1689 551 admittat.
1705 517 1821 551 Came-

1069 579 1117 601 ras
1139 567 1262 601 illorum
1279 567 1345 601 aliis
1372 579 1465 613 quam
1491 566 1741 613 poenitentiariis
1758 566 1822 600 lia-

1069 616 1166 650 bitare
1193 629 1254 650 non
1283 617 1378 655 sinat,
1406 628 1462 650 nec
1484 616 1541 650 alia
1563 628 1704 662 prorsuS,
1726 628 1821 662 quam

1068 666 1092 700 si
1119 665 1262 711 religiosa
1286 665 1400 699 domus
1431 673 1526 705 esset,
1548 677 1621 699 cura
1654 665 1822 711 gubernet,

1070 727 1186 761 poenas
1212 714 1322 749 borum
1341 714 1612 760 trangressoribus
1633 714 1822 749 authoritate

1071 772 1174 798 nostra
1196 764 1362 810 imponens
1384 776 1551 810 congruas.
1569 763 1640 798 Sint
1663 772 1821 810 praeterea

1070 813 1216 847 undecim
1228 821 1345 847 tantum
1357 826 1500 854 numero,
1511 814 1591 847 iuxta
1601 813 1822 860 antiquascon·

1069 862 1254 897 suetudines
1277 872 1306 897 et
1329 863 1582 906 constitutiones,
1600 874 1657 897 nec
1680 863 1716 896 ad
1733 874 1824 897 rece-

1070 912 1208 958 ptionem
1223 912 1587 958 supranitinerariorum,
1604 920 1674 947 ante
1689 912 1824 946 vacatio-

1071 974 1154 1001 nem,
1178 969 1340 1006 cogantur,
1369 974 1426 996 nec
1455 961 1599 995 mandata
1621 962 1651 995 in
1674 969 1823 996 eventum

1072 1011 1179 1045 mortis
1201 1011 1325 1044 illorum
1351 1010 1411 1045 ulla
1439 1011 1613 1055 signentur,
1640 1023 1676 1045 ae
1703 1011 1824 1056 signata

1071 1072 1131 1094 non
1150 1068 1287 1101 teneant,
1310 1060 1449 1107 exceptis
1472 1060 1539 1103 liis,
1561 1061 1614 1106 qui
1643 1072 1728 1094 nunc
1754 1069 1824 1094 actu

1071 1109 1208 1143 officium
1232 1117 1391 1149 exercent,
1413 1109 1458 1143 vel
1481 1109 1534 1155 qui
1562 1109 1714 1143 hactenus
1735 1121 1751 1143 a
1766 1122 1825 1144 no-

1071 1158 1119 1192 bis
1147 1158 1251 1192 literas
1277 1158 1466 1204 apostolicas
1493 1158 1553 1192 sub
1583 1158 1711 1205 plumbo
1742 1158 1826 1193 obti-

1072 1215 1222 1250 nuerunt,
1238 1208 1354 1254 quibus
1370 1207 1586 1253 praeiudicare
1609 1220 1671 1242 non
1689 1208 1827 1242 intendi-

1074 1256 1826 1304 inus.Etcumossiciumhuiusmodipersonalem

1073 1306 1274 1341 residentiam
1298 1307 1328 1340 in
1352 1306 1495 1340 Romana
1518 1305 1614 1340 Curia
1637 1306 1773 1341 maxime
1796 1314 1827 1342 et

1072 1356 1251 1391 necessario
1267 1356 1416 1403 requirat,
1427 1356 1509 1390 circa
1525 1355 1671 1390 absentes
1686 1355 1723 1390 ad
1740 1368 1828 1403 prae-

1072 1418 1156 1446 sens,
1176 1406 1407 1452 cuiuscumque
1424 1405 1560 1439 nationis
1573 1405 1647 1449 sint,
1660 1413 1690 1439 et
1705 1406 1758 1451 qui
1776 1405 1825 1440 ab·

1072 1463 1179 1490 sentes
1198 1455 1276 1490 ultra
1293 1468 1410 1489 anuum
1436 1454 1481 1489 vel
1505 1454 1669 1489 biennium
1685 1454 1724 1488 ab
1741 1453 1825 1489 Urbe

1073 1513 1103 1539 et
1125 1504 1219 1539 Curia
1243 1513 1409 1549 steterunt,
1430 1504 1499 1538 sine
1523 1516 1615 1538 eausa
1634 1504 1775 1550 legitima
1797 1512 1828 1539 et

1074 1554 1326 1598 nostralicentia,
1345 1554 1587 1589 constitutiones
1609 1565 1720 1587 eorum
1743 1553 1827 1588 circa

1075 1604 1281 1651 privationem
1299 1605 1407 1638 talium
1430 1612 1537 1638 exacte
1556 1611 1586 1638 et
1600 1603 1739 1649 rigorose
1759 1615 1827 1638 ser-

1073 1654 1135 1687 vari
1152 1653 1297 1688 volumus
1310 1662 1338 1688 et
1353 1652 1701 1699 mandamus,aliosque
1717 1664 1825 1687 eorum

1074 1702 1143 1737 loco
1165 1702 1307 1750 deputari
1338 1703 1382 1737 vel
1410 1703 1583 1748 surrogari,
1601 1702 1684 1736 iuxta
1707 1702 1827 1737 consti-

1075 1752 1231 1786 tutionum
1261 1752 1352 1787 offleii
1378 1760 1530 1787 tenorem.
1554 1751 1588 1786 lu
1612 1751 1700 1786 nullo
1722 1760 1826 1786 autem

1074 1814 1168 1848 supra
1184 1814 1406 1848 expressorum
1424 1814 1555 1837 casuum
1572 1800 1703 1836 facultas
1719 1801 1826 1835 dilecti

1075 1851 1129 1885 filii
1154 1851 1249 1886 nostri
1272 1851 1441 1892 Leonardi,
1456 1851 1534 1885 tituli
1553 1850 1685 1885 Sanctae
1700 1850 1828 1885 Susan-

1076 1913 1134 1935 nae
1163 1900 1335 1948 presbyteri
1358 1901 1545 1941 cardinalis,
1568 1900 1697 1935 maioris
1726 1900 1828 1947 poeni-

1076 1950 1325 1991 tentiarii‚laesa
1354 1951 1398 1985 vel
1436 1951 1598 1984 immutata
1626 1949 1828 1995 intelligatur,

1076 1999 1132 2034 sed
1157 2000 1187 2034 iu
1211 2012 1270 2035 suo
1286 2000 1398 2035 robore
1421 2000 1508 2034 firma
1531 1999 1657 2046 penitus
1674 2007 1704 2033 et
1728 1999 1830 2034 invio-

1076 2049 1134 2084 lata
1146 2050 1493 2097 permane313eton111ia
1509 2048 1700 2096 supradicta,
1710 2049 1829 2095 regenti

1078 2104 1247 2139 correctori
1270 2112 1301 2139 et
1323 2103 1456 2138 auditori
1476 2102 1643 2150 prohibita,
1664 2114 1718 2150 per
1744 2102 1832 2149 seip-

1078 2170 1147 2193 sum
1165 2171 1312 2194 exercere
1337 2158 1446 2203 valeat,
1469 2156 1596 2204 quando
1618 2156 1831 2192 conscientiae

1078 2219 1108 2246 et
1130 2213 1316 2259 prudentiae
1343 2225 1418 2248 suae
1443 2211 1607 2247 videbitur.

1127 2270 1142 2310 ἕ
1172 2269 1227 2302 19.
1250 2267 1427 2302 Literarum
1447 2265 1691 2314 apostolicarum
1712 2264 1832 2301 sollici-

1079 2329 1194 2357 tatores
1217 2335 1272 2370 pro
1297 2322 1449 2358 universis
1466 2321 1560 2356 bullis
1581 2321 1733 2356 ecclesiae
1750 2321 1832 2355 titu—

1080 2375 1152 2410 laris
1180 2377 1390 2423 provisionem
1419 2375 1695 2420 concernentibus,
1718 2374 1832 2409 videli-

1079 2437 1127 2464 cet
1151 2442 1207 2477 pro
1230 2430 1315 2464 bulla
1339 2429 1528 2477 provisionis
1555 2437 1585 2464 et
1610 2429 1831 2472 absolutionis,

1080 2483 1245 2519 exercendi
1270 2483 1471 2531 pontificalia,
1496 2483 1656 2530 pensionis
1679 2482 1833 2517 ducento-

1080 2550 1149 2573 rum
1170 2538 1369 2582 ducatorum,
1383 2550 1439 2572 seu
1455 2537 1641 2572 retentionis
1663 2535 1832 2570 beneficio<

1081 2604 1174 2637 rum,
1196 2604 1277 2639 quae
1304 2603 1414 2626 omnes
1436 2592 1487 2635 ei,
1515 2591 1552 2626 de
1581 2590 1674 2626 cuius
1698 2601 1833 2637 persona

1080 2646 1230 2683 ecclesiae
1267 2645 1380 2681 titulari
1418 2645 1621 2693 providetur,
1655 2644 1832 2680 necessaria

1834 265 1883 290 An.
1902 264 1929 290 C.
1947 264 2012 291 1513

1847 2276 2001 2297 sollicitatores
2010 2275 2031 2295 ti<

1848 2313 1939 2330 terarum
1948 2311 2030 2334 aposto-

1847 2339 1940 2359 lieni-um,
