2281 3251
241 270 292 298 Aa.
308 269 336 298 c.
355 270 422 298 ¹5¹3
489 258 559 292 554

440 335 504 361 tere
518 325 725 369 contingeret,
752 324 899 371 prosequi
923 332 951 358 et
966 323 1124 369 complere
1140 332 1187 357 te-

439 384 580 411 neantur.
623 374 819 409 Occurrente
854 385 926 408 vero
962 373 1188 420 impedimento

440 425 598 473 praedicto
613 433 643 458 et
667 432 771 471 postea
787 432 941 466 cessante,
954 423 1186 470 quamprimum

441 484 584 523 poterunt
626 473 803 513 commode,
828 473 1060 519 impositionem
1085 472 1190 508 liuius-

441 525 522 560 modi
547 524 687 559 reficiant
708 532 738 558 et
765 523 966 570 adimpleant.

488 576 577 619 348.
593 574 722 608 Necnon
740 573 838 620 quod,
851 572 963 607 diebus
979 572 1095 619 quibus
1110 584 1190 607 non-

252 637 307 657 At‘ne
318 636 425 662 indumen·
440 625 541 660 nullae
554 623 648 659 Urbis
661 623 822 666 ecclesiae,
842 635 896 669 pro
909 622 1097 657 stationibus
1112 635 1190 657 cou-

243 669 424 720 :Jss‘gssfflfsfm‘
439 674 622 722 sequendis,
636 686 652 708 a
669 672 927 708 christifidelitms
944 672 1059 707 visitari
1075 672 1189 713 solent,

438 726 580 772 quinque
608 723 712 757 altaria
749 722 900 757 ecclesiae
931 722 1110 757 monasterii
1134 734 1189 757 seu

438 775 568 809 alterius
584 774 642 808 loci
659 773 910 819 congregationis
922 772 1119 811 huiusmodi,
1136 771 1188 807 ubi

438 825 581 871 singulos
603 835 639 858 ex
662 823 707 857 eis
732 835 849 857 moram
867 822 990 857 trahere
1011 822 1190 868 contigerit,

438 882 491 909 aut
507 873 665 921 pauciora,
688 873 712 907 si
738 881 781 907 tot
804 872 844 907 ibi
864 884 926 907 non
942 872 1067 916 suerint,
1079 872 1190 906 devote

439 923 605 967 visitando,
618 922 781 969 semelque
801 922 954 969 psalmum
986 922 1189 969 incipientem

440 975 583 1008 Miserere
604 974 664 1007 mei
683 974 779 1012 Deus,
794 972 876 1019 apud
897 972 1062 1019 quodlibet
1083 971 1190 1011 altare,

440 1036 496 1070 pro
511 1023 590 1058 felici
614 1030 694 1057 statu
716 1021 858 1057 eiusdem
883 1030 1007 1057 sauctae
1032 1021 1191 1056 Romanae

439 1073 600 1108 Ecclesiae
623 1072 769 1113 dicendo,
785 1072 911 1107 easdem
935 1071 1149 1118 indulgentias
1163 1081 1191 1106 et

441 1131 640 1171 peccatorum
652 1123 853 1157 remissiones
861 1130 1106 1169 consequantur,
1115 1133 1192 1169 quas

441 1180 732 1220 consequerentur,
759 1172 784 1206 si
820 1173 902 1219 ipsas
924 1172 1020 1207 L'rbis
1045 1171 1192 1206 ecclesias

441 1232 516 1258 tunc
533 1221 738 1269 personaliter
756 1222 926 1262 visitarent,
950 1222 974 1256 si
990 1233 1062 1256 vero
1077 1221 1192 1268 aliquis

440 1285 477 1308 ex
495 1273 638 1320 personis
654 1271 908 1318 congregationis
924 1271 962 1306 de
978 1283 1057 1306 novo
1071 1280 1192 1306 erectae

440 1322 644 1366 huiusmodi,
674 1333 729 1368 pro
757 1321 857 1368 ipsius
883 1334 1030 1367 congreg.
1061 1321 1193 1368 negotiis

440 1381 493 1407 aut
508 1371 577 1406 aliis
592 1371 739 1418 legitimis
750 1372 866 1411 causis,
880 1379 964 1406 extra
985 1371 1108 1418 propria
1125 1383 1192 1405 mo-

442 1421 573 1457 nasteria
588 1433 704 1456 moram
721 1420 1085 1468 traxerint,ubicumque
1105 1433 1189 1455 com-

441 1471 566 1506 modius
583 1478 740 1517 poterunt.
769 1471 897 1505 totidem
921 1471 1024 1505 altaria
1049 1471 1078 1504 in
1108 1483 1191 1517 qua-

440 1520 836 1568 cumqueccclesia,dictos
847 1520 983 1568 psalmos
1003 1519 1193 1567 apudquod-

440 1571 514 1605 libet
528 1583 565 1605 ex
585 1570 679 1605 dictis
697 1569 846 1605 altaribus
860 1570 1035 1610 recitando,
1053 1578 1086 1604 ut
1101 1582 1192 1616 prae—

442 1621 585 1659 mittitur,
613 1620 827 1661 visitax·erint;
849 1627 880 1655 et
907 1620 932 1653 si
956 1621 1098 1654 conversi
1127 1620 1191 1654 sire

441 1670 602 1706 commissi
630 1669 733 1704 sorsan
762 1669 880 1705 dictum
909 1669 1065 1716 psalmum
1086 1669 1191 1705 dicere

442 1719 621 1755 nescientes
636 1719 765 1759 fuerint,
778 1728 822 1754 ter
833 1719 1016 1754 Orationem
1039 1718 1192 1754 Domini-

441 1781 509 1805 cam
541 1777 572 1804 et
594 1769 722 1804 totidem
753 1770 978 1804 Salutationem
1007 1769 1190 1815 Angelicam

443 1818 524 1865 apud
541 1818 1002 1866 quodlibetaltareliuiusmodi
1017 1820 1190 1863 recitando,
1210 1842 1213 1862 1

442 1868 584 1904 eamdem
599 1869 691 1903 etiam
708 1868 931 1915 indulgentiam
945 1878 1189 1916 consequantur.
1210 1868 1213 1917 l

490 1918 510 1966 g
526 1920 583 1953 49.
603 1918 761 1965 Quodque
777 1918 956 1953 huiusmodi
974 1918 1012 1954 de
1029 1931 1109 1954 novo
1123 1932 1189 1954 ere-

245 1974 384 2011 Asnaum.
407 1975 427 1995 in
442 1976 510 2004 ctae
532 1969 788 2015 congregationis
814 1968 994 2003 sacerdotes
1021 1968 1051 2002 in
1080 1969 1190 2004 itinere

245 2008 428 2060 ξῗῖζῖειθὴῗῖὶξ
441 2018 616 2060 constituti,
638 2026 689 2054 aut
710 2019 767 2054 alia
790 2030 882 2053 causa
905 2018 1191 2064 subsistente,ante

246 2073 340 2098 Ρ“·“““·
442 2068 525 2104 diem
553 2077 584 2104 ct
610 2081 713 2116 usque
739 2069 776 2104 ad
801 2080 915 2104 nonam
939 2068 1090 2104 inclusive
1113 2069 1190 2104 niis-

441 2136 507 2159 sam
535 2124 706 2160 celebrare.

490 2180 510 2228 g
533 2184 589 2215 50.
613 2179 770 2228 Quodque
792 2179 855 2215 duo
873 2191 911 2215 ex
932 2179 1071 2214 eremitis
1099 2192 1190 2228 prae-

259 2240 368 2276 Erqmitfr-
389 2245 429 2267 re·
444 2234 526 2279 satis,
544 2235 826 2282 singulotrienni0‚
845 2234 972 2269 Terram
986 2243 1017 2269 et
1031 2234 1089 2270 alia
1109 2235 1190 2270 Loca
1209 2219 1213 2256 l

245 2275 428 2331 li‘s‘i'l‘sssssssslll'lss
442 2289 557 2324 Sancta
579 2301 615 2324 ac
636 2288 787 2324 Sanctum
814 2289 960 2324 Iacobum
992 2289 1020 2323 in
1045 2288 1191 2336 Compo—

443 2344 533 2379 stella
556 2356 591 2379 ac
606 2344 775 2380 Beatorum
799 2343 883 2379 Petri
905 2351 936 2378 et
958 2343 1045 2378 Pauli
1072 2344 1190 2387 limina,

443 2398 483 2433 de
505 2411 661 2435 consensu
689 2400 815 2447 capituli
844 2399 963 2444 Eremi,
987 2398 1106 2446 absque
1133 2399 1189 2434 alia

443 2454 543 2490 dictae
564 2453 657 2490 Sedis
680 2454 806 2490 licentia
834 2454 969 2490 visitare.

493 2510 512 2557 g
531 2511 588 2545 51.
611 2510 657 2545 Ac
678 2509 792 2557 singuli
810 2509 976 2546 familiares
988 2510 1192 2546 monasterio-

263 2611 369 2632 ΜΙΗΗ
406 2617 416 2631 ο
445 2576 526 2606 rum,
543 2565 736 2613 prioratuum
759 2573 789 2600 et
805 2565 936 2600 aliorum
964 2565 1103 2600 locorum
1119 2577 1191 2600 con-

311 2620 315 2631 .
349 2619 381 2633 „-
420 2623 431 2627 -

249 2644 430 2671 mmmmm
445 2620 636 2667 gregationis
657 2619 696 2655 de
723 2632 803 2655 novo
830 2629 952 2656 erectae
985 2619 1190 2665 liuiusmodi,

249 2676 333 2697 ¹⁰⁷⁶*021
357 2676 432 2696 dmm·
446 2674 538 2709 etiam
561 2674 644 2716 laici,
672 2674 701 2710 in
729 2675 812 2710 illius
834 2675 973 2711 ecclesiis
990 2683 1113 2723 peccata
1135 2686 1189 2710 sua

1003 267 1191 291 nautum
1218 268 1380 292 nonnam

1994 268 2045 295 An.
2060 268 2089 296 C.
2110 267 2178 295 ¹5l5

1231 324 1385 363 confiteri,
1411 333 1441 358 et
1459 322 1634 359 Eucharist.
1658 331 1902 363 sacramentum,
1921 334 1980 358 cu-
1994 331 2177 355 interessemu—

1232 374 1327 409 iusris
1349 373 1473 408 licentia
1497 374 1626 409 minime
1650 373 1811 421 requisita,
1826 373 1980 420 recipere,
1995 364 2177 421 ζζζῒοέζζῖζῗ

1231 432 1261 459 et
1289 432 1432 470 tempore
1459 423 1615 459 interdicti
1659 423 1816 459 ordinaria
1844 423 1983 458 auctori-

1232 481 1292 508 tate
1315 473 1461 520 appositi,
1479 473 1594 508 clausis
1616 473 1729 517 ianuis,
1747 485 1782 508 ac
1802 485 1981 508 excommu-

1232 523 1345 558 nicatis
1367 531 1397 557 et
1421 522 1596 558 interdictis
1617 523 1765 568 exclusis,
1787 523 1890 558 divina
1919 523 1982 558 offi-

1232 574 1278 608 cia
1302 571 1411 608 audire
1438 572 1536 607 libere
1563 581 1592 607 et
1614 572 1698 608 licite
1720 573 1853 613 valeant,
1879 581 1982 608 aucto-

1234 623 1321 658 ritate
1344 631 1374 657 et
1405 631 1512 657 tenore
1546 622 1726 669 praemissis
1742 650 1751 667 ,
1778 622 1817 657 de
1837 622 1983 670 specialis

1232 672 1316 707 douo
1343 673 1484 719 gratiae,
1511 672 1716 707 concedimus
1743 672 1858 720 pariter
1879 681 1909 708 et
1933 673 1982 707 in-

1232 722 1411 767 dulgemus.

1281 772 1301 819 g
1323 774 1381 807 5⁶2.
1407 771 1561 807 Volumus
1583 779 1686 806 autem
1709 770 1795 818 quod
1819 770 1982 807 universae
2014 781 2180 804 Conservatores

1232 831 1263 858 et
1284 822 1428 868 singulae
1451 833 1604 869 personae
1618 848 1628 865 ,
1650 821 1768 868 quibus
1789 832 1901 856 causae
1927 834 1982 856 au·
1998 815 2177 842 ‘¹⁰³⁰'⁶⁸‘¹'⁰‘⁵¹¹¹'

1233 873 1374 907 ctoritate
1397 872 1556 907 literarum
1578 871 1824 918 apostolicarum
1847 871 1982 918 delegari
1998 846 2181 900 ἒῑῖῗὲῗῖυῗὶῗιῖῗῖἷ

1235 922 1368 969 possint,
1395 922 1470 957 dum
1495 929 1525 957 et
1552 922 1710 969 quotiens,
1737 933 1793 968 pro
1816 927 1901 968 parte
1927 912 2071 968 ge-‘¹¹⁶¹'⁰'

1235 972 1349 1007 neralis
1370 980 1400 1007 et
1422 972 1571 1007 abbatum
1586 999 1596 1016 ,
1623 971 1762 1018 priorum
1792 979 1823 1006 et
1844 983 1984 1006 conven-

1235 1030 1322 1057 tuum
1355 1034 1391 1056 ac
1425 1033 1630 1056 monacorum
1665 1020 1920 1068 congregationis
1946 1021 1984 1056 de

1235 1084 1315 1107 noro
1337 1079 1460 1107 erectae
1489 1070 1672 1106 huiusmodi
1695 1072 1742 1105 vel
1771 1071 1906 1106 alicuius
1927 1082 1984 1106 eo-

1234 1134 1317 1166 rum,
1339 1121 1456 1157 fuerint
1477 1121 1616 1168 legitime
1632 1120 1787 1168 requisiti,
1803 1119 1841 1155 ad
1868 1132 1984 1156 execu-

1236 1172 1351 1206 tionem
1382 1182 1656 1219 quarumcumque
1690 1170 1849 1206 literarum
1883 1169 1984 1206 dictae

1234 1221 1327 1256 Sedis
1350 1221 1653 1256 conservatoriarum
1671 1228 1934 1267 nuncupatarum,
1949 1219 1983 1256 S.

1234 1270 1396 1306 Michaelis
1418 1272 1456 1306 de
1488 1283 1568 1306 noro
1598 1277 1720 1306 erectae
1746 1270 1983 1316 congregationi

1236 1321 1427 1362 huiusmodi,
1450 1320 1498 1356 vel
1521 1321 1591 1356 eius
1614 1320 1823 1361 monasteriis,
1839 1319 1984 1367 priorati—

1235 1371 1306 1415 bus,
1325 1370 1488 1412 membris,
1501 1370 1678 1411 abbatibus,
1694 1370 1851 1417 prioribus
1869 1377 1899 1404 et
1913 1382 1986 1405 con-

1235 1420 1390 1463 ventibus,
1406 1428 1512 1455 contra
1535 1421 1595 1456 illis
1619 1420 1787 1455 inserentes
1812 1419 1984 1464 molestias,

1235 1471 1379 1514 iniurias,
1399 1470 1577 1517 gravamina
1596 1478 1689 1517 atque
1712 1469 1839 1513 damna,
1861 1481 1984 1505 conces-

1234 1533 1339 1555 sarum
1359 1520 1510 1555 hactenus
1525 1528 1555 1555 et
1579 1521 1609 1554 in
1629 1528 1788 1567 posterum
1812 1518 1984 1555 conceden-

1234 1570 1358 1614 darum,
1379 1570 1540 1618 perpetuis
1562 1569 1675 1605 futuris
1699 1569 1896 1616 temporibus
1910 1581 1984 1617 pro-

1234 1620 1362 1661 cedant,
1389 1632 1445 1668 per
1466 1631 1500 1655 se
1527 1619 1575 1655 rel
1602 1619 1691 1664 alios,
1718 1619 1793 1654 alias
1821 1619 1907 1654 iuxta
1928 1631 1984 1655 ea-

1235 1670 1379 1704 rumdem
1401 1670 1706 1705 conservator-iarum
1729 1669 1889 1704 literarum
1912 1681 1983 1705 con-

1235 1720 1396 1755 tinentiam
1425 1728 1519 1766 atque
1542 1720 1672 1755 formam
1690 1746 1699 1763 ,
1728 1719 1757 1753 in
1785 1719 1932 1755 omnibus
1953 1728 1984 1754 et

1235 1782 1288 1816 per
1309 1770 1413 1805 omnia
1429 1797 1437 1811 ,
1465 1769 1596 1817 perinde
1623 1781 1658 1804 ac
1680 1771 1706 1804 si
1734 1769 1984 1805 conservatoriae

1234 1820 1339 1855 literae
1362 1820 1407 1854 eis
1428 1832 1445 1854 a
1464 1819 1621 1867 principio
1636 1819 1789 1860 directae,
1811 1818 1920 1866 eisque
1939 1827 1983 1864 ut,

1233 1870 1375 1917 quamvis
1390 1869 1464 1904 alias
1487 1877 1724 1905 conservatores
1744 1880 1813 1904 esse
1831 1881 1893 1904 non
1910 1880 1983 1915 pos-

1233 1929 1327 1964 sent,
1362 1919 1430 1954 illas
1456 1927 1689 1966 exequerentur
1720 1930 1869 1966 expresse
1893 1930 1984 1954 man-

1232 1969 1362 2014 datum,
1395 1977 1424 2004 et
1457 1982 1553 2017 super
1584 1970 1644 2004 hoc
1674 1981 1826 2005 concessa
1854 1968 1983 2004 facultas

1233 2019 1353 2055 suisset.

1281 2074 1296 2113 ξ
1319 2072 1375 2105 55.
1405 2069 1560 2112 Quocirca
1593 2070 1716 2106 dilectis
1749 2069 1822 2106 filiis
1848 2069 1983 2106 Sanctae
2009 2083 2180 2112 nepuuuom-

1233 2124 1347 2160 Mariae
1369 2125 1582 2165 Flore-atinae,
1598 2134 1628 2160 et
1643 2125 1751 2161 Sancti
1770 2125 1898 2172 Georgii
1914 2126 1983 2161 Ma·
1996 2119 2103 2169 ζζῖῗζέῗ.
2117 2115 2179 2168 ᾞζῖ

1234 2180 1309 2214 ioris
1331 2179 1545 2225 Venetiarum,
1572 2192 1607 2215 ac
1625 2180 1732 2216 Sancti
1754 2179 1864 2216 Iuliani
1887 2181 1926 2216 de
1944 2178 2177 2216 Α-ιθιιιθῃηιιιιιηι

1234 2235 1346 2270 rimino
1376 2236 1636 2271 monasteriorum
1659 2234 1836 2280 abbatibus,
1854 2247 1979 2271 necnon

1233 2289 1413 2325 subdecano
1435 2290 1585 2325 ecclesiae
1599 2289 1810 2331 Florentinae‚
1832 2302 1889 2338 per
1904 2302 1982 2339 apo-

1233 2345 1302 2379 stol.
1326 2345 1453 2393 scripta,
1472 2354 1559 2380 motu
1580 2345 1674 2380 simili
1697 2344 1893 2388 mandamus,
1908 2358 1984 2394 qua-

1234 2407 1325 2435 tenus
1347 2401 1420 2448 ipsi,
1439 2401 1484 2436 vel
1505 2402 1579 2448 tres]
1600 2409 1652 2436 aut
1675 2400 1739 2436 duo
1769 2401 1814 2436 vel
1840 2414 1921 2437 unus
1935 2413 1982 2438 eo·

1235 2468 1302 2490 rum
1317 2484 1326 2501 ,
1356 2469 1410 2504 per
1432 2469 1465 2491 se
1489 2456 1538 2491 vel·
1561 2455 1658 2490 alium
1681 2467 1736 2491 seu
1763 2456 1861 2502 alios,
1889 2469 1982 2504 prae-

1234 2520 1337 2546 sentes
1359 2511 1474 2551 litcras,
1502 2523 1538 2546 ac
1559 2510 1662 2546 omnia
1686 2519 1717 2546 et
1738 2511 1860 2558 singula
1887 2512 1916 2546 in
1935 2512 1982 2548 eis

1234 2574 1404 2611 contenta,
1433 2566 1485 2601 ubi
1513 2574 1541 2602 et
1570 2565 1697 2613 quando
1723 2565 1919 2613 expedierit,
1945 2579 1982 2602 ac

1234 2621 1511 2669 quotiescumque,
1535 2633 1591 2669 pro
1613 2628 1698 2668 parte
1713 2620 1982 2667 generalis,‘visi-

1234 2682 1383 2717 tatorum‚
1405 2676 1574 2722 abbatum,
1601 2675 1813 2717 eremitarum,
1841 2675 1980 2724 priorum
