2281 3251
258 250 309 277 An.
326 249 441 278 (1.1516

297 557 407 582 ἶεῐοςιιιο

275 592 434 610 :cetariorum-

263 1837 341 1859 'Causa
365 1842 445 1859 consti-

265 1872 358 1890 tutionis.

503 238 575 272 690

456 303 603 340 domibus
632 301 676 337 rel
700 311 841 336 seorsum
865 298 1053 341 habitantes,
1082 295 1204 343 privile-

457 355 516 401 giis
543 362 573 388 et
601 348 854 387 immunitatibus
882 347 1064 395 praedictis,
1087 346 1115 379 in
1139 357 1204 379 om-

458 404 551 439 nibns
578 412 607 437 et
629 414 682 449 per
703 399 807 435 omnia
831 398 890 433 frui
918 406 947 432 et
974 395 1111 443 gaudere
1144 394 1203 430 de-

457 455 559 489 beant.

505 504 524 550 g
558 505 589 537 5.
625 501 694 536 Non
724 497 920 534 obstantibus
948 496 1032 540 illis,
1066 494 1200 544 quaein

457 553 537 588 dicta
573 549 798 587 constitutione
826 556 930 583 nostra
953 547 1111 581 voluimus
1140 557 1201 580 non

457 603 602 645 obstare,
639 599 832 646 caeterisque
865 597 1030 633 contrariis
1063 595 1203 644 quibus-

457 666 538 688 cuuit
555 664 603 686 tte.

505 665 619 737 Dulium
643 699 762 734 Romae
788 696 848 732 sub
870 696 989 732 annulo
1011 694 1179 731 Piscatoris
1195 722 1204 739 ,

457 752 506 787 die
536 751 633 798 prima
667 748 780 788 martii,
811 759 893 782 anno
921 746 1088 782 millesimo
1110 745 1205 793 quin-

456 801 632 849 gentesimo
653 799 869 834 decimoctavo
884 825 892 839 ,
916 797 1116 845 pontificatus
1144 807 1206 831 no-

457 862 510 887 stri
535 862 616 885 anno
642 861 673 883 v.

508 903 568 934 Dat.
587 903 634 934 die
653 903 666 932 1
689 901 784 932 martii
805 900 890 937 1518,
909 899 1011 940 pontif.
1035 908 1111 930 anno
1129 908 1154 928 v.

742 1020 833 1056 xxv
859 1023 915 1064 (ι).

459 1098 573 1132 Contra
594 1096 765 1130 mentientes
788 1106 934 1141 personas
958 1094 991 1127 in
1013 1093 1108 1127 literis
1137 1105 1209 1138 apo·

507 1147 620 1180 stolicis
647 1153 680 1180 ut
710 1157 815 1180 earum
848 1145 1069 1189 expeditionem
1110 1144 1209 1189 qract's

509 1203 722 1242 assequuntur,
760 1195 964 1241 osficialesque
994 1206 1098 1228 eorum
1120 1205 1208 1229 com—

506 1248 599 1292 plices
617 1248 673 1290 (Ξ).

731 1314 945 1346 smmAntL'M

460 1374 552 1405 Causa
572 1373 799 1404 constitutionis.
821 1390 860 1395 —
884 1374 908 1403 1.
931 1373 1102 1403 Mentientcs
1126 1382 1158 1403 se
1181 1373 1210 1403 in

500 1420 593 1449 literis
622 1423 713 1458 apost.
736 1423 916 1449 coercentur.
947 1435 986 1441 -
1012 1418 1039 1448 Ξ.
1062 1418 1209 1449 Officiales

501 1473 601 1495 eorum
621 1464 779 1503 complices
798 1463 970 1502 puniuntur.
993 1480 1032 1485 —
1052 1462 1079 1493 3.
1098 1463 1210 1494 Literae

502 1509 651 1546 expeditae
674 1508 772 1538 nullae
796 1513 873 1537 sunt.
895 1525 933 1530 —
954 1508 982 1538 4.
1002 1507 1155 1538 Decretum
1173 1509 1211 1539 ir-

500 1556 601 1585 ritans.
623 1570 661 1575 —
683 1554 710 1583 5.
733 1552 1098 1592 litssiopiiblicantli—-ti,
1121 1553 1210 1584 Dero-

501 1599 575 1635 j.:atio
599 1599 823 1629 contrariorum.
842 1615 879 1620 —
898 1598 1071 1628 Publicatio.

491 1669 538 1695 Leo
553 1668 692 1703 episcopus
712 1667 744 1694 ad
769 1667 929 1701 perpetuam
948 1665 990 1694 rei
1007 1666 1175 1699 memoriam,

696 1713 773 1739 motu
791 1711 899 1747 proprio
919 1712 973 1739 etc.

511 1775 706 1811 inhaerendo
746 1774 884 1821 vestigiis
930 1775 1208 1821 1··rae‹leccssornm
1230 1780 1233 1802 ’-

463 1837 637 1860 nostrornm
667 1825 880 1859 Romanorum
906 1824 1108 1861 Pontificum,
1128 1825 1210 1860 sicut
1231 1830 1233 1838 ¹

464 1889 524 1911 non
554 1877 673 1923 absque
695 1875 777 1921 gravi
802 1874 1002 1920 displicentia
1018 1875 1210 1921 accepimus,

463 1927 604 1962 nonnulii
634 1926 754 1958 animae
770 1937 843 1958 snat·
861 1924 994 1970 prodigi,
1017 1934 1045 1958 et
1065 1925 1210 1960 avaritiae

463 1977 572 2011 morbo
600 1975 801 2019 laboranteS,
830 1983 861 2009 nt
889 1974 992 2008 literas
1023 1975 1210 2021 apostolicas

462 2027 558 2073 gratis
585 2026 753 2072 expediant
780 2035 809 2059 et
838 2024 997 2059 Romanae
1020 2023 1135 2059 Curiae
1164 2025 1212 2059 os-

464 2076 580 2111 ticiales
598 2076 700 2110 debita
720 2087 829 2109 eornm
852 2075 994 2122 portione
1014 2074 1211 2115 tlt-fraudent,

464 2127 493 2160 in
516 2127 633 2161 eisdem
658 2126 756 2160 literis
780 2137 1016 2172 nonnumquam
1044 2125 1212 2160 venerabi-

463 2176 539 2211 lium
563 2175 690 2210 fratrum
708 2183 886 2210 nostrorum
910 2184 1036 2210 sanctae
1052 2174 1211 2210 Romanae

463 2225 627 2261 Ecclesiae
653 2225 903 2261 vicecancellarii
933 2233 963 2259 ct
985 2224 1117 2260 aliorum
1142 2237 1213 2260 car-

465 2275 616 2310 dinalium
639 2284 692 2311 aut
717 2275 904 2310 dilectorum
932 2275 1067 2310 liliorum
1091 2275 1211 2310 abbre-

465 2324 617 2360 viatorum
645 2325 684 2360 de
711 2325 819 2360 maiori
850 2325 1056 2373 praesidentia
1090 2337 1144 2361 seu
1174 2324 1212 2359 li-

465 2384 602 2411 terarum
627 2375 854 2423 praedictarum
870 2375 1074 2423 scriptorum,
1090 2387 1212 2411 necnon

465 2425 593 2461 aliarum
623 2438 826 2473 personarum
849 2438 1147 2474 quarumcumque,
1174 2438 1212 2461 ex

501 2497 540 2533 (1)
557 2497 625 2524 Haec
641 2497 794 2525 constitutio
810 2498 860 2525 sub
887 2506 998 2526 numero
1014 2506 1075 2526 xxx
1095 2505 1142 2533 per
1167 2505 1213 2524 er-

467 2546 554 2566 rorem
571 2539 596 2565 in
616 2538 676 2565 Edit
694 2539 768 2566 Rom.
782 2539 876 2574 legitur
894 2540 932 2575 (n.
950 2539 1000 2574 τ.).
1039 2539 1078 2575 (Q)
1095 2539 1150 2566 Hoc
1161 2538 1215 2566 sere

468 2578 553 2605 voluit
568 2579 648 2606 etiam
666 2579 756 2607 Innoc.
778 2579 837 2606 Vlll
856 2583 947 2607 contra
967 2579 1117 2615 praedictos
1136 2587 1214 2606 men-

469 2618 572 2651 tientes,
590 2623 619 2646 ut
634 2627 693 2656 sup.
713 2620 738 2647 in
760 2619 817 2647 eius
841 2620 948 2647 constit.
976 2627 1036 2653 xiv,
1056 2619 1123 2647 Cum
1137 2621 1214 2651 sicut,

468 2666 526 2694 pag.
544 2659 605 2687 529.

1024 240 1210 265 acuitatem
1237 239 1399 262 ROMANCM

1245 306 1378 341 quarum
1394 293 1597 340 qualitatibus
1615 300 1646 328 et
1667 292 1839 340 privilegiis
1865 293 1929 327 sive
1943 303 1996 326 an-

1247 346 1331 391 tiqua
1372 343 1601 379 consuetudine
1648 343 1751 379 literas
1786 343 1869 389 ipsas
1901 341 1996 388 gratis

1245 393 1395 441 expedire
1422 394 1548 433 solent,
1574 402 1705 441 nepotes
1741 402 1770 427 ct
1804 391 1996 440 quandoque

1245 455 1424 490 germanos
1453 443 1609 479 interdurn
1634 455 1706 478 vero
1729 442 1910 482 familiares,
1922 454 1995 476 con-

1246 494 1352 529 tinuos
1386 493 1615 529 commensales
1650 493 1746 528 fnisse
1770 500 1801 527 et
1822 504 1891 527 esse
1913 491 1996 526 affir-

1247 556 1343 584 mare,
1365 552 1395 579 et
1424 551 1456 578 ut
1479 544 1556 578 tales
1579 544 1608 578 in
1632 543 1724 578 dictis
1747 542 1843 577 literis
1866 541 1995 577 inscribi

1246 593 1347 630 facere
1378 602 1408 629 et
1444 593 1555 628 fecisse
1583 605 1644 628 non
1673 601 1833 632 verentur,
1855 604 1927 626 cum
1964 603 1996 626 re

1249 657 1316 679 vera
1341 644 1417 679 tales
1441 655 1502 678 non
1526 642 1653 686 fuerint,
1681 643 1711 677 in
1734 643 1910 677 animarum
1929 653 1998 676 sua-

1248 707 1315 729 rum
1345 693 1534 742 perieulum,
1558 693 1732 728 officiorum
1756 691 1898 726 eiusdem
1922 690 1998 726 Ro-

1248 757 1357 779 manae
1379 743 1494 779 Curiae
1511 755 1573 778 non
1587 742 1747 778 modicum
1765 741 1997 789 praeiudicium

1247 803 1277 830 ct
1295 805 1475 841 gravamen.

1296 845 1316 892 g
1345 846 1375 878 ·1.
1399 843 1463 878 Nos
1487 842 1591 889 igitur,
1609 841 1771 877 fraudibus
1793 849 1823 876 et
1845 841 2000 889 deceptio-

1249 894 1340 929 nibus
1362 892 1572 935 huiusmodi,
1601 901 1693 940 prout
1715 899 1822 927 nostro
1845 891 2000 926 incumbit

1249 945 1364 989 officio,
1391 944 1430 979 de
1465 942 1604 978 remedio
1627 949 1808 989 opportuno
1836 941 2000 988 providere

1250 995 1400 1033 volentes,
1417 1001 1504 1028 motu
1524 992 1662 1040 proprio,
1681 999 1711 1027 et
1734 1004 1771 1027 ex
1794 1000 1877 1026 certa
1894 998 2000 1026 nostra

1250 1045 1393 1089 scientia,
1416 1056 1453 1079 ac
1474 1043 1513 1078 de
1535 1042 1724 1090 apostolicae
1748 1041 1908 1089 potestatis
1931 1041 2001 1089 ple-

1251 1094 1405 1136 nitudine,
1419 1105 1530 1129 omnes
1547 1101 1579 1128 et
1593 1091 1747 1139 singulos,
1769 1091 2001 1140 cuiuscumque

1253 1153 1367 1189 status,
1390 1143 1507 1191 gradus
1531 1143 1578 1178 vel
1605 1141 1797 1177 conditionis
1820 1141 1946 1186 fuerint,
1972 1149 2003 1176 et

1251 1206 1456 1242 quocumque
1478 1193 1607 1228 nomine
1631 1200 1868 1239 nuncupentur,
1891 1192 1945 1240 qui
1967 1203 2002 1226 se

1252 1244 1499 1280 vicecancellarii
1522 1251 1575 1278 aut
1589 1242 1720 1278 aliorum
1735 1241 1941 1277 cardinalium
1955 1240 2002 1277 vel

1252 1295 1502 1330 abbreviatorum
1529 1306 1583 1328 seu
1605 1293 1795 1339 scriptorum
1817 1291 2002 1327 eorumdem

1252 1353 1306 1381 aut
1327 1345 1458 1380 aliarum
1482 1355 1686 1391 personarum
1713 1353 2002 1390 quarumcumque,

1253 1408 1291 1431 ex
1309 1407 1442 1442 quarum
1465 1392 1667 1441 qualitatibus
1689 1400 1719 1427 et
1743 1391 1912 1439 privilegiis
1937 1392 2003 1427 sive

1231 1458 1290 1512 [ex
1323 1444 1450 1491 antiqua
1477 1442 1708 1478 consuetudine
1730 1441 1912 1476 huiusmodi
1936 1441 2003 1476 lite-

1232 1518 1233 1522 «
1254 1496 1397 1543 rasipsas
1413 1495 1442 1528 in
1459 1502 1523 1529 toto
1537 1493 1582 1528 vel
1597 1493 1626 1527 in
1645 1500 1730 1539 parte
1745 1491 1841 1538 gratis
1855 1491 2003 1538 expedire

1230 1533 1233 1562 ¹
1253 1546 1365 1589 solent,
1382 1552 1526 1592 nepotes,
1542 1543 1651 1577 fratres
1667 1550 1720 1577 aut
1733 1541 1912 1585 familiares,
1926 1553 2003 1576 con-

1231 1588 1234 1634 i
1255 1596 1358 1630 tinuos
1381 1594 1620 1632 commensales,
1640 1593 1668 1626 in
1690 1591 1811 1627 eisdem
1835 1591 1945 1631 literis,
1973 1603 2004 1626 e-

1231 1648 1233 1689 ξ
1253 1647 1326 1680 tiam
1359 1654 1444 1680 motu
1471 1644 1598 1692 proprio
1620 1641 1798 1682 concessis,
1822 1641 2005 1677 nominave-

1230 1723 1233 1737 ‚
1254 1697 1314 1730 rint
1330 1724 1338 1736 ,
1360 1696 1384 1729 si
1415 1708 1446 1729 re
1471 1706 1540 1729 vera
1568 1693 1644 1728 tales
1667 1700 1797 1740 nepotes
1819 1700 1872 1726 aut
1894 1691 2005 1726 fratres

1230 1739 1233 1769 ἶ
1255 1746 1298 1780 vel
1323 1745 1502 1785 familiares,
1524 1743 1666 1779 continui
1687 1741 1918 1777 commensales
1941 1753 2004 1777 non

1254 1796 1380 1831 fuerint.

1302 1846 1322 1893 g
1344 1847 1376 1879 9..
1405 1844 1534 1880 Necnon
1558 1842 1707 1878 officiales
1743 1842 1913 1889 praemissa
1938 1840 2004 1876 fieri

1254 1905 1460 1942 procurantes
1486 1906 1542 1929 seu
1566 1894 1796 1940 permittentes,
1818 1903 2006 1926 excommu-

1254 1945 1419 1980 nicationis
1445 1944 1648 1983 sententiam‚
1671 1956 1686 1977 a
1710 1954 1771 1989 qua
1796 1953 1857 1976 non
1875 1941 1934 1976 nisi
1950 1953 2005 1988 per

1254 1997 1432 2030 Romanum
1456 1993 1643 2029 Pontificem
1676 2005 1732 2040 pro
1760 2000 1902 2038 tempore
1930 1992 2005 2026 exi—

1254 2053 1391 2081 stentem
1421 2043 1565 2088 (articulo
1592 2045 1703 2077 mortis
1735 2050 1878 2088 excepto,
1898 2053 1934 2077 ac
1948 2041 2006 2076 de-

1254 2095 1317 2130 bita
1340 2095 1552 2130 satisfactione
1576 2093 1710 2140 praevia)
1730 2091 1849 2127 absolvi
1873 2092 2006 2140 possint,

1255 2145 1441 2181 auctoritate
1464 2144 1648 2192 apostolica,
1673 2155 1728 2191 per
1750 2150 1933 2190 praesentes
1956 2141 2006 2177 in·

1255 2195 1422 2240 nodamus,
1442 2206 1559 2243 eosque
1581 2192 1919 2229 excommunicationis
1931 2203 2007 2227 sen-

1255 2246 1383 2281 tentiam
1407 2243 1589 2281 huiusmodi
1618 2244 1649 2278 in
1676 2243 1798 2278 dictum
1833 2251 2006 2288 eventum,

1256 2308 1407 2342 exnunc,
1431 2304 1523 2343 prout
1545 2307 1584 2330 ex
1606 2301 1693 2334 tunc,
1717 2301 1746 2328 et
1769 2305 1786 2328 e
1812 2301 1931 2333 contra,
1956 2293 2008 2327 in-

1256 2347 1395 2382 currisse
1411 2345 1620 2386 declaramus,
1635 2352 1665 2379 et
1679 2355 1734 2391 pro
1746 2342 1862 2378 talibus
1882 2342 2008 2389 publice

1256 2397 1388 2431 iudicari
1425 2395 1625 2431 mandamus.
1661 2394 1708 2429 Ac
1739 2394 1825 2441 ipsos
1860 2392 2007 2429 officiales

1257 2455 1460 2493 procurantes
1487 2458 1544 2481 seu
1572 2445 1790 2492 permittentes
1825 2442 2007 2478 huiusmodi

1257 2509 1272 2531 a
1295 2509 1423 2531 snorum
1459 2496 1633 2531 officiorum
1658 2494 1861 2543 perceptione
1882 2493 2008 2528 emolu-

1258 2555 1436 2582 mentorum
1461 2557 1514 2593 per
1541 2557 1660 2580 annum
1688 2545 1874 2580 continuum
1891 2571 1900 2585 ,
1929 2543 2008 2578 ultra

1258 2595 1332 2631 alias
1360 2609 1490 2644 poenas,
1512 2607 1591 2643 quas
1619 2603 1782 2643 propterea
1820 2594 2007 2639 incurrent,

1259 2646 1388 2682 omnino
1409 2646 1646 2695 suspendimus.

2011 236 2060 264 An.
2074 236 2104 263 C.
2124 236 2191 263 1517

2027 851 2157 874 mentiente·
2176 856 2200 873 ιο

2014 885 2035 905 tn
2050 883 2120 905 litei-i·
2129 885 2199 911 apost.

2014 918 2151 937 coercentur,
2255 931 2268 947 :-
2279 922 2281 950 4

2259 955 2281 966 *l

2256 971 2281 999 ‘ri

2044 1851 2152 1874 officiales
2164 1856 2204 1873 eo-

2018 1890 2068 1920 rum·
2087 1883 2203 1911 complices

2018 1918 2141 1944 puniuntur.
