2281 3251
241 238 415 265 An.C.t5u

272 651 338 671 [tui-⁴.
342 659 381 670 ιιιιιι

257 1391 296 1411 Per
313 1391 364 1411 allas
379 1397 426 1411 snas

340 1423 427 1441 inauda-

243 1458 300 1474 xeral
314 1453 377 1473 lulius
386 1461 427 1472 untv

244 1492 281 1504 ties
293 1486 340 1505 tite*
351 1486 426 1504 eitiunt

274 1523 279 1535 Ι
304 1522 322 1535 Π,
343 1524 353 1534 ..
391 1486 580 1535 Wexhibita
606 1487 712 1532 petitio
728 1486 911 1520 continebat
925 1485 1023 1532 quod,
1048 1486 1120 1519 licet
1140 1498 1199 1519 nu-

258 1553 290 1565 ma
306 1554 330 1565 n»
350 1548 425 1566 ‘nm->1v
443 1548 497 1582 per
521 1547 576 1583 per
598 1535 674 1570 alias
697 1544 818 1570 nostras
842 1535 958 1578 literas,
979 1548 1036 1581 pro
1054 1536 1198 1575 utilitate,

243 1577 279 1597 bus
296 1583 395 1602 rognum-1

244 1424 315 1442 literas

254 1896 362 1916 Nonnullis
379 1902 428 1915 vein

245 1934 329 1948 sensum
348 1935 386 1948 rou

245 1961 331 1980 tutionis
348 1964 367 1978 et
385 1967 430 1985 pia-

246 1998 315 2040 &¹:113
335 1998 367 2010 ω
402 1998 428 2010 ··-
445 1982 628 2030 sumptibus
647 1991 677 2017 et
700 1982 848 2029 expensis
870 1982 1010 2027 fatigare,
1033 1990 1063 2016 et
1085 1994 1138 2016 eos
1162 1983 1200 2016 ita

274 2029 294 2040 Ι.
320 2028 327 2041 S
345 2030 354 2039 Ι’
367 2029 384 2041 Ui
396 2030 420 2040 Ι”ΙΙ

478 294 524 322 his
548 294 749 323 ordinamenta
780 294 899 322 servari.
922 310 960 315 —
984 293 1087 322 Forma
1111 294 1193 323 iudi-

478 339 589 368 ciorum
608 338 695 368 ltotae
719 337 923 367 Bononiensis.
939 355 977 359 —
995 339 1021 367 l.
1045 338 1194 368 Obstanti-

479 382 534 411 bus
557 383 684 419 derogah

511 463 596 491 lulius
614 463 756 498 episcopus
775 469 870 491 servus
891 469 1030 491 servorum
1053 463 1115 495 Dei.

573 517 608 544 ad
635 518 795 552 perpetuam
824 517 864 544 rei
889 517 1057 545 memoriam.

488 594 638 629 Sincerae
666 594 844 629 devotionis
867 594 997 628 all'ectus
1021 603 1050 628 et
1079 594 1193 628 incon-

440 656 550 678 cussae
575 643 646 677 fidei
672 644 858 688 constantia,
883 643 1000 691 quihus
1018 643 1123 678 dilecti
1140 644 1192 678 lilii

440 694 652 728 communitas
667 720 675 736 ,
697 694 782 728 cives
805 706 840 728 ac
870 694 990 727 incolae
1017 702 1047 727 et
1071 693 1196 727 habita-

441 753 522 778 tores
550 743 685 777 civitatis
714 752 839 777 nostrae
869 743 1080 777 Bononiensis
1109 752 1138 777 et
1164 744 1193 777 in

441 793 526 827 illius
549 793 693 827 districtu
720 792 895 826 habitantes
917 805 989 838 erga
1010 805 1066 826 nos
1081 801 1110 827 et
1128 793 1195 827 lto-

441 855 563 876 manam
601 841 774 876 Ecclesiam
810 842 963 877 hactenus
999 842 1196 876 landabiliter

440 892 643 931 claruerunt,
671 900 701 925 et
736 891 841 926 adhuc
869 891 907 925 de
937 891 1018 925 hon«)
1048 904 1195 938 perseve-

440 950 545 976 rantes
569 942 598 975 in
619 941 732 975 melius
755 941 875 987 fulgere
901 949 1086 985 noscuntur,
1104 954 1194 988 spem

440 991 533 1025 nohis
568 991 826 1036 praestantiorem
857 990 1055 1036 pollicentes,
1084 992 1196 1026 merito

441 1053 498 1075 nos
522 1040 677 1075 inducunt
704 1049 737 1074 ut
761 1040 928 1086 petitiones
951 1052 1073 1077 eorum,
1091 1041 1121 1074 in
1147 1041 1196 1075 his

442 1091 624 1137 praesertim
639 1102 718 1137 quae
741 1090 770 1123 in
800 1090 1006 1123 ministrando
1031 1090 1195 1131 iustitiam,

442 1139 551 1186 procul
576 1139 712 1174 exclusis
736 1138 912 1179 fraudibus,
946 1139 1089 1173 eiusdem
1119 1141 1197 1174 eivi-

441 1190 511 1224 tatis
540 1201 650 1236 pacem
687 1198 716 1223 et
751 1189 889 1236 quietem
920 1200 956 1222 ae
988 1189 1194 1223 commodum

442 1238 616 1284 producere,
632 1238 766 1282 valeant,
779 1238 817 1272 ad
835 1238 1044 1273 exauditionis
1063 1239 1195 1284 gratiam

443 1288 655 1323 favorabiliter
677 1288 895 1323 admittamus.

490 1338 510 1384 g
541 1341 570 1371 l.
607 1338 704 1377 Sane,
734 1350 789 1384 pro
818 1345 904 1384 parte
937 1337 1197 1378 communitatis,

441 1387 570 1427 civium,
594 1387 768 1422 incolarum
797 1399 832 1421 ac
862 1387 1070 1421 habitatorum
1094 1395 1123 1421 et
1147 1387 1196 1421 di-

441 1436 652 1471 strictualium
691 1437 923 1483 praedictorum
966 1436 1056 1470 nobis
1097 1448 1198 1483 nuper

443 1597 531 1632 pace,
548 1585 717 1620 commodo
736 1593 765 1620 et
785 1585 891 1631 quiete
907 1585 1093 1619 eorumdem
1112 1597 1200 1619 com-

442 1635 615 1675 munitatis,
629 1635 743 1670 civium
772 1644 802 1670 et
827 1635 1012 1675 incolarum,
1037 1635 1117 1670 inter
1142 1634 1199 1669 alia

442 1685 647 1720 statuerimus
663 1693 693 1719 et
706 1684 958 1719 ordinaverimus
980 1685 1064 1732 quod
1089 1697 1200 1719 omnes

444 1735 525 1778 lites,
548 1747 660 1769 causae
682 1743 713 1769 et
736 1734 968 1770 controversiae
991 1734 1092 1769 dictae
1121 1735 1200 1769 civi—

445 1785 516 1819 tatis
554 1796 610 1832 per
644 1783 838 1828 ordinarios,
873 1783 1050 1818 secundum
1086 1792 1198 1819 statuta

444 1834 544 1880 ipsius
558 1834 704 1871 civitatis,
717 1834 885 1881 deputatos
909 1833 1029 1868 indices
1051 1834 1198 1879 cognosci

445 1891 474 1917 et
513 1883 616 1918 decidi
648 1883 817 1922 deberent,
846 1891 950 1917 tamen
987 1895 1003 1917 a
1040 1883 1201 1918 nonnullis

392 1936 429 1948 *¹*
446 1932 674 1980 quaerentibus
711 1932 918 1978 subterfugia,
941 1940 971 1967 et
1005 1932 1201 1967 adversarios

446 2044 559 2079 cogere
590 2041 623 2067 ut
651 2044 668 2066 a
691 2031 967 2079 prosecutionibus
991 2031 1107 2064 inrium
1126 2044 1201 2065 sno—

448 2094 517 2116 rum
537 2081 702 2121 desistant,
722 2093 784 2116 non
802 2081 940 2115 valentes
963 2081 992 2114 in
1016 2079 1111 2114 Curia
1131 2080 1203 2115 ino-

448 2132 497 2178 pia
516 2139 546 2166 et
573 2132 641 2166 aliis
669 2130 802 2166 diversis
824 2131 863 2165 de
886 2130 990 2165 causis
1013 2129 1146 2176 litigare,
1170 2139 1200 2164 et

447 2181 539 2215 etiam
564 2181 592 2215 in
622 2181 722 2228 prima
750 2192 845 2227 quam
875 2179 1077 2214 ulterioribus
1099 2192 1202 2226 quan-

448 2230 552 2277 doque
575 2230 731 2265 instantiis
760 2229 897 2277 protrahi
921 2229 1066 2263 nitnntur
1089 2241 1202 2263 causa-

449 2292 516 2313 rum
540 2280 797 2324 commissiones,
819 2288 847 2313 et
870 2279 963 2313 etiam
980 2278 1018 2313 ah
1034 2278 1202 2313 interlocu-

449 2329 535 2364 toriis
567 2337 598 2363 et
633 2341 783 2376 processu
819 2328 856 2363 ad
894 2328 1041 2363 ulteriora
1077 2336 1107 2361 et
1135 2329 1201 2362 aliis

448 2378 639 2425 quandoque
677 2379 755 2412 [ictis
781 2377 1016 2424 gravaminibus
1038 2377 1202 2423 appellan—

449 2436 507 2472 tes,
531 2427 649 2462 indices
677 2437 842 2475 suspectos
857 2435 1054 2470 accusantes,
1069 2426 1203 2461 advoca-

448 2478 551 2512 tiones
585 2489 752 2511 causarum
781 2486 810 2512 et
832 2477 998 2512 citationes
1020 2488 1092 2511 cum
1118 2476 1203 2510 inhi-

449 2526 621 2561 bitionibus
643 2539 658 2561 a
688 2526 778 2561 nobis
808 2534 838 2561 et
877 2527 906 2560 in
931 2526 1025 2561 Curia
1049 2536 1085 2560 ac
1107 2526 1202 2559 etiam

448 2577 478 2609 in
501 2588 590 2610 sacro
612 2576 771 2611 auditorio
794 2575 894 2610 Rotae.
911 2576 989 2616 lieri,
1004 2584 1033 2610 et
1057 2575 1203 2621 ‹piando-

448 2638 508 2674 qne
531 2625 726 2661 adversarios
749 2637 860 2659 eorum
885 2624 1124 2673 supplantantes
1140 2652 1147 2663 ,
1173 2633 1198 2655 ei

1028 241 1162 263 rt⁷t.t„tttt
1171 241 1214 262 t'u
1243 240 1403 263 nmmNru

1236 295 1426 341 quandoque
1447 304 1686 340 praecurrentes
1705 306 1816 329 causas
1839 295 1868 328 in
1894 295 1989 341 parti-

1238 345 1295 378 tus
1329 344 1388 378 illis
1421 343 1527 378 minus
1551 344 1658 391 peritis
1686 353 1714 378 et
1747 344 1931 390 inexpertis,
1953 356 1990 378 ae

1236 393 1304 427 aliis
1337 394 1539 439 impetrantes
1571 393 1792 428 favorabilibus
1831 393 1990 429 iudicibus

1238 443 1404 483 committi,
1428 442 1571 477 obtinere
1595 452 1778 490 pi·0curant;
1800 453 1892 490 atque
1917 456 1992 479 non-

1239 491 1326 532 nulli,
1351 500 1512 539 praetextn
1537 492 1744 528 absolutionis
1769 506 1784 528 a
1809 493 1991 528 iuramentis

1240 554 1293 586 per
1320 553 1374 576 eos
1398 542 1427 575 in
1452 542 1672 576 instrumentis
1694 542 1857 589 appositis,
1881 543 1920 577 de
1943 543 1992 577 in-

1238 601 1489 627 strumentorum
1515 591 1639 626 fictione
1666 600 1696 626 et
1722 592 1939 637 simulatione,
1961 601 1991 627 et

1237 641 1320 688 quod
1345 641 1375 675 in
1401 640 1542 675 fraudem
1568 642 1728 676 usurariae
1757 642 1926 688 pravitatis,
1946 643 1991 678 vel

1237 691 1320 738 quod
1345 691 1404 725 suh
1426 704 1482 737 spe
1506 691 1627 726 futurae
1651 691 1828 726 traditionis
1852 692 1901 727 vel
1926 705 1993 727 mu-

1240 741 1409 775 nerationis
1433 740 1610 775 submissae
1638 740 1772 775 confessi
1797 741 1926 783 suerint,
1954 742 1993 777 ab

1238 790 1447 825 ecclesiastica
1473 789 1676 831 inhibitione,
1701 790 1829 825 decreto
1851 790 1993 833 obtento,

1240 841 1522 875 instrumentorum
1546 840 1750 875 executiones
1769 852 1823 886 per
1838 840 1934 875 laicos
1950 841 1996 875 iu—

1239 889 1327 924 dices
1366 890 1430 924 lieri
1464 888 1587 924 debitas
1624 889 1779 936 protelare
1811 898 1840 924 et
1878 890 1994 925 evitare

1240 940 1393 979 nituntur,
1422 938 1572 985 quodque
1594 939 1814 983 instrumenta,
1837 951 1930 986 qnae,
1944 952 1995 975 se-

1239 989 1378 1023 cundum
1404 988 1600 1035 provisiones
1627 989 1800 1035 superinde
1822 989 1934 1030 editas,
1951 1002 1996 1024 re-

1239 1039 1363 1084 gistrari
1387 1038 1516 1078 debent,
1535 1038 1576 1073 ob
1600 1046 1778 1085 temporum
1804 1038 1996 1074 calamitates

1239 1096 1269 1122 et
1295 1088 1364 1123 aliis
1399 1088 1533 1122 diversis
1566 1087 1605 1122 de
1635 1088 1752 1131 causis,
1782 1088 1943 1134 registrata
1966 1098 1996 1123 et

1242 1146 1437 1184 praesentata
1466 1150 1528 1172 non
1568 1137 1717 1181 suerunt,
1745 1146 1775 1171 et
1802 1137 1840 1172 de
1869 1137 1995 1173 illorum

1242 1187 1432 1222 invaliditate
1470 1194 1634 1233 propterea
1671 1186 1785 1221 deduci
1815 1188 1932 1234 possit,
1967 1196 1997 1222 et

1240 1237 1383 1283 quamvis
1417 1249 1454 1271 ex
1489 1236 1662 1283 superinde
1690 1236 1782 1271 editis
1811 1237 1938 1272 statutis
1967 1245 1997 1272 et

1243 1286 1475 1332 provisionibus
1503 1288 1534 1320 in
1558 1286 1662 1320 causis
1685 1286 1720 1320 ad
1745 1287 1917 1321 sententias
1939 1286 1996 1321 de-

1243 1336 1337 1369 veniri
1358 1348 1420 1370 non
1449 1335 1573 1376 debeat,
1591 1336 1648 1369 nisi
1665 1335 1850 1370 authentico
1865 1336 1996 1382 registro

1243 1398 1411 1431 processus
1434 1385 1592 1419 indicibus
1621 1398 1676 1432 per
1710 1386 1866 1420 notarium
1903 1385 1996 1429 dato,

1242 1434 1325 1480 quod
1350 1436 1378 1469 in
1403 1434 1644 1469 desuetudinem
1669 1434 1769 1475 abiit,
1797 1446 1859 1481 quo
1882 1434 1937 1475 sn,
1963 1444 1996 1470 ut

1244 1484 1315 1518 inde
1339 1484 1433 1518 multa
1458 1483 1604 1518 scandala
1629 1484 1783 1524 oriantur,
1806 1496 1879 1518 cum
1902 1496 1997 1532 saepe

1244 1546 1376 1568 numero
1404 1534 1605 1568 occultentur
1633 1542 1662 1568 et
1690 1533 1906 1580 deperdantnr
1932 1535 1998 1568 ori-

1243 1583 1355 1628 ginalia
1382 1595 1603 1629 processuum,
1627 1590 1655 1617 et
1679 1582 1802 1618 facilius
1824 1582 1997 1618 deturtna-

1244 1633 1318 1667 teria
1348 1633 1515 1667 falsitatum
1539 1632 1858 1673 committendarum,
1883 1633 1997 1668 indici-

1245 1682 1303 1717 bus
1345 1695 1471 1730 quoque
1513 1683 1552 1717 de
1580 1682 1737 1718 mandatis
1775 1695 1940 1718 causarum
1968 1691 1998 1718 et

1244 1731 1400 1768 validitate
1438 1745 1659 1779 processuum,
1687 1733 1725 1767 ita
1761 1732 1892 1780 liquide,
1914 1733 1997 1768 sicut

1244 1781 1500 1822 decet,constare
1523 1795 1585 1818 non
1607 1782 1705 1829 possit
1727 1782 1756 1816 in
1777 1782 1996 1828 gravissimum

1245 1831 1386 1867 eiusdem
1409 1832 1517 1879 populi
1542 1832 1694 1866 damnum
1710 1840 1740 1867 et
1755 1831 1997 1868 detrimentum.

1294 1886 1308 1924 ἕ
1331 1884 1364 1915 2.
1393 1881 1510 1923 Quare,
1539 1894 1593 1927 pro
1623 1889 1707 1928 parte
1730 1881 1885 1916 dictorum
1909 1894 1999 1917 com-

1246 1931 1418 1971 munitatis,
1439 1932 1554 1965 civiutn
1575 1939 1605 1965 et
1627 1930 1839 1966 habitatorum
1863 1940 1892 1965 et
1915 1931 2000 1967 inco-

1246 1980 1359 2021 larum,
1383 1980 1474 2016 nobis
1511 1981 1567 2015 fuit
1602 1979 1761 2015 humiliter
1786 1981 1999 2028 supplicatum

1247 2038 1277 2063 nt
1300 2030 1344 2064 eis
1366 2042 1463 2077 snper
1486 2030 1534 2065 his
1563 2038 1741 2076 opportune
1769 2029 1933 2077 providere
1961 2030 2001 2065 de

1246 2083 1439 2129 benignitate
1462 2084 1632 2130 apostolica
1656 2083 1870 2129 dignaremur.

1293 2143 1307 2181 ς’
1331 2140 1362 2171 5.
1398 2137 1463 2172 Nos
1492 2138 1599 2184 igitur,
1622 2137 1658 2172 ad
1681 2149 1762 2184 quos
1783 2146 1904 2185 spectat
1928 2150 2002 2185 pro·
2030 2146 2133 2181 Praecinit
2158 2147 2202 2197 ³¹5·ss

2016 2179 2128 2235 Jtss‘sss‘l't:
2142 2184 2202 2228 5,ζὲἳῖ

2016 2244 2098 2260 namon
2110 2240 2201 2259 servari.

1246 2191 1349 2226 ridere
1365 2204 1403 2226 ne
1421 2192 1545 2227 fraudes
1557 2200 1587 2227 et
1600 2191 1800 2231 detrimenta,
1817 2192 1999 2238 praesertim

1246 2245 1274 2278 in
1298 2245 1408 2280 eadem
1428 2246 1551 2281 civitate
1571 2254 1675 2280 nostra
1696 2253 1726 2279 et
1749 2244 1832 2280 illius
1849 2245 2000 2281 comitatu

1246 2300 1336 2340 liant,
1359 2300 1466 2334 talium
1491 2312 1697 2347 personarum
1721 2298 1887 2334 andaciam
1911 2311 2002 2335 com-

1247 2354 1394 2400 primere,
1416 2366 1452 2389 ac
1474 2355 1748 2394 communitatem,
1763 2353 1860 2395 cives,
1882 2353 2002 2389 incolas

1244 2416 1273 2441 ‹·t
1296 2408 1441 2443 homines
1463 2407 1654 2455 praedictos,
1683 2419 1775 2454 quos,
1811 2407 1852 2442 ob
1888 2420 1999 2443 eorum

1245 2462 1438 2508 singularem
1478 2471 1552 2508 erga
1573 2473 1630 2496 nos
1653 2470 1684 2496 et
1705 2460 1739 2496 S.
1759 2461 1799 2495 R.
1822 2461 1859 2495 E.
1883 2469 2000 2496 statum

1247 2515 1338 2550 tidem
1361 2525 1391 2551 et
1416 2516 1628 2555 devotionem,
1658 2515 1809 2562 peculiari
1831 2514 2002 2550 dilectione

1247 2570 1490 2617 prosequimur,
1518 2569 1556 2604 ab
1597 2568 1779 2603 huiusmodi
1817 2568 2001 2613 fraudibus,

1223 2644 1225 2653 >
1246 2623 1369 2659 damnis
1383 2632 1412 2659 et
1426 2623 1637 2660 incommodis
1651 2623 1788 2658 relevare
1805 2622 2001 2667 volentes;ac

2006 240 2054 265 An.
2072 238 2101 265 (ἶ.
2121 239 2182 266 1511

2027 1893 2067 1914 l‘ro
2080 1897 2199 1921 opportuno

2016 1927 2110 1946 remedio
2132 1926 2200 1946 eidem

2015 1956 2152 1983 supplicatur.
2160 1959 2167 1966 ·
