2281 3251
486 249 557 284 640

475 315 655 346 Facultatem
673 314 810 345 omnibus
829 314 947 344 clericis
967 313 1188 352 disponendide

477 359 563 390 bonis
587 360 648 389 suis
671 360 705 388 ad
723 359 849 388 favorem
871 358 1025 396 hospitalis
1044 358 1189 395 concedit3

476 421 514 426 —
550 404 592 434 ¹2.
624 403 897 441 lndulgentiamque
928 402 976 432 dat
1010 402 1188 440 cuicumque

475 449 583 488 aliquid
609 448 745 485 hospitati
773 447 903 483 donanti;
925 464 963 468 —
994 446 1036 476 13.
1060 445 1186 475 Notariis

476 492 592 522 mandat
616 498 645 521 ut
678 492 750 521 infra
781 496 892 520 certum
919 495 1033 529 tempus
1055 490 1187 520 officiali-

476 535 530 565 bus
565 536 716 573 hospitalis
748 535 922 564 renuncient
955 535 1130 564 donationes
1160 540 1187 564 ct

474 579 591 609 ultimas
616 579 778 609 voluntates
797 579 861 608 eius
881 578 1034 608 utilitatem
1065 587 1188 608 concer-

474 628 584 659 nentes;
601 640 639 646 —
659 624 703 654 14.
722 622 925 653 Confratribus
945 623 993 652 dat
1017 623 1184 653 facultatem

473 669 601 706 eligendi
630 670 850 703 confessorem,
877 668 926 706 qui
953 676 1004 697 cos
1037 667 1186 703 absolvam

472 729 509 734 —
531 713 573 742 15.
607 712 880 751 ludulgentiainque
904 712 1016 741 eisdem
1040 713 1185 747 concedit,

472 759 495 788 si
513 758 612 787 decem
627 758 747 787 ducatos
763 756 986 796 arctiitiospitali
1004 757 1186 793 donareriut3

470 803 567 832 —10.
584 802 613 831 tii
630 802 703 832 alias
721 802 919 840 indulgentias
937 802 982 831 tiic
999 802 1184 835 enunciatas;

470 863 509 869 —
530 847 573 876 17.
597 846 796 884 ludulgentias
812 847 896 875 statis
916 845 1021 875 diebus
1039 846 1184 885 hospitale

470 890 666 926 visitantibus,
686 895 713 920 et
735 890 936 930 eleemosynas
955 890 1185 922 subministran-

471 935 559 964 tibus.
591 951 629 957 —
658 935 701 964 18.
724 934 882 963 Clausulae
905 935 1118 973 derogatoriae.
1145 954 1184 960 —

471 980 516 1009 19.
538 979 699 1009 Declaratio
722 979 818 1018 quoad
841 979 1010 1010 facultatem
1034 981 1184 1012 confesso-

469 1024 510 1054 ris
529 1023 700 1063 supradicti.
718 1040 754 1046 —
771 1024 818 1054 20.
837 1024 901 1054 Atia
918 1024 1087 1056 declaratio.

240 260 290 287 An.
308 260 338 288 C.
357 260 424 288 ¹5¹5

508 1099 557 1129 Leo
576 1099 716 1136 episcopus
745 1107 840 1129 servus
863 1108 1002 1130 servorum
1021 1102 1082 1136 Dei.

562 1149 596 1178 ad
625 1150 785 1186 perpetuam
814 1150 856 1179 rei
875 1151 1044 1180 memoriam.

478 1220 648 1257 Salvatoris
675 1222 772 1257 nostri
800 1221 930 1257 Domini
959 1222 1029 1258 lesu
1046 1222 1180 1265 Christi,

256 1272 379 1293 ‘'mmm'’
426 1271 479 1318 qui
495 1283 552 1306 nos
566 1271 603 1306 ad
619 1272 742 1319 pietatis
753 1272 873 1307 cultum
884 1274 1060 1308 etcaritatis
1077 1274 1178 1309 zelum

427 1321 457 1355 in
483 1333 648 1368 paupereS,
675 1330 858 1368 ceterasque
886 1322 1082 1358 miserabiles
1106 1336 1180 1371 pcr-

425 1382 520 1405 sonas
542 1370 789 1405 misericorditer
816 1372 1048 1417 exercendum,
1072 1374 1180 1420 quoti-

425 1419 527 1454 dianis
551 1432 605 1466 per
627 1428 725 1455 totum
745 1420 858 1456 eiusiu
875 1421 933 1456 bac
955 1422 1013 1457 vita
1037 1435 1180 1471 progres-

425 1482 494 1504 sum
510 1470 663 1516 exemplis
677 1470 819 1505 liortatus
835 1480 892 1514 est,
911 1473 1006 1513 vices,
1024 1472 1097 1508 licet
1118 1474 1179 1508 irn-

425 1519 540 1562 meriti,
562 1527 707 1566 gerentes
727 1520 756 1554 in
773 1521 872 1562 terris,
894 1522 974 1556 inter
996 1534 1086 1558 curas
1102 1523 1181 1558 mul-

426 1569 565 1616 tiplices,
592 1570 708 1616 quibus
737 1583 792 1617 pro
821 1573 1024 1618 negociorum
1053 1574 1179 1609 assidue

424 1621 656 1654 occurrentium
680 1620 810 1655 cumulo
838 1631 868 1656 et
892 1623 1040 1658 varietate
1063 1623 1178 1658 distra-

425 1669 550 1712 bimur,
577 1669 659 1704 illam
689 1669 823 1704 libenter
850 1672 1093 1718 amplectimur,
1124 1686 1179 1721 per

424 1730 517 1766 quam
543 1730 716 1765 pauperum
739 1729 769 1754 et
797 1720 926 1755 aliarum
947 1722 1175 1758 miserabilium

426 1779 645 1814 personarum,
661 1781 740 1815 quas
757 1782 816 1803 nou
830 1771 932 1805 solum
953 1784 1055 1807 rerum
1072 1773 1178 1821 fatigat

425 1825 557 1863 egestas,
582 1819 812 1865 veruinffleuam
838 1820 1062 1856 incurabilium
1092 1836 1178 1858 nior-

425 1867 535 1902 borurn
555 1869 715 1903 calamitas
731 1869 858 1904 devorat
874 1881 902 1905 et
915 1871 1062 1907 humanis
1077 1873 1178 1908 oculis

427 1917 528 1952 reddit
547 1919 707 1962 molesios,
725 1920 965 1955 necessitatibus
984 1923 1177 1964 consulatum

425 1975 456 2001 et
473 1968 532 2014 piis
547 1967 684 2002 fidelium
703 1969 866 2009 institutis,
881 1982 961 2016 quae
985 1971 1057 2007 huic
1072 1981 1178 2007 nostro

426 2017 585 2052 desiderio
609 2018 773 2053 inhaerere
796 2021 1025 2067 conspicimus,
1043 2030 1074 2056 ut
1091 2023 1178 2057 lirma

427 2076 578 2114 perpetuo
606 2077 634 2102 ct
659 2080 845 2103 inconcussa
872 2080 1094 2116 permaneant,
1121 2084 1179 2106 no-

427 2125 507 2152 strae
533 2118 772 2164 approbationis
798 2118 965 2154 adiicimus
989 2120 1177 2160 firmitatem,

429 2175 527 2213 utque
549 2167 669 2202 votivos
682 2168 854 2203 sortiantur
873 2169 1017 2214 effectus,
1039 2183 1131 2217 opem
1149 2180 1177 2206 et

428 2227 555 2263 operam
571 2226 724 2264 quantum
742 2217 834 2253 nobis
849 2231 885 2253 ex
905 2219 966 2254 alto
982 2221 1177 2265 conceditur,

429 2265 642 2312 impendimus
663 2267 818 2309 efficaces;
843 2269 992 2316 ipsosque
1015 2278 1043 2304 et
1059 2280 1179 2306 eeteros

429 2314 661 2361 christifideles,
677 2329 715 2351 ue
730 2318 964 2353 sauctissimum
980 2331 1060 2367 opus
1075 2333 1176 2355 rerum

430 2371 653 2406 intermittatur
665 2373 806 2419 penuria,
822 2373 859 2407 ad
876 2374 1103 2410 conferendum
1123 2389 1177 2412 sua

431 2425 473 2459 illi
496 2425 655 2461 caritatixa
684 2427 842 2474 suffragia,
867 2428 1072 2476 indulgentiis
1088 2441 1117 2466 et
1135 2444 1180 2467 re-

430 2479 636 2514 missionibus
664 2479 849 2523 invitamus,
876 2483 1016 2531 aliasque
1044 2484 1179 2531 desuper

430 2533 644 2579 providemus,
674 2544 767 2581 prout
790 2544 819 2571 et
843 2546 1020 2584 temporum
1045 2539 1179 2586 qualita-

431 2586 512 2621 tibus
526 2587 605 2623 bene
623 2590 759 2636 pensatis
767 2593 989 2637 cognoscimus
999 2593 1029 2628 in
1042 2592 1180 2630 Domino

430 2641 594 2678 salubriter
615 2643 777 2690 expedire.

1015 259 1115 282 BELLA
1120 259 1151 280 iti
1157 259 1201 282 m!
1224 258 1387 281 ROMANCM

1998 261 2051 289 Au.
2070 260 2100 289 C.
2118 261 2186 290 15115

1281 313 1301 361 g
1324 317 1351 348 1.
1376 313 1571 361 Accepimus
1592 315 1748 363 siquidem
1778 315 1862 363 quod
1883 328 1985 363 nuper
2008 323 2187 358 constaremus·

1231 362 1334 397 dilecti
1359 363 1414 397 sitii
1443 364 1562 412 antiqui
1586 374 1615 398 et
1643 365 1787 400 moderni
1811 365 1983 400 confratres
1999 354 2186 412 fi'ffi'flonffssoffij

1230 412 1496 447 confraternitatis
1529 414 1692 460 hospitalis
1726 414 1838 449 Beatao
1865 415 1983 450 Mariae
2000 415 2184 469 ξζῆιξζξιῗῐέῐὲζ

1230 461 1268 495 de
1292 461 1416 508 Populo
1444 471 1473 497 et
1500 462 1534 498 S.
1565 462 1667 498 lacobi
1695 464 1725 498 in
1760 464 1905 510 Augusta
1943 464 1983 499 de
1998 453 2182 499 {infui-mnrium

1230 510 1268 546 Ui
1278 511 1327 549 be,
1338 512 1386 558 pie
1396 512 1780 560 attendentes,abaliquot
1794 515 1869 548 citra
1881 514 1982 554 anuis,
1998 509 2114 566 ξξᾱᾞξζζ
2127 509 2186 561 ,2²5⁶ss

1231 572 1385 605 pauperes
1407 560 1549 596 infirmos
1573 563 1664 596 variis
1688 563 1868 597 morborum
1893 564 1983 598 iucu-
1998 570 2182 606 pinsincunii..0i

1230 610 1373 644 rabilium
1397 611 1570 656 generibus
1600 611 1753 650 infectos.
1784 612 1823 647 de
1850 612 1984 648 dirersis
1997 601 2186 654 ᾏῃεξζᾎῗῃοᾷῗῖἶέζ

1229 659 1337 694 mundi
1350 660 1492 706 partibus
1502 662 1530 695 in
1543 660 1884 703 Urbem,comnmuem
1903 662 1983 698 lide·
1996 663 2183 720 g'ffl‘gfffigss*

1229 708 1304 743 lium
1321 709 1462 744 omnium
1488 711 1632 756 patriam,
1647 723 1684 745 co
1702 711 1731 744 in
1757 723 1889 746 numero
1905 724 1978 746 cou-
2063 701 2070 715 ⁸
2163 709 2168 715 '

1228 758 1346 799 fluisse,
1364 768 1395 793 ut
1410 768 1475 794 tum
1500 760 1665 794 hominnm
1687 760 1901 804 multitudine,
1917 769 1982 796 tum

1228 807 1411 843 morborum
1437 810 1515 843 risui
1545 817 1575 843 et
1602 809 1745 844 odoratui
1776 811 1981 846 molestoruui

1227 857 1370 901 fastidio,
1389 859 1453 893 loca
1469 859 1528 893 illis
1549 860 1578 892 iu
1596 859 1694 905 ipsius
1711 858 1805 894 Urbis
1818 859 1983 907 hospitali-

1228 907 1301 951 bus,
1332 920 1392 942 uou
1422 909 1490 943 siue
1518 908 1699 943 dillicultate
1735 918 1893 954 paterent,
1919 922 1982 956 quo

1226 957 1317 992 tiebat
1335 965 1367 992 ut
1389 957 1463 992 dicti
1490 970 1658 1005 pauperes,
1681 958 1791 994 morbo
1815 959 1981 994 incurabili
2000 997 2006 1007 .

1225 1006 1414 1050 laborantes,
1433 1020 1488 1054 per
1509 1007 1628 1042 Urbem
1654 1008 1769 1042 rictum
1790 1017 1981 1055 quaerentes

1225 1064 1285 1091 tota
1302 1057 1366 1101 die,
1389 1058 1480 1092 etiam
1499 1058 1602 1104 parvis
1616 1057 1763 1093 curribus
1780 1067 1811 1092 et
1824 1058 1981 1094 vehiculis

1223 1105 1413 1150 discurrere,
1425 1119 1523 1154 seque
1536 1115 1567 1142 et
1580 1107 1657 1142 alios
1673 1107 1718 1142 eis
1732 1106 1874 1143 obiectos
1889 1108 1981 1144 taedio

1223 1164 1252 1190 et
1275 1156 1502 1203 impedimento
1515 1156 1650 1198 afficere;
1675 1157 1844 1205 pluresque
1865 1170 1903 1192 ex
1917 1158 1980 1198 eis,

1224 1205 1310 1240 nullo
1339 1205 1437 1240 adiuti
1467 1207 1497 1240 in
1526 1218 1635 1241 corum
1665 1207 1724 1241 vita
1751 1207 1925 1254 regimine,
1948 1207 1979 1242 in

1221 1255 1384 1300 graviores
1397 1255 1524 1290 morbos
1537 1256 1881 1299 incidere,etomuium
1895 1257 1981 1292 cbri-

1222 1304 1405 1339 stifidelium
1429 1305 1547 1340 auxilio
1569 1306 1722 1345 destituti,
1746 1314 1978 1353 praematuram

1222 1363 1354 1389 mortem
1378 1354 1485 1390 subire
1508 1365 1721 1402 cogerentur;
1750 1368 1786 1390 ac
1812 1357 1979 1402 cupientes

1221 1404 1359 1450 desuper
1375 1404 1413 1439 de
1431 1405 1538 1452 aliquo
1556 1414 1738 1453 opportuno
1755 1406 1895 1441 remedio
1911 1418 1981 1453 pro·

1223 1453 1334 1497 rideri,
1349 1463 1527 1489 statuerunt
1548 1464 1578 1490 et
1591 1455 1816 1490 ordinaverunt
1828 1455 1926 1503 quod,
1940 1468 1979 1492 ex

1222 1516 1307 1538 nunc
1329 1503 1367 1538 de
1389 1513 1494 1539 cetero
1508 1505 1538 1538 iu
1558 1513 1758 1552 perpetuum,
1784 1505 1905 1540 dictum
1925 1505 1980 1541 bo·

1220 1553 1331 1600 spitale
1354 1555 1550 1600 infirmorum
1584 1555 1804 1589 incurabilium
1831 1554 1978 1590 denomi-

1221 1611 1362 1647 naretur,
1377 1604 1452 1638 etin
1475 1616 1513 1638 ee
1534 1616 1646 1639 omnes
1670 1612 1700 1639 et
1719 1604 1835 1651 singuli
1851 1605 1977 1640 utrius—

1220 1664 1281 1700 que
1309 1665 1403 1688 sexus
1438 1653 1575 1694 infirmi,
1602 1654 1715 1701 quovis
1741 1664 1834 1688 etiam
1864 1655 1977 1702 gallico

1222 1700 1403 1750 nuncupato
1423 1706 1656 1751 (praeterquam
1680 1703 1848 1750 epidimiae
1875 1713 1907 1739 et
1929 1705 1978 1740 le·-

1223 1756 1307 1799 prae)
1335 1753 1446 1788 morbo
1475 1753 1606 1797 infecti,
1634 1753 1671 1787 ad
1705 1753 1781 1788 illud
1813 1766 1867 1800 pro
1896 1763 1977 1790 tein-

1223 1814 1297 1848 pore
1320 1802 1540 1849 confugientes
1568 1802 1614 1837 rel
1637 1803 1715 1837 alias
1730 1802 1829 1842 ducti.
1853 1805 1977 1852 recipe-

1221 1861 1340 1893 rentur,
1356 1853 1516 1887 alerentur
1531 1860 1561 1887 et
1582 1861 1783 1893 curarentur3
1799 1862 1828 1888 et
1845 1853 1905 1888 illis
1919 1866 1978 1889 ex-

1223 1902 1385 1945 tantibus,
1414 1902 1473 1936 uisi
1503 1902 1603 1949 ipsius
1626 1901 1790 1948 hospitalis
1812 1902 1978 1939 facultates

1199 1963 1201 1974 ¹
1221 1951 1259 1985 ad
1284 1951 1311 1985 id
1344 1952 1506 1987 evidenter
1529 1960 1756 1999 suppeterent.
1777 1951 1829 1987 alii
1859 1953 1976 1988 infirmi

1221 2000 1377 2036 curabiles
1401 2001 1441 2036 ibi
1472 2001 1568 2047 recipi
1586 2014 1648 2036 non
1667 2010 1808 2049 possent,
1826 2015 1897 2037 cum
1919 2015 1976 2050 pro

1222 2050 1337 2085 talibus
1360 2051 1456 2085 multa
1480 2061 1510 2086 et
1533 2051 1691 2098 locupleta
1713 2060 1820 2086 essent
1836 2052 1866 2087 in
1888 2052 1976 2088 Urbe

1222 2105 1398 2152 hospitalia.
1426 2105 1466 2140 Et
1496 2118 1533 2141 ne
1564 2118 1603 2140 ex
1632 2105 1815 2141 huiusmodi
1839 2119 1919 2142 nova
1945 2115 1977 2143 et

1222 2160 1396 2195 necessaria
1416 2160 1574 2196 dictorum
1599 2160 1819 2196 incurabilium
1840 2161 1977 2198 infirmo·

1222 2226 1290 2249 rum
1321 2215 1521 2262 receptione,
1547 2215 1676 2263 aliquod
1704 2215 1788 2251 dicto
1815 2215 1976 2264 hospitali,

1221 2268 1302 2303 eirca
1330 2269 1575 2305 celebrationem
1603 2270 1893 2305 anniversariorum
1919 2283 1976 2318 pro

1221 2323 1388 2358 animabus
1403 2324 1640 2370 defunctorum,
1652 2324 1690 2359 ad
1713 2336 1806 2371 quam
1824 2324 1907 2360 dicta
1923 2337 1976 2360 so-

1221 2377 1316 2412 cietas
1339 2386 1413 2413 tunc
1436 2378 1600 2421 tenebatur
1615 2387 1642 2414 et
1657 2391 1713 2426 pro
1737 2386 1878 2425 tempore
1894 2379 1976 2414 obli—

1221 2440 1360 2478 garetur‚
1391 2442 1421 2468 ct
1444 2432 1577 2468 aliorum
1601 2432 1724 2480 piorum
1752 2444 1897 2480 operum,
1921 2447 1976 2481 per

1223 2485 1350 2520 eosdem
1379 2487 1527 2534 antiquos
1549 2486 1722 2522 confratres
1735 2487 1874 2522 exerceri
1897 2488 1975 2522 soli-

1223 2547 1324 2574 torum
1345 2541 1571 2588 praeiudicium
1590 2541 1768 2586 inferretur,
1787 2541 1871 2588 quod
1887 2541 1976 2577 duo—

1223 2606 1291 2627 rum
1308 2594 1477 2640 proborum
1501 2596 1638 2631 virorum
1662 2595 1701 2631 de
1719 2595 1882 2631 communi
1896 2608 1976 2632 con-

1223 2660 1318 2684 sensu
1341 2649 1496 2686 dictorum
1524 2650 1726 2698 antiquorum
1749 2658 1781 2686 et
1801 2649 1975 2688 moderno-
