2281 3251
480 212 549 244 Atto

472 275 575 305 brosae
595 280 813 305 concesserunt.
825 291 863 297 —-
878 275 904 304 9..
918 274 1015 304 Abbas
1033 274 1178 312 generalis

471 326 499 351 et
520 321 689 351 definitores
709 320 794 349 modo
817 320 983 359 supplicant
1003 329 1053 357 pro
1077 329 1177 349 eorum

471 366 701 400 confirmatione,
729 369 757 394 et
784 365 870 394 etiam
895 374 945 403 pro
973 365 1177 394 communica-

473 412 548 441 tione
577 410 707 440 omnium
728 410 885 446 gratiarum
917 418 1052 447 congreg.
1078 409 1176 439 Cassi-

472 454 582 485 nensis.
613 471 651 476 —
673 453 699 483 3.
727 453 777 482 llic
802 453 886 482 modo
915 452 1019 482 Pontis.
1040 453 1181 492 approbat

472 499 567 529 onmia
588 498 736 538 privilegia
754 498 988 536 congregationis
1005 497 1097 527 Vallis
1114 497 1181 528 Um-

473 544 577 574 brosae
595 554 609 572 a
632 542 920 581 praedecessoribus,
943 542 1180 581 imperatoribus,

472 588 592 627 regibus
619 592 647 617 et
667 586 803 626 praelatis
826 596 858 615 ac
887 586 953 615 aliis
976 595 1131 623 concessa,
1155 593 1182 616 et

474 634 576 662 iterato
598 632 699 662 eadem
730 632 875 667 concedit;
900 648 937 652 —
958 632 985 660 4.
1008 631 1181 670 Gratiasque

450 685 576 707 'omnes
603 677 821 715 congregationi
849 675 1000 705 Cassinen.
1026 685 1181 705 concessas

473 728 501 752 et
515 722 719 752 concedendas
739 721 834 751 eidem
857 721 1075 758 congregationi
1093 720 1182 750 Vallis

474 766 635 797 Umbrosae
657 765 866 801 communicat3
882 782 919 787 —
933 765 960 802 5,
979 766 1005 794 o.
1021 765 1182 795 Contrariis

474 813 601 850 derogat.

236 223 284 248 An.
301 222 328 248 C.
351 222 414 249 ¹507

511 888 596 919 lulius
615 889 756 925 episcopus
775 894 870 916 servus
889 894 1028 916 servorum
1046 886 1108 919 Dei.

590 944 624 972 ad
650 943 778 972 futuram
802 942 844 971 rei
862 942 1031 971 memoriam.

485 1015 628 1051 Militanti
646 1015 807 1050 Ecclesiae
821 1014 977 1061 regimini,
997 1013 1185 1063 disponente

332 1077 358 1088 ¹¹¹
384 1085 387 1087 ·
438 1067 585 1109 Domino,
606 1065 833 1113 praesidentes,
855 1077 892 1099 ex
908 1065 1080 1100 commisso
1095 1064 1185 1099 nobis

440 1116 584 1165 pastorali
613 1115 716 1150 officio
739 1114 918 1149 inducimur
945 1123 978 1148 ut
1005 1114 1069 1154 liis,
1105 1127 1185 1162 quat·

438 1179 494 1215 pro
517 1166 739 1212 religiosorum
764 1163 976 1211 quorumlibet
1003 1164 1031 1198 in
1062 1164 1188 1199 liumili-

438 1217 508 1252 tatis
529 1216 641 1263 spiritu
665 1215 800 1249 Domino
828 1214 876 1261 pie
899 1213 1116 1248 famulantium
1140 1214 1186 1248 fe-

438 1267 488 1302 lici
515 1277 666 1301 successu
695 1277 711 1299 a
733 1263 816 1299 Sede
836 1264 1014 1311 Apostolica
1038 1276 1185 1299 concessa

438 1325 523 1356 sunt,
546 1324 669 1350 nostrae
691 1314 928 1361 approbationis
952 1314 1129 1349 munimine
1149 1314 1187 1348 sa-

438 1365 616 1401 vorabiliter
638 1364 833 1408 roboremus,
858 1372 891 1397 ut
912 1375 949 1398 eo
969 1363 1089 1398 lirmius
1112 1363 1188 1398 sub-

438 1416 565 1456 sistant,
597 1427 661 1462 quo
695 1414 788 1448 Sedis
825 1412 967 1447 eiusdem
1005 1414 1188 1448 auctoritate

439 1466 565 1513 saepius
587 1465 702 1500 fuerint
732 1463 942 1503 circumfulta,
966 1475 1001 1498 ac
1022 1463 1113 1498 etiam
1130 1463 1187 1498 alia

439 1516 478 1550 de
514 1527 594 1549 novo
621 1527 657 1549 ex
687 1513 782 1549 Sedis
814 1513 957 1548 eiusdem
993 1513 1188 1559 benignitate

439 1564 663 1605 concedamus,
695 1572 786 1611 prout
811 1563 928 1598 eisdem
958 1563 1129 1610 religiosis,
1161 1572 1188 1597 et

440 1615 517 1651 alias
551 1615 580 1650 in
609 1615 746 1650 Domino
777 1613 994 1661 conspicimus
1026 1613 1191 1648 salubriter

441 1665 600 1712 expedire.

491 1716 511 1762 S
535 1718 565 1748 t.
593 1714 689 1758 Sanc,
718 1725 772 1760 pro
795 1721 881 1760 parte
908 1712 1094 1748 dilectorum
1113 1712 1191 1747 filio-

259 1768 330 1820 ,¹“',',³''
352 1768 381 1818 ,ΚΠ
407 1772 427 1804 ἑ*
444 1778 512 1799 rum
536 1764 643 1808 Blasii,
664 1763 785 1798 abbatis
808 1763 988 1797 monasterii
1014 1763 1052 1797 B.
1076 1762 1190 1797 Mariae

245 1801 430 1857 22:⁵2⁷}”r⁸.'=i122i{
444 1814 540 1849 Vallis
553 1813 738 1857 Umbrosae,
751 1812 941 1848 Fesulanen.
971 1812 1144 1853 dioecesis,
1163 1822 1190 1847 et

247 1861 430 1913 ffssl'l'hssjnffjss-
444 1864 646 1899 definitorum
669 1863 800 1898 Ordinis
822 1871 852 1896 ct
874 1863 1127 1909 congregationis
1153 1864 1192 1897 ei-

246 1909 365 1946 eesscrzim-
446 1914 556 1949 iisdem
575 1913 674 1949 Vallis
696 1912 882 1955 Umbrosae,
906 1912 996 1946 nobis
1019 1925 1119 1959 nuper
1140 1925 1194 1947 ex-

446 1964 540 1999 hibita
560 1964 667 2011 petitio
689 1962 870 1998 continebat
897 1962 979 2009 quod
1003 1962 1077 1996 alias
1095 1962 1194 1997 felicis

446 2018 670 2054 recordationis
704 2016 852 2052 Urbanus
879 2016 925 2056 ll,
959 2015 1106 2051 Urbanus
1133 2017 1195 2056 III,

446 2073 610 2122 Pasqualis
627 2072 666 2114 ll,
686 2072 891 2107 Innocentius
912 2071 951 2111 lt,
973 2071 1123 2107 Innocen.
1142 2072 1196 2112 Ill,

448 2128 649 2163 Innocentius
676 2126 749 2167 vlt,
783 2125 985 2161 Coelestinus
1012 2125 1055 2165 tl,
1084 2125 1195 2161 Coele-

449 2184 551 2218 stinus
574 2182 627 2225 III,
642 2182 819 2229 Gregorius
832 2181 915 2225 VIII,
930 2180 1115 2216 Bonifacius
1127 2181 1197 2216 Vttl

449 2247 477 2273 et
493 2237 699 2285 quamplures
716 2236 764 2270 alii
780 2235 914 2271 Romani
932 2235 1099 2270 Pontifices
1114 2248 1201 2283 prae-

450 2294 630 2327 decessores
659 2291 755 2326 nostri
780 2289 977 2325 tnonasteriis
998 2290 1130 2324 Ordinis
1141 2289 1200 2325 Re-

451 2347 578 2394 ligionis
596 2358 651 2381 seu
675 2345 930 2392 congregationis
954 2345 1200 2392 praedictorum,

455 2401 642 2448 illorumque
665 2399 815 2434 membris
846 2411 881 2434 ac
915 2399 1055 2434 monacis
1078 2407 1107 2433 ct
1131 2411 1201 2446 per—

454 2455 541 2491 sonis
567 2453 762 2496 eorumdem,
783 2454 877 2488 multa
905 2462 935 2488 et
957 2453 1077 2487 diversa
1106 2453 1203 2500 privi-

457 2510 549 2558 legia,
564 2508 681 2543 indulta
696 2516 725 2542 et
741 2508 953 2543 immunitates
967 2515 1203 2546 concesserunt,

458 2572 551 2612 prout
573 2564 602 2598 in
635 2563 735 2598 literis
756 2563 895 2610 ipsorum
927 2562 1202 2610 praedecessorum

459 2618 581 2666 plenius
608 2617 720 2652 dicitur
741 2617 904 2652 contineri.

1022 223 1050 243 [ss
1062 222 1088 243 LI
1102 222 1203 243 suits!
1228 222 1357 243 ROMANI
1368 222 1387 242 M

1983 221 2030 248 An.
2048 221 2077 248 C.
2097 222 2162 248 ¹597

1269 280 1284 317 ,ξ
1312 278 1344 309 ⁶2.
1369 276 1485 317 Quare,
1515 288 1570 322 pro
1599 284 1681 321 parte
1710 275 1804 309 Blasii
1827 274 1965 315 abbatis,
1995 283 2167 308 museum-

1982 316 2007 335 lis
2030 318 2050 334 et
2067 315 2167 334 detiniiu-

1221 325 1285 372 qui,
1301 333 1333 359 ut
1344 325 1504 364 asseritur,
1517 325 1608 360 etiam
1623 324 1777 372 generalis
1793 323 1922 359 Ordinis
1937 334 1966 359 et
1983 352 2017 367 m
2032 346 2092 366 „mdo
2117 351 2166 371 su...

1221 374 1474 421 congregationis
1488 375 1715 420 praedictorum
1731 375 1846 415 existit,
1865 386 1900 410 ac
1920 374 1967 409 de-

1984 378 2060 404 pliraut
2076 383 2113 403 pro
2129 382 2169 398 eo-

1984 415 2027 428 rum
2055 410 2169 429 ronssrma-

1223 423 1380 458 [initorum
1405 424 1633 470 praedictorum
1657 424 1863 459 asserentium
1885 424 2086 472 quodnone.21
2106 440 2168 460 enam

1223 473 1481 508 monasteriorum
1515 473 1689 521 Religionis
1715 487 1769 508 seu
1797 486 1969 521 congrega-

1223 523 1317 557 tionis
1338 523 1520 557 huiusmodi
1537 523 1664 558 abbates
1679 531 1708 558 et
1724 524 1856 563 monaci,
1886 525 1967 558 iuxta

1223 572 1365 607 eamdem
1397 572 1551 619 Regulam
1589 581 1619 607 et
1651 572 1881 607 observantiam
1915 586 1969 608 re-

1223 621 1363 668 gularem
1393 622 1577 657 dilectorum
1613 621 1746 656 filiorum
1770 635 1970 658 monacorum

1224 672 1476 719 congregationis
1498 671 1532 706 S.
1554 671 1702 716 Iustinae,
1717 671 1793 706 alias
1807 671 1973 707 Cassineu·

1224 722 1267 756 sis
1293 721 1424 755 Ordinis
1441 722 1476 757 S.
1496 721 1671 765 Benedicti,
1696 729 1860 769 reguntur,
1883 722 1974 757 nobis

1226 771 1282 805 suit
1305 771 1465 806 humiliter
1487 771 1696 818 supplicatum
1721 780 1764 814 ut,
1789 783 1843 817 pro
1865 784 1973 807 eorum

1225 821 1424 855 subsistentia
1449 821 1589 865 firmiori,
1603 821 1698 855 robur
1717 829 1840 856 nostrae
1861 833 1975 868 appro-

1227 871 1361 905 bationis
1375 871 1512 906 adiicere
1526 883 1562 906 ac
1585 871 1633 905 illa
1654 871 1816 911 innovare,
1840 871 1976 906 eisdem-

1226 933 1287 968 que
1307 921 1400 955 modo
1419 929 1448 955 et
1471 921 1580 961 forma,
1603 920 1719 968 quibus
1738 932 1887 956 concessa
1902 930 1973 956 sunt

1227 972 1265 1005 de
1294 983 1375 1006 novo
1401 971 1587 1009 concedet-<³2
1611 982 1733 1005 necnon
1762 970 1977 1018 infrascripto-

1229 1033 1295 1054 rum
1328 1030 1467 1055 tenorem
1498 1030 1526 1055 et
1554 1032 1768 1067 quascumque
1804 1020 1879 1056 alias
1909 1022 1975 1066 pia-³

1228 1071 1398 1105 memoriae
1422 1070 1553 1117 [ingenii
1577 1069 1618 1104 IV
1640 1079 1670 1105 et
1692 1070 1861 1104 Alexandri
1885 1070 1926 1104 VI
1942 1084 1978 1105 ac

1228 1132 1502 1167 quorumcumque
1521 1120 1652 1155 aliorum
1667 1118 1883 1154 Romanorum
1900 1119 1978 1155 Pon-

1229 1169 1361 1211 tilicum,
1389 1170 1481 1204 etiam
1501 1169 1778 1217 praedecessorum
1803 1178 1979 1204 nostrorum

1229 1219 1334 1254 literas
1360 1219 1461 1254 eidem
1497 1219 1733 1266 congregationi
1757 1218 1790 1254 S.
1824 1218 1980 1261 Iustinae,

1229 1269 1303 1304 alias
1325 1269 1505 1314 Cassinen.,
1528 1280 1706 1313 concessas,
1725 1277 1755 1303 et
1774 1270 1803 1303 in
1829 1268 1887 1303 illis
1903 1280 1981 1304 con-

1231 1327 1311 1353 tenta
1335 1331 1370 1353 ac
1392 1319 1449 1354 alia
1474 1319 1648 1366 privilegia,
1672 1318 1899 1359 immunitates,
1923 1319 1979 1353 in—

1230 1368 1406 1415 dulgentias
1432 1377 1462 1403 et
1495 1368 1614 1403 indulta
1637 1380 1855 1415 quaecumque
1881 1368 1981 1403 eidem

1230 1419 1465 1465 congregationi
1495 1417 1528 1453 S.
1551 1418 1689 1453 Iustinae
1710 1430 1766 1453 seu
1796 1418 1980 1454 Cassinensi

1233 1477 1262 1502 et
1300 1468 1383 1502 illius
1410 1468 1634 1508 monasteriis,
1671 1468 1813 1503 monacis
1845 1476 1876 1502 et
1911 1480 1985 1515 per-

1232 1518 1317 1553 sonis
1340 1530 1395 1565 per
1421 1518 1537 1552 Sedem
1571 1517 1715 1552 eamdem
1743 1515 1985 1565 quomodolibet

1231 1580 1392 1608 concessa,
1415 1567 1452 1602 ad
1478 1568 1631 1602 Ordinem
1653 1576 1684 1602 et
1705 1568 1985 1614 congregationem

1233 1617 1330 1652 Vallis
1358 1617 1534 1653 Umbrosae
1561 1617 1741 1652 liuiusmodi
1764 1629 1800 1652 ac
1828 1617 1866 1652 ad
1901 1618 1986 1653 illius

1234 1668 1422 1702 monasteria
1455 1675 1485 1702 et
1519 1667 1584 1702 loca
1608 1675 1637 1701 et
1664 1679 1814 1715 personas
1850 1677 1881 1703 et
1907 1667 1987 1703 bona

1234 1717 1415 1761 extendere,
1428 1717 1566 1764 aliasque
1577 1717 1605 1751 in
1619 1717 1797 1763 praemissis
1810 1724 1988 1764 opportune

1236 1767 1401 1815 providere
1423 1767 1461 1802 de
1478 1767 1667 1813 benignitate
1689 1766 1861 1813 apostolica
1882 1766 1987 1814 digna-

1236 1829 1355 1851 remur.

1284 1867 1304 1913 ἓ
1332 1869 1364 1901 5.
1380 1866 1444 1901 Nos
1455 1865 1623 1912 igitur,qui
1640 1865 1793 1900 Ordinem
1810 1874 1839 1901 et
1856 1878 1989 1914 congre-

1236 1917 1393 1964 gationem
1410 1915 1507 1950 Vallis
1522 1915 1697 1950 Umlirosae
1712 1916 1908 1960 huiusmodi,
1921 1929 1989 1964 pro-

1239 1974 1306 2013 pter
1327 1966 1440 2000 uberes
1460 1965 1591 2005 fructus,
1610 1978 1690 2013 quos
1713 1966 1744 2000 in
1768 1966 1911 2001 militanti
1927 1966 1990 2002 Ec-

1238 2016 1334 2051 clesia
1350 2015 1379 2050 in
1403 2015 1517 2050 divinis
1533 2015 1783 2063 contemplandis
1804 2024 1834 2050 et
1856 2016 1991 2052 assiduis

1239 2069 1434 2105 orationibus
1456 2082 1492 2105 ac
1515 2069 1663 2118 precibus
1685 2069 1722 2104 ad
1742 2069 1843 2105 Deum
1874 2070 1991 2118 produ-

1240 2136 1310 2158 cere
1334 2132 1524 2164 noscuutur,
1550 2125 1578 2159 in
1607 2123 1778 2159 visceribus
1805 2125 1940 2159 caritatis
1961 2133 1991 2160 et

1241 2177 1421 2213 dilectionis
1437 2188 1561 2214 nostrae
1584 2178 1835 2226 complectimur,
1848 2178 1991 2214 Blasium

1241 2234 1385 2269 abbatem
1400 2243 1431 2269 et
1448 2234 1641 2274 definitores,
1658 2245 1779 2268 necnon
1793 2233 1945 2269 Ordinem
1963 2241 1993 2269 et

1243 2289 1520 2336 congregationem
1548 2287 1645 2323 Vallis
1671 2287 1845 2323 Umbrosae
1873 2288 1992 2324 liuius-

1245 2343 1341 2383 modi,
1364 2356 1400 2378 ac
1426 2343 1566 2378 eiusdem
1589 2341 1721 2377 Ordinis
1742 2354 1797 2377 seu
1819 2354 1994 2390 congrega-

1245 2397 1337 2433 tionis
1350 2397 1526 2444 singulares
1542 2408 1702 2444 personas,
1725 2409 1740 2431 a
1759 2396 1926 2444 quibusvis
1937 2409 1994 2431 ex—

1245 2451 1554 2495 communicationis,
1566 2450 1782 2498 suspensionis
1795 2459 1826 2486 et
1840 2450 1994 2485 interdicti

1246 2506 1376 2553 aliisque
1404 2505 1626 2540 ecclesiasticis
1652 2505 1825 2544 sententiis,
1852 2505 1997 2539 censuris

1248 2568 1279 2595 et
1302 2559 1429 2608 poeuis,
1455 2572 1471 2595 a
1495 2560 1561 2594 iure
1583 2559 1629 2594 vel
1651 2558 1690 2593 ab
1713 2558 1860 2603 homine,
1888 2558 1997 2606 quavis

1251 2615 1415 2650 occasione
1440 2614 1486 2650 vel
1510 2626 1604 2650 causa
1623 2613 1704 2658 latis,
1730 2613 1756 2648 si
1778 2613 1893 2661 quibus
1915 2625 1997 2660 quo-

1985 478 2021 494 iiro
2029 472 2167 491 communica-

1986 508 2042 523 ltintss'
2053 510 2108 523 ssmu.
2120 510 2168 528 βῐδ-

1986 539 1999 554 ti
2008 541 2059 554 irum
2075 540 2167 559 tongre-

1987 570 2076 589 gatmuit
2099 566 2172 585 iza-si—
2191 588 2194 593 Ι

1987 602 2066 616 timui&

2019 1878 2055 1900 nir
2065 1880 2126 1900 modo
2136 1878 2187 1900 Pon-

2004 1911 2034 1931 ut.
2046 1911 2132 1937 appreh.
2142 1917 2191 1931 om-

2005 1943 2039 1963 nia
2055 1942 2124 1969 privil.
2140 1947 2188 1963 con·

2005 1974 2133 1999 gregationis
2143 1972 2190 1992 Vat-

2006 2004 2031 2024 tis
2047 2002 2160 2024 Umbrosne
2178 2010 2190 2023 a

2006 2035 2139 2062 praedeces..
2154 2035 2188 2054 im-

2006 2066 2148 2093 peratoribus.
2159 2071 2189 2086 re-

2007 2097 2066 2123 gibus
2084 2100 2105 2117 et
2126 2102 2192 2124 prae-

2007 2128 2042 2148 lat.
2052 2133 2076 2148 ac
2085 2127 2133 2148 aliis
2143 2133 2192 2148 con-

2008 2159 2194 2181 ressa.etiiento

2008 2191 2054 2211 ead.
2074 2190 2181 2214 conceditq

2267 1598 2281 1696 ³}

2270 1698 2281 1771 23

2269 1779 2281 1818 ἃ
