2281 3251
205 278 256 305 An.
273 277 303 305 C.
319 277 386 305 15t7

221 833 384 860 ministrorumq-

201 865 323 892 provincial.
339 864 385 885 offi-

201 897 254 916 cium
263 896 340 916 trienn.
351 901 385 917 ex-

201 927 291 952 plentur.

211 1231 298 1260 Ipsique
313 1234 335 1253 et
349 1237 383 1253 eu-

198 1265 270 1286 stodu
292 1271 303 1285 ι
324 1264 384 1291 capi-

198 1295 241 1316 tulo
257 1295 382 1322 provinciali

198 1327 276 1354 deponi
291 1327 381 1354 possint.

212 1533 236 1554 Et
260 1534 285 1554 de
302 1533 384 1555 Obser-

199 1566 271 1586 nuti·
285 1566 334 1586 sint.

222 1933 368 1955 obierunt·-

204 1967 238 1993 qui
249 1968 384 1987 censemur.

453 267 524 302 696

404 333 469 377 riis,
492 332 531 367 de
549 332 679 368 Familia
703 330 902 378 nuncupatis,
919 330 1099 364 attributam
1123 337 1153 364 et

403 395 597 421 concessam,
614 389 766 428 perpetuo
781 380 998 420 concedimus,
1022 392 1058 414 ac
1079 391 1154 414 con-

403 445 521 467 cessam
537 441 565 466 et
581 431 757 465 attributam
768 443 836 464 esse
846 429 1153 464 decernimusMan

403 482 514 517 dautes
530 481 675 528 praefatis
698 480 843 514 sratribu
849 507 856 518 ,
880 479 972 513 etiam
998 479 1150 525 Regulam

402 532 439 566 B.
458 531 614 566 Francisci
641 542 716 584 pure
739 538 768 564 et
786 529 1152 584 simpliciterobservan-

403 581 496 619 tibus
513 579 650 614 utdictis
672 579 825 614 ministris
840 580 884 613 sic
902 591 956 623 per
979 579 1153 613 nosdecla-

405 631 477 665 ratis
492 638 521 664 et
544 629 708 673 ordinatis,
731 629 858 663 utteris
880 629 1000 662 illarum
1026 629 1153 676 provin-

402 681 519 715 ciarum
536 679 698 723 ministris,
713 678 889 713 secundum
913 678 1080 724 Regulam,
1099 691 1153 725 per

401 731 505 764 omnia
532 729 690 763 obediant.

449 784 464 823 ξ
489 783 544 814 10.
568 778 724 825 Denique,
738 791 775 813 ne
791 790 828 813 ex
846 778 1061 813 ministrorum
1080 790 1153 824 pro-

401 829 581 864 vincialium
620 829 829 876 perpetuitate
862 827 1016 863 Ordinem
1048 828 1151 874 ipsum

401 880 432 914 in
457 879 577 913 ruinam
602 878 713 913 iterum
737 878 848 913 collabi
874 878 1047 924 contingat,
1063 877 1153 911 volu-

402 941 472 963 mus
498 937 528 963 et
555 928 739 963 ordinamus
764 927 918 975 praefatos
947 927 1152 973 provinciales

401 979 564 1014 ministros
577 978 655 1013 ultra
671 979 842 1013 triennium
860 979 890 1011 in
906 978 972 1012 suis
985 990 1046 1012 non
1061 990 1153 1025 posse

400 1029 576 1063 continuari
593 1028 721 1069 officiis;
737 1040 799 1075 quo
813 1028 947 1062 triennio
962 1027 1082 1074 elapso,
1099 1040 1153 1073 pro

399 1078 552 1113 absolutis
564 1078 603 1113 ab
620 1078 722 1113 officio
745 1090 759 1112 a
784 1078 908 1113 eunctis
930 1077 1081 1112 fratribus
1097 1077 1154 1112 ba·

399 1127 544 1163 beantur.

448 1178 492 1225 §vl
507 1180 517 1213 Ι1
531 1205 536 1212 .
550 1177 816 1213 Poterunttamen
829 1176 1037 1212 infradictum
1055 1177 1153 1211 trien-

399 1228 487 1262 nium
504 1241 518 1263 a
536 1228 602 1263 suis
624 1228 769 1274 capitulis
786 1226 1046 1275 provincialibus,
1061 1235 1151 1273 prout

399 1278 574 1313 secundum
587 1277 740 1324 Regulam
758 1286 788 1312 et
800 1276 1061 1312 consuetudinem
1076 1276 1154 1311 cele-

399 1327 585 1367 brabuntur,
611 1328 635 1362 si
653 1328 758 1362 minus
777 1327 873 1362 utiles
894 1327 1009 1361 inventi
1025 1326 1152 1366 fuerint

399 1377 437 1412 ab
464 1378 574 1412 ofliciis
599 1376 846 1424 provincialibus
859 1376 999 1416 al)solvi;
1023 1385 1053 1411 et
1069 1375 1152 1410 idem

399 1427 551 1463 iudicium
562 1428 599 1461 de
609 1427 794 1461 custodibus
805 1439 859 1474 per
871 1426 975 1460 omnia
990 1425 1152 1460 habeatur

448 1477 467 1524 S
494 1479 549 1511 102.
580 1476 694 1511 Nullus
723 1489 794 1511 vero
823 1479 851 1510 in
877 1476 1055 1510 ministrum
1082 1488 1154 1521 pro-

400 1527 563 1562 vincialem
581 1535 633 1561 aut
655 1527 817 1562 custodem
843 1526 928 1572 eligi,
951 1534 1005 1559 aut
1026 1525 1054 1559 in
1073 1526 1153 1572 ipso-

401 1589 468 1611 rum
497 1577 650 1612 electione
673 1589 780 1612 vocem
802 1576 916 1611 babere
946 1576 1069 1622 poterit,
1093 1575 1153 1610 nisi

400 1628 492 1662 vitam
516 1627 610 1662 ducat
627 1626 839 1666 reformatam,
862 1634 890 1660 et
917 1626 946 1659 in
971 1626 1155 1660 communi-

400 1685 462 1712 tate
495 1677 736 1712 reformatorum
761 1676 848 1710 illius
873 1675 1050 1722 provinciae
1067 1703 1074 1715 ,
1102 1676 1153 1710 cui

400 1726 632 1774 praeficiendus
650 1735 709 1767 est,
733 1739 787 1773 pro
805 1726 854 1760 tali
880 1724 1046 1766 lrabeatur;
1062 1726 1155 1772 quic-

400 1777 475 1824 quid
491 1785 595 1812 autem
620 1777 649 1811 in
670 1777 862 1811 contrarium
877 1783 1064 1810 attentatum
1086 1775 1155 1810 fue-

401 1827 439 1861 rit
461 1827 529 1874 ipso
551 1826 632 1862 facto
661 1826 782 1860 irritum
806 1826 845 1860 sit
872 1834 901 1859 et
930 1825 1034 1859 inane.

450 1881 465 1920 ἓ
491 1879 545 1912 ¹l5.
568 1877 746 1917 Praeterea,
768 1876 840 1922 quia
856 1875 894 1909 de
911 1874 1100 1910 Reformatis
1121 1887 1155 1909 ac

402 1939 479 1982 pure
506 1935 536 1961 ct
563 1926 747 1973 simpliciter
774 1924 930 1972 Regulam
948 1925 1028 1958 beati
1053 1924 1156 1960 Fian-

401 1977 475 2012 cisci
499 1976 681 2011 huiusmodi
707 1975 948 2010 observantibus
971 1987 1063 2021 saepe
1084 1987 1157 2009 sae-

403 2028 476 2074 pius
498 2027 527 2061 iu
541 2025 804 2074 praecedentibus
815 2024 1060 2072 etsequentibus
1073 2037 1158 2059 men-

401 2077 445 2112 tio
464 2076 609 2119 habetur,
635 2076 780 2111 volumus
807 2084 837 2110 et
859 2074 1071 2119 declaramus,
1098 2075 1157 2109 sub

403 2132 529 2165 nomine
550 2130 806 2166 Reformatorum
824 2142 860 2165 ac
885 2141 961 2177 pure
977 2138 1007 2164 et
1030 2130 1157 2176 simpli-

402 2186 479 2219 citer
505 2184 657 2232 Regulam
687 2185 768 2220 beati
791 2184 954 2219 Francisci
972 2182 1156 2218 huiusmodi

404 2239 639 2274 observantium
663 2238 893 2287 comprehendi
911 2250 1023 2273 omnes
1039 2247 1069 2272 et
1091 2238 1158 2272 sin-

404 2292 496 2340 gulos
524 2294 750 2341 infrascriptos,
774 2293 919 2329 videlicet
941 2292 1156 2331 observantes,

404 2355 466 2382 tam
482 2347 521 2383 de
535 2347 675 2392 Familia,
687 2361 780 2395 quatu
794 2347 995 2382 Rel‘ormatos
1017 2346 1076 2381 sub
1094 2347 1158 2380 mi-

407 2403 526 2446 nistris,
541 2415 576 2438 ac
592 2402 701 2438 fratres
714 2403 857 2446 Amadei,
870 2402 909 2438 de
930 2401 1103 2445 Coletanis,
1121 2401 1159 2435 (lc

407 2456 561 2502 Clarenis,
581 2457 619 2492 de
635 2456 751 2492 Sancto
763 2457 950 2503 Evangelio,
969 2469 1024 2491 seu
1041 2456 1079 2491 de
1098 2456 1160 2491 Ca-

407 2511 505 2560 putio,
518 2524 553 2546 ac
565 2511 777 2547 Discalceatos
788 2520 997 2558 nuncupatOS,
1007 2521 1059 2546 aut
1071 2511 1160 2553 alios,

408 2565 593 2613 similesque
619 2577 822 2613 quocumque
835 2566 896 2601 alio
918 2565 1046 2601 nomine
1075 2577 1160 2599 nun-

409 2628 539 2667 cupatos
553 2628 583 2656 et
600 2620 756 2667 Regulam
775 2622 874 2668 ipsam
901 2620 980 2656 beati
998 2619 1159 2655 Francisci

409 2687 489 2724 pure
505 2684 535 2712 et
555 2676 740 2724 simpliciter
751 2675 975 2719 observantes3
993 2684 1074 2712 etex
1088 2673 1161 2723 qui-

988 275 1178 299 nummum
1203 274 1368 298 Romen

1963 271 2015 298 An.
2034 269 2064 297 C.
2083 268 2152 296 ¹5¹7

1193 329 1250 363 bus
1295 327 1443 363 omnibus
1474 327 1666 375 supradictis
1707 342 1805 364 uuum
1833 341 1948 376 corpus

1193 378 1321 413 insimul
1346 378 1506 421 facientes,
1529 378 1655 413 eosdem
1672 378 1731 413 ad
1726 381 1859 414 invicem
1878 391 1948 426 per-

1194 438 1288 475 petuo
1312 429 1451 471 unimus,
1471 428 1510 462 ita
1534 427 1617 475 qnod
1641 428 1680 462 de
1698 438 1815 469 cetero,
1831 429 1947 463 omissa
1976 443 2092 471 Quodque,
2115 443 2149 463 ‹u-

1193 478 1371 513 diversitate
1385 478 1549 512 nominum
1575 478 1822 524 praedictorum,
1835 480 1949 523 fratres
1963 474 2153 529 ζ’ῡζῗιξιῗξξξιξξζ

1193 529 1330 561 tsi-nmes
1351 529 1450 562 sancti
1477 528 1637 561 francisci·
1661 531 1815 574 r'eyularis
1834 530 1970 564 Obser-
1965 541 2039 557 omnes
2072 536 2152 561 [mim

1192 580 1329 617 varzttffae
1353 577 1399 612 vel
1421 577 1514 611 simul
1539 577 1799 618 veldisinnctive
1822 590 1950 613 nuncu·
1964 566 2153 619 fssfflfffnm’ssffi

1195 640 1231 673 pi
1236 637 1308 661 ntur
1336 636 1365 661 et
1390 627 1565 673 nuncupari
1596 627 1718 673 possint
1739 637 1770 663 et
1802 628 1948 663 debeant.
1966 632 2049 651 Μω-

1196 676 1380 724 Omnesque
1393 686 1420 711 et
1433 677 1588 723 singulos,
1602 685 1633 710 ut
1649 677 1833 723 praefertur,
1845 678 1950 712 unitos

1193 727 1331 773 generali
1369 727 1513 761 ministro
1547 727 1706 773 praedicto
1741 740 1777 762 ac
1815 728 1951 774 provin—

1194 777 1327 811 cialibus
1351 777 1506 811 ministris
1529 786 1557 810 et
1586 777 1784 821 custodibus,
1814 778 1843 811 in
1867 790 1950 824 quo-

1194 840 1261 862 rum
1281 827 1454 874 provinciis
1477 834 1506 860 et
1521 826 1675 861 custodiis
1692 828 1866 873 respective
1882 839 1951 862 mo—

1197 886 1314 917 rantur,
1343 877 1371 910 iu
1396 876 1546 910 omuibus
1567 885 1597 910 et
1627 889 1681 922 per
1702 877 1807 911 omnia
1831 889 1951 911 secun-

1194 927 1268 961 dum
1285 926 1437 973 Regulam
1450 927 1562 961 subiici
1580 926 1952 962 debere.Conventnales

1195 989 1270 1011 vero
1293 977 1468 1011 secundum
1499 976 1658 1022 privilegia
1683 977 1843 1021 viventes,
1866 989 1951 1024 quo—

1194 1027 1290 1061 modo
1306 1026 1424 1061 eisdem
1444 1026 1596 1061 ministris
1608 1027 1810 1071 generalibus
1828 1036 1858 1061 et
1877 1039 1951 1074 pro-

1194 1076 1382 1111 vincialibus
1409 1075 1521 1111 subiici
1542 1084 1572 1110 et
1587 1075 1717 1111 obedire
1730 1076 1879 1120 debeant,
1897 1089 1951 1122 per

1193 1127 1269 1161 alias
1297 1135 1420 1161 nostras
1448 1126 1583 1173 desuper
1605 1126 1745 1161 edendas
1773 1126 1878 1162 literas
1893 1126 1950 1160 de-

1197 1176 1402 1211 clarabimus.

1243 1226 1262 1270 Ε
1292 1228 1346 1260 l4.
1370 1225 1532 1269 Ceterum,
1552 1225 1844 1271 utdissensionum,
1857 1239 1950 1261 scan·
1964 1225 2146 1252 vammum..

1194 1272 1337 1310 dalotum
1354 1284 1384 1310 et
1402 1276 1623 1323 partialitatuin
1648 1275 1747 1311 fomes
1766 1277 1893 1323 penitus
1911 1276 1949 1311 ab
1963 1258 2157 1316 issssffiffdfssaill-

1196 1327 1264 1372 ipso
1279 1325 1399 1361 Ordine
1422 1326 1560 1365 tollatur
1585 1326 1796 1372 praecipimus
1819 1326 1949 1361 firmiter
1963 1321 2156 1379 ξξζθροζζζῗᾞ(

1193 1385 1221 1410 et
1233 1375 1434 1419 mandamus,
1441 1375 1500 1410 sub
1514 1388 1593 1422 pseu:
1588 1389 1601 1408 a
1612 1376 1949 1411 excommnuicationis

1195 1425 1273 1460 latae
1302 1427 1478 1460 sententiae
1502 1426 1569 1472 ipso
1598 1425 1678 1460 facto
1708 1426 1948 1482 incurrenda‚a

1194 1488 1255 1522 qua
1279 1475 1398 1518 nullus,
1428 1484 1645 1522 praeterquam
1675 1475 1705 1508 in
1734 1476 1845 1510 moitis
1866 1476 1949 1511 arti-

1195 1526 1288 1568 culo,
1313 1525 1372 1559 nisi
1401 1537 1416 1559 a
1441 1525 1530 1559 nobis
1553 1534 1604 1558 aut
1626 1537 1640 1558 a
1661 1524 1745 1560 Sede
1765 1526 1949 1572 Apostolica

1196 1575 1293 1621 possit
1308 1574 1607 1621 al)solvi,nealiquis
1625 1574 1718 1609 frater
1731 1575 1862 1611 Ordinis
1877 1588 1950 1611 sau-

1195 1625 1234 1659 cti
1257 1624 1417 1659 Fraueisci
1441 1625 1576 1672 appellet
1599 1624 1696 1659 alium
1720 1625 1846 1660 fratrem
1862 1626 1950 1661 eins-

1195 1674 1267 1709 dem
1290 1674 1421 1709 Ordinis
1444 1674 1598 1709 malitiose
1617 1702 1624 1714 ,
1648 1675 1786 1710 irrisorie
1807 1688 1863 1710 seu
1887 1675 1946 1710 im-

1196 1725 1391 1771 properiose‚
1409 1725 1637 1771 privilegiatum
1667 1724 1858 1765 coletanum,
1874 1725 1950 1760 bul—

1196 1775 1311 1818 listam,
1326 1775 1706 1815 amadeitam‚clarenum.
1717 1774 1755 1809 de
1766 1774 1950 1821 Evangelio,

1196 1837 1251 1859 seu
1271 1824 1431 1880 Capucio,
1452 1824 1590 1870 bigotum
1614 1832 1667 1859 aut
1689 1825 1748 1859 alio
1765 1826 1877 1871 quovis
1893 1837 1951 1859 no-

1197 1875 1294 1914 mine
1310 1876 1402 1909 etiam
1427 1874 1465 1908 de
1488 1887 1569 1908 noio
1593 1883 1729 1920 reperto
1746 1887 1800 1909 seu
1823 1874 1926 1910 for'te
1921 1888 1950 1909 ιιι

1198 1924 1350 1965 futurum
1360 1924 1525 1959 occasione
1541 1924 1683 1971 priorum
1695 1924 1909 1960 divisionum
1904 1938 1953 1972 ip-

1197 1975 1262 2009 sius
1277 1974 1407 2009 Ordinis
1430 1974 1476 2008 vel
1500 1974 1595 2008 buius
1619 1982 1743 2008 nostrae
1762 1982 1888 2010 sanctae
1904 1975 1953 2009 in·

1197 2033 1373 2060 stitutionis
1382 2032 1411 2059 et
1428 2024 1567 2068 unionis,
1581 2023 1722 2070 Spiritus
1736 2024 1842 2059 Sancti
1854 2024 1951 2071 gratia

1197 2074 1404 2121 compositae,
1419 2086 1434 2108 a
1451 2086 1655 2129 quocun-tque
1672 2074 1880 2121 imponendo
1896 2086 1951 2109 seu

1200 2124 1262 2159 alio
1283 2125 1396 2171 quovis
1412 2124 1562 2168 iriisorio,
1578 2124 1732 2158 iniurioso
1759 2136 1814 2159 seu
1832 2125 1952 2171 impro-

1199 2175 1324 2221 perioso
1351 2174 1493 2216 nomine,
1520 2183 1572 2208 aut
1595 2173 1679 2221 quod
1709 2186 1763 2220 pro
1787 2174 1955 2222 imprope—

1200 2225 1284 2259 rioso
1305 2236 1321 2258 a
1351 2224 1545 2272 patientibus
1567 2223 1717 2259 babetur:
1736 2235 1857 2259 necnon
1883 2236 1956 2259 om-

1200 2275 1306 2315 nibus,
1323 2282 1384 2309 tam
1408 2274 1530 2309 clericis
1553 2286 1647 2321 quam
1664 2273 1765 2313 laicis,
1789 2286 1828 2309 ne
1843 2273 1955 2309 fratres

1200 2324 1379 2359 buiusmodi
1408 2332 1461 2358 aut
1485 2336 1593 2358 eorum
1622 2323 1784 2368 fautores,
1811 2323 1956 2370 praefatiS

1201 2374 1394 2414 nominibus,
1413 2374 1549 2408 irrisorie
1573 2386 1629 2409 seu
1658 2373 1814 2408 malitiose
1838 2372 1953 2421 appel-

1201 2424 1276 2468 lent,
1294 2424 1348 2459 sed
1362 2436 1473 2458 omnes
1488 2423 1596 2458 fratres
1620 2424 1722 2470 ipsius
1745 2423 1877 2458 Ordinis
1892 2423 1955 2458 fra-

1201 2484 1262 2509 tres
1276 2475 1427 2518 Minores,
1437 2482 1468 2508 ut
1481 2473 1666 2521 praefertur,
1677 2485 1730 2508 seu
1742 2473 1841 2508 sancti
1854 2472 1957 2508 Fran-

1201 2525 1287 2564 cisci,
1310 2537 1325 2559 a
1349 2536 1382 2559 se
1417 2525 1493 2571 ipsis
1523 2532 1552 2557 et
1575 2523 1724 2558 omnibus
1750 2523 1820 2558 aliis
1848 2522 1957 2557 nomi-

1202 2583 1326 2608 nentur.

1251 2625 1271 2671 g
1301 2627 1356 2658 15.
1381 2624 1471 2668 ltem,
1486 2624 1656 2658 statuimus
1680 2622 1763 2671 quod
1787 2622 1825 2657 de
1852 2630 1958 2658 cetero

1203 2675 1310 2709 nullus
1336 2674 1430 2710 frater
1446 2674 1632 2710 reformatus
1655 2673 1753 2722 possit
1774 2685 1829 2721 per
1843 2684 1958 2722 quem-
