2281 3251
282 266 329 291 λη.
348 267 375 291 (J.
392 265 456 291 tina

296 2382 404 2405 *influatis*
418 2381 462 2407 ΡΠ-

278 2413 348 2433 vitenti
382 2411 461 2432 rotetur.

278 2447 372 2469 tempore
394 2444 463 2464 inter-

278 2475 335 2497 dicti,
347 2478 422 2494 etcum
433 2474 462 2494 at-

278 2505 416 2533 taripurtatiti
425 2506 460 2532 (ll.

521 253 591 286 218

474 319 544 354 fidei
565 317 756 354 orthodoxae
776 317 928 352 haetenus
945 315 1091 363 produxit
1109 314 1223 350 utiliter

472 378 501 403 et
525 368 691 416 producit,
714 380 750 402 ac
774 368 802 401 in
827 366 968 401 futurum
994 364 1219 412 producturum

474 419 537 453 fore
565 431 621 465 spe
650 418 735 452 firma
757 425 915 457 tenemus,
944 415 1088 461 palmites
1110 426 1184 448 suos
1205 426 1221 448 a

475 481 558 502 mare
575 467 722 515 usquead
743 478 827 501 mare
850 475 879 500 et
901 465 992 500 etiam
1021 464 1057 498 ad
1076 464 1224 498 barbaras

474 517 673 553 extendendo
690 517 844 560 nationes,
860 515 992 549 intensis
1007 513 1224 549 desideramus

474 567 650 610 affectibus,
670 566 846 601 Clementis
869 573 897 599 et
921 564 1054 610 Eugenii
1080 563 1224 610 praedic-

476 627 577 653 torum
612 629 647 651 ac
685 616 818 650 aliorum
856 613 1133 661 praedecessorum
1167 624 1224 647 no-

475 677 625 703 strorum.
649 666 701 713 qui
731 665 885 700 Ordinem
922 663 1117 711 praedictum
1155 662 1223 697 fra-

477 726 559 752 trum
582 716 740 750 Minorum
761 715 830 749 aliis
855 714 947 748 variis
972 713 1144 760 prixilegiis
1162 724 1223 746 non

478 766 633 801 immerito
647 765 848 803 decorarunt,
863 764 1001 810 vestigiis
1013 763 1225 806 inhaerentes,

477 826 561 851 motu
581 816 718 862 proprio,
733 826 795 848 non
811 814 848 849 ad
872 825 982 848 eorum
1005 813 1078 848 dicti
1094 811 1225 846 Ordinis

481 866 608 900 fratrum
632 864 789 900 Minoi-um
825 863 1036 911 professorum
1069 862 1116 896 rel
1143 862 1225 896 alte—

479 916 544 950 rius
569 927 623 961 pro
650 914 696 949 eis
720 913 810 948 nobis
832 925 926 960 super
948 912 1009 947 hoc
1028 911 1149 947 oblatae
1178 924 1225 958 pe-

478 965 597 1000 titionis
631 964 836 1004 instantiam,
863 961 918 997 sed
948 961 986 997 de
1014 970 1118 996 nostra
1142 973 1226 996 mera

478 1015 636 1050 voluntate
670 1023 699 1049 et
727 1012 977 1056 deliberatione,
1008 1023 1043 1046 ac
1079 1023 1116 1046 ex
1144 1018 1225 1045 certa

477 1064 607 1099 seientia
626 1072 743 1107 nostra,
760 1062 936 1097 Clementis
958 1069 986 1096 et
1009 1072 1227 1109 quascumque

477 1114 553 1149 alias
575 1124 850 1161 quorumcumque
876 1111 1093 1146 Romanorum
1117 1110 1228 1145 Ponti-

480 1164 572 1198 ficum
604 1163 880 1210 praedecessorum
910 1169 1089 1196 nostrorum
1113 1160 1227 1200 literas,

480 1214 563 1249 dicto
590 1213 702 1248 Ordini
727 1213 854 1247 fratrum
885 1210 1045 1246 Minorum
1079 1219 1107 1245 et
1144 1209 1229 1244 illius

481 1263 630 1298 domibus
653 1272 682 1298 et
707 1260 939 1311 professoribus
968 1262 996 1295 in
1020 1272 1147 1307 genere,
1170 1259 1229 1294 sub

480 1325 681 1360 quacumque
718 1311 885 1347 verborum
915 1310 1011 1345 forma
1048 1321 1227 1346 concessas,

480 1375 570 1410 quas,
586 1374 622 1398 ac
636 1363 662 1398 si
678 1362 717 1397 de.
732 1361 828 1396 verbo
850 1360 886 1395 ad
912 1360 1053 1399 verbum,
1074 1371 1134 1394 una
1154 1372 1226 1394 eum

481 1412 646 1460 praedictis
673 1411 771 1446 literis
804 1410 938 1457 Eugenii
978 1408 1228 1457 praedecessoris

481 1461 621 1508 praefati,
649 1460 866 1508 praesentibus
888 1459 1022 1495 insertae
1044 1459 1156 1504 forent,
1171 1458 1229 1494 ha—

481 1511 547 1546 beri
573 1511 718 1546 volumus
742 1522 798 1558 pro
816 1509 988 1557 expressis,
1014 1521 1051 1544 ac
1072 1509 1178 1544 omnia
1200 1517 1229 1544 et

480 1560 605 1608 singula
623 1561 654 1595 in
678 1560 738 1595 illis
760 1567 921 1603 contenta,
943 1558 1127 1594 auctoritate
1152 1570 1230 1606 apo—

479 1610 602 1656 stolica,
623 1619 731 1645 tenore
755 1605 968 1657 praesentium
1003 1607 1228 1656 approbamus,

480 1668 510 1694 et
533 1660 628 1695 robur
651 1669 821 1707 perpetuae
843 1658 999 1694 firmitatis
1017 1657 1160 1694 obtinere
1172 1657 1230 1693 de-

480 1709 554 1745 bere
582 1709 801 1750 decernimus;
829 1717 859 1744 et
882 1720 938 1756 pro
957 1708 1070 1756 potiori
1095 1707 1228 1752 cautela,

480 1759 586 1795 omnia
610 1767 639 1793 et
661 1759 797 1807 singula,
814 1771 868 1806 per
882 1756 1058 1793 Clementis
1076 1766 1106 1792 et
1120 1757 1228 1804 Euge-

481 1809 522 1843 nii
546 1808 688 1856 aliosque
718 1808 976 1856 praedecessores
999 1815 1122 1843 nostros
1138 1819 1229 1854 prae-

480 1858 593 1903 dictos,
618 1859 646 1892 in
662 1859 781 1893 eisdem
806 1857 914 1902 literis,
941 1869 998 1905 pro
1019 1865 1050 1892 et
1078 1857 1108 1892 in
1136 1857 1228 1892 favo-

480 1920 545 1943 rem
575 1908 649 1942 dicti
665 1907 795 1943 Ordinis
817 1907 944 1942 fratrum
967 1905 1126 1942 Minorum
1146 1919 1228 1954 quo-

480 1957 653 1993 modolibet
675 1957 829 1998 ordinata,
851 1964 977 1997 statuta,
999 1956 1136 1997 decreta,
1151 1968 1228 1991 con-

478 2019 567 2043 cessa
599 2015 630 2042 et
653 2006 771 2042 indulta
806 2006 870 2042 fieri
899 2014 929 2041 et
951 2006 1065 2041 servari
1099 2006 1227 2046 debere,

478 2057 673 2097 auctoritate,
696 2065 781 2091 motu
796 2064 825 2091 et
847 2056 976 2091 scientia
1006 2055 1174 2103 praedictis
1189 2055 1228 2090 de

479 2119 560 2142 novo
587 2106 782 2151 ordinamus,
809 2106 975 2140 statuimus
996 2114 1088 2153 atque
1116 2105 1227 2140 decer-

479 2156 596 2200 nimus,
619 2169 654 2191 ac
675 2156 778 2192 eidem
793 2156 904 2191 Ordini
927 2155 1085 2190 Minorum
1111 2155 1225 2203 illiusq.

478 2211 629 2246 domibus
650 2219 680 2246 et
706 2210 936 2259 professoribus
964 2210 1170 2246 concedimus
1198 2219 1226 2245 et

480 2266 694 2313 indulgemus.

527 2324 542 2363 ξ
565 2323 598 2355 4.
621 2320 661 2355 Et
682 2320 768 2368 quia,
791 2320 873 2356 sicut
899 2320 1078 2368 accepimns
1105 2332 1226 2368 nosque

479 2373 536 2421 ipsi
566 2375 758 2421 experientia
781 2375 961 2417 didicimus,
994 2375 1023 2409 in
1053 2374 1227 2410 minoribus

478 2430 637 2464 constituti
656 2430 781 2477 praefati
798 2429 930 2465 Ordinis
945 2442 1051 2465 curam
1066 2439 1226 2476 gerentes,

478 2484 560 2520 circa
584 2484 689 2520 literas
711 2493 740 2519 ct
767 2485 928 2532 privilegia
951 2483 1134 2519 huiusmodi
1155 2496 1227 2519 non-

479 2537 563 2573 nulla
575 2537 670 2574 dubia
686 2539 886 2586 postmodum
901 2549 975 2574 sunt
991 2547 1109 2579 exorta,
1123 2539 1227 2574 habita

478 2604 576 2640 super
602 2591 663 2628 illis
683 2593 936 2630 consideratione
958 2593 1100 2638 decenti,
1128 2601 1227 2638 motu,

519 2663 558 2699 (l)
575 2663 642 2691 Vide
662 2664 761 2692 Concil.
782 2665 913 2699 Trident.,
931 2673 996 2694 sess.
1015 2674 1084 2700 xxv,
1106 2674 1164 2703 cap.
1186 2667 1226 2694 12.

1065 259 1249 281 nt'ttAttit'M
1280 260 1405 281 ttoataat
1417 260 1439 281 Μ

1264 314 1448 349 auctoritate
1481 322 1510 347 et
1548 313 1676 348 scientia
1712 313 1886 353 similibus,
1911 313 2015 349 literas

1265 363 1406 398 eiusdem
1437 362 1612 398 Clementis
1637 363 1898 410 praedecessoris,
1921 364 1952 398 in
1979 376 2014 399 ea

1266 422 1350 459 parte
1376 414 1405 447 in
1429 425 1489 460 qua
1517 412 1663 447 concedit
1685 413 1760 447 dicti
1789 412 1920 447 Ordinis
1944 426 2014 458 pro<

1267 462 1440 497 fossoribus
1460 471 1490 497 ut
1515 462 1606 497 liceat
1623 463 1669 496 eis
1687 463 1716 497 in
1740 462 1830 504 locis,
1853 463 1882 497 in
1898 462 2015 510 quibus

1265 512 1396 558 degunt,
1432 512 1545 546 babere
1574 512 1720 552 oratoria,
1756 520 1785 546 et
1820 513 1849 547 in
1873 513 1917 547 eis
1943 525 2014 548 cum

1265 561 1352 596 altari
1382 561 1533 609 portatili,
1554 562 1647 597 etiam
1677 571 1816 609 tempore
1846 562 2015 606 interdicti,

1267 611 1370 646 ianuis
1392 611 1519 651 clausis,
1542 612 1826 646 excommunicatis
1860 621 1890 646 et
1917 613 2015 646 inter-

1266 660 1358 695 dictis
1379 660 1525 705 exclusis,
1539 661 1704 696 missarum
1728 661 1878 696 solemnia
1900 669 1931 695 et
1958 661 2014 696 alia

1266 711 1370 745 divina
1405 710 1504 745 officia
1531 710 1704 749 cetet›rare;
1734 719 1763 745 et
1791 710 1874 758 quod
1908 723 2014 745 eorum

1267 760 1446 794 insistentes
1468 760 1644 808 obsequiis,
1663 761 1806 795 censuris
1831 761 2018 807 generaliter

1269 810 1474 857 promulgatis
1495 822 1555 845 non
1581 810 1838 857 ligentunquum
1857 811 2014 857 contingat

1268 872 1322 894 eos
1350 872 1500 907 persaepe
1525 860 1652 907 requiri,
1679 869 1711 895 ut
1733 861 1825 895 etiam
1846 868 1931 895 extra
1946 873 2017 894 ora—

1269 910 1461 954 toria,super
1477 909 1656 945 huiusmodi
1671 910 1758 944 altari
1782 909 1915 956 portatili
1932 910 2018 945 cele-

1268 959 1359 994 brent
1382 959 1485 994 divina
1507 958 1619 1003 officia,
1645 967 1675 994 et
1709 959 1744 993 ad
1770 959 1832 999 illa,
1861 959 2016 995 interdicti

1270 1017 1430 1056 tempore,
1452 1009 1534 1044 tertii
1562 1008 1692 1044 Ordinis
1718 1008 1826 1044 Sancti
1857 1009 2016 1045 Francisci

1268 1058 1307 1093 de
1328 1058 1526 1093 poenitentia
1550 1059 1723 1106 nuncupati
1741 1058 1852 1095 fratres
1878 1067 1907 1094 et
1929 1071 2018 1095 soro-

1270 1120 1320 1143 res
1348 1120 1385 1143 ac
1411 1121 1486 1143 suos
1512 1116 1542 1143 et
1570 1108 1694 1143 illorum
1719 1116 1940 1156 procuratores
1961 1108 2018 1144 ad-

1271 1158 1635 1196 mittant.ex1endentes.
1659 1158 1874 1193 Concedimus
1896 1158 2015 1194 eisdem

1271 1207 1420 1243 fratribus
1461 1216 1491 1243 ut
1525 1220 1586 1243 non
1615 1207 1717 1243 solum
1747 1209 1776 1242 in
1812 1209 1954 1244 oratoriis
1987 1216 2018 1243 et

1269 1257 1359 1298 locis,
1388 1259 1418 1292 in
1452 1257 1568 1305 quibus
1601 1257 1741 1305 degunt,
1777 1258 1831 1293 sed
1864 1258 1956 1294 etiam
1987 1258 2016 1293 in

1269 1308 1384 1354 quovis
1410 1307 1471 1342 alio
1508 1307 1578 1342 loco
1600 1308 1784 1354 congruenti
1820 1316 1849 1343 et
1872 1307 2016 1347 honesto,

1271 1358 1400 1404 possint,
1423 1369 1520 1404 super
1552 1357 1638 1392 altari
1680 1356 1813 1404 portatili
1847 1358 2016 1400 eiusmodi,

1271 1407 1382 1442 missas
1403 1415 1433 1441 et
1451 1407 1509 1442 alia
1524 1406 1628 1442 divina
1652 1406 1753 1442 officia
1767 1406 1864 1442 libere
1887 1417 1917 1443 et
1933 1407 2016 1442 licite

1270 1456 1440 1501 celebrare,
1461 1457 1602 1504 exceptis
1628 1456 1780 1492 Ecclesiis
1801 1456 1840 1492 ab
1866 1456 2016 1492 ordinarii

1272 1505 1491 1542 iurisdictione
1520 1518 1582 1541 non
1618 1506 1796 1554 exemptis,
1828 1507 1952 1554 quoties
1986 1506 2015 1541 id

1270 1555 1388 1590 eisdem
1411 1555 1561 1591 fratribus
1589 1568 1643 1604 per
1661 1556 1836 1591 ordinarios
1862 1569 1900 1591 ex
1923 1568 2016 1592 causa

1270 1605 1437 1653 contigerit
1459 1605 1605 1641 inhiberi.
1629 1605 1670 1640 Et
1698 1614 1729 1641 ut
1747 1605 1839 1641 liceat
1860 1606 1918 1647 eis,
1937 1614 2017 1642 tem-

1270 1667 1346 1702 pore
1382 1655 1564 1698 interdicti,
1591 1655 1701 1690 fratres
1735 1664 1764 1691 et
1790 1668 1916 1691 sorores
1941 1655 2015 1691 dicti

1270 1705 1351 1740 tertii
1373 1704 1505 1740 Ordinis
1525 1705 1613 1741 Beati
1637 1704 1797 1741 Francisci
1827 1704 1866 1740 de
1901 1705 2018 1741 Poeni-

1271 1755 1366 1790 tentia
1395 1754 1579 1802 nuncupati,
1607 1767 1665 1790 nec
1694 1767 1757 1790 non
1785 1755 1926 1803 ipsorum
1954 1755 2017 1790 fra-

1270 1812 1352 1839 trum
1386 1804 1544 1840 Minorum
1580 1816 1615 1839 ac
1649 1804 1778 1840 fratrum
1806 1813 1835 1839 et
1872 1816 2016 1840 sororum

1269 1853 1343 1890 dicti
1367 1855 1447 1890 tertii
1471 1853 1602 1890 Ordinis
1622 1862 1653 1889 et
1675 1854 1859 1890 monialium
1882 1854 2017 1890 Sanctae

1269 1903 1379 1939 Clarae
1407 1911 1629 1951 procuratores
1655 1912 1685 1939 et
1721 1904 1845 1951 negotia
1871 1912 2017 1951 gerentes

1269 1954 1435 2001 utriusque
1456 1965 1551 1988 sexus
1573 1953 1737 1989 admittere
1764 1953 1803 1989 ad
1826 1953 1941 1989 divina.

1317 2008 1332 2047 ς
1367 2007 1400 2038 5.
1437 2003 1614 2045 Praeterea,
1636 2003 1709 2051 quia
1750 2003 1833 2039 idem
1867 2002 2017 2039 Clemens

1270 2052 1503 2100 praedecessor,
1525 2054 1555 2088 in
1572 2053 1664 2088 dictis
1677 2053 1864 2095 suisliteris,
1886 2065 2017 2101 genera-

1269 2106 1350 2142 libus
1372 2115 1402 2142 et
1425 2107 1671 2155 provincialibus
1694 2108 1846 2144 ministris
1864 2117 2017 2144 eteorum

1270 2161 1392 2196 vicariis
1415 2174 1451 2197 ac
1487 2162 1673 2198 custodibus
1694 2162 1875 2198 absolvendi
1909 2162 2019 2198 fratres

1268 2216 1410 2251 eiusdem
1428 2217 1571 2258 Ordinis3
1594 2229 1651 2252 nec
1673 2230 1734 2252 nou
1763 2217 1910 2253 fratribus
1945 2217 2017 2252 dicti

1268 2269 1409 2315 Ordinis,
1432 2283 1512 2318 quos
1531 2271 1588 2318 ipsi
1611 2271 1758 2311 ministri,
1781 2271 1886 2306 vicarii
1913 2279 1944 2307 et
1962 2285 2020 2307 cu-

1268 2325 1375 2360 stodes
1398 2325 1565 2361 habuerint
1588 2338 1644 2374 pro
1667 2334 1809 2373 tempore
1836 2327 1866 2360 in
1894 2325 2019 2362 confes-

1268 2391 1366 2419 sores,
1390 2379 1570 2415 absolvendi
1595 2380 1680 2427 ipsos
1699 2379 1872 2425 ministros,
1890 2380 2020 2415 vicarios

1268 2443 1298 2470 et
1333 2434 1481 2470 custodes
1513 2435 1552 2470 ab
1585 2434 1767 2470 excessibus
1799 2442 1830 2470 et
1864 2435 2019 2475 censuris,

1270 2488 1326 2522 nisi
1369 2489 1438 2524 talia
1477 2497 1730 2537 perpetrassent,
1769 2497 1898 2537 propter
1939 2502 2019 2538 quae

1269 2552 1373 2578 essent
1397 2543 1509 2579 merito
1530 2543 1568 2578 ad
1592 2543 1709 2578 Sedem
1738 2543 1948 2592 Apostolicam
1967 2544 2020 2579 de-

1269 2597 1418 2639 stinandi,
1437 2610 1472 2634 ac
1496 2610 1567 2633 cnm
1591 2598 1637 2634 eis
1658 2597 1794 2647 desuper
1815 2598 2018 2647 dispensandi

1270 2652 1447 2689 facultatem
1471 2652 1632 2695 concedit;
1647 2661 1675 2688 et
1697 2653 1940 2702 propterea,qui
1956 2653 2019 2689 sint

2031 259 2078 284 An.
2100 257 2130 285 C.
2145 258 2208 284 {Hb

2055 2016 2166 2043 Amph-tto
2185 2015 2218 2036 fn—

2033 2048 2118 2068 cutinus
2132 2047 2218 2074 praeta-

2033 2078 2222 2099 toruniatinotvon-

2035 2111 2054 2131 dt
2069 2109 2153 2131 fratrer,
