2281 3251
247 259 294 285 Λιι.
316 261 342 286 Γ..
361 262 425 288 l')⁸*·i

258 575 316 595 rmt
325 580 346 595 ιιι
359 575 416 594 (μὶν

244 611 310 626 ειηΙιι
320 614 324 626 t
334 614 373 626 nun
386 613 417 625 inv.

244 639 320 657 tntum
350 638 414 657 {rutro

244 674 305 695 super
332 670 364 688 liis
388 675 420 688 οἰ·

262 1672 420 1698 lituinptiwmso

244 1704 327 1723 lutis-ne
346 1710 429 1722 muniit«

247 1742 269 1753 ι.ι
287 1738 390 1761 pontimi<
405 1735 429 1754 de

246 1766 318 1787 (lichni
341 1767 421 1787 relictis

424 1664 483 1698 ·slc
511 1665 548 1698 iis
566 1691 573 1703 ,

492 254 510 283 4
527 251 561 283 it]

443 316 512 351 latis
534 316 599 351 suis
616 323 740 363 peccata
763 327 817 350 sna
840 316 979 350 confiteri
1001 323 1190 361 praesumat,

444 366 488 400 vel
508 366 578 401 aliis
595 365 735 400 eiusdem
759 365 891 399 Ordinis
903 366 1130 409 sacerdotibus,
1146 377 1191 400 sc-

442 416 582 451 cundum
613 415 763 462 Regulam
792 423 821 450 et
856 415 953 463 ipsius
974 414 1107 450 Ordinis
1137 416 1190 449 in-

443 474 560 501 stituta.

491 519 578 559 525.
592 515 754 550 Universis
768 523 870 550 autem
892 515 1096 549 ecclesiarum
1112 527 1190 561 prm-

444 566 512 600 latis
533 574 562 600 et
584 565 652 600 aliis
675 565 865 604 inhibemus,
894 564 1110 599 consessiones
1137 576 1191 598 ve-

419 648 425 653 ,
443 626 532 659 siras,
555 615 642 649 iobis
662 615 777 653 invitis,
799 615 919 654 audire,
939 614 984 649 vel
1001 613 1190 661 compellere

445 678 496 700 tos
532 665 569 700 ad
598 664 734 713 synodos
762 677 815 699 seu
851 665 1092 700 convocationes
1118 675 1191 698 suas

443 715 603 755 accedere,
628 714 673 749 vel
701 726 772 749 cum
793 715 849 755 eis,
875 723 959 749 extra
982 714 1121 749 civitates
1145 714 1189 747 vel

445 766 533 809 intra,
557 764 830 812 processionaliter
852 765 950 809 exire,
965 772 1017 798 aut
1040 764 1105 798 suis
1120 775 1192 797 con-

443 814 661 850 stitutionibus
673 814 850 853 subiacere,
876 813 922 849 vel
942 814 1090 861 capitula,
1107 825 1190 848 scru-

444 865 518 900 tinia
541 873 571 900 et
599 864 821 911 inquisitiones
851 864 882 898 in
912 863 988 898 locis
1010 864 1121 898 vestris
1144 862 1189 898 rel

443 915 515 950 alibi
538 914 577 950 de
606 915 694 949 vobis
721 914 834 958 facere,
861 923 912 948 aut
935 913 1116 948 fidelitatem
1141 913 1191 947 iu·

445 973 584 1000 ramento
608 963 953 1004 firtiiatani‚antitialein
979 962 1189 998 obedientiam

444 1030 457 1049 a
475 1014 894 1063 provincialibus,vigilibus
907 1021 937 1048 et
959 1012 1191 1048 correctoribus

445 1065 596 1100 localibus
616 1065 726 1099 vestris
748 1066 887 1111 exigere,
914 1071 966 1098 aut
981 1063 1019 1098 de
1049 1064 1189 1110 ipsorum

445 1115 641 1149 institutione
668 1114 712 1148 vel
737 1113 938 1148 destitutione
952 1141 959 1153 ,
981 1113 1045 1148 sive
1067 1112 1106 1147 de
1127 1121 1191 1146 sta-

445 1165 520 1199 tutis
541 1164 634 1199 vestri
662 1163 793 1199 Ordinis
814 1176 847 1198 se
870 1163 1069 1210 aliquatenus
1091 1163 1193 1196 intro-

444 1215 578 1254 mittere,
601 1226 655 1249 seu
681 1213 848 1261 probibere
871 1225 910 1247 ne
931 1212 969 1247 ad
986 1213 1127 1247 civitates
1145 1211 1190 1246 vel

444 1264 543 1309 villas,
567 1264 618 1299 ubi
635 1264 779 1310 religiose
801 1275 837 1298 ac
858 1264 988 1297 honeste
1003 1261 1190 1297 commorari

445 1315 582 1362 possitis,
605 1326 619 1348 a
644 1313 769 1361 populis
791 1313 909 1348 evocati
937 1312 1077 1347 audeatis
1099 1323 1193 1346 acee-

444 1365 529 1403 dere,
553 1364 659 1411 ibique
682 1375 738 1410 pro
752 1364 862 1398 vestris
885 1362 994 1397 usibus
1009 1369 1192 1397 construere

444 1414 596 1454 aedilicia,
619 1413 769 1448 ecclesias
783 1425 836 1447 seu
862 1412 1008 1456 oratoria,
1024 1420 1077 1445 aut
1093 1411 1123 1445 in
1140 1423 1194 1446 ac-

444 1464 590 1499 cedentes
606 1464 715 1498 fratres
736 1475 791 1497 seu
810 1463 1005 1497 confluentes
1028 1461 1194 1496 huiusmo-

444 1515 474 1548 di
499 1514 544 1548 vel
567 1520 780 1560 acceptatores
808 1513 949 1560 ipsorum
975 1511 1194 1546 excommuni-

444 1564 578 1599 cationis
599 1563 770 1599 sententias
798 1563 879 1597 serre
908 1570 1119 1608 praesumant.

494 1615 514 1661 ξ
540 1616 598 1648 24.
630 1612 846 1647 concedimus
872 1624 1001 1659 quoque
1024 1611 1136 1655 vobis,
1164 1618 1195 1644 ut

608 1675 688 1710 quae
716 1663 746 1696 in
770 1662 964 1697 ornamentis
992 1662 1038 1696 vel
1068 1673 1124 1708 pro
1150 1661 1196 1695 eis

445 1722 496 1749 aut
520 1713 620 1752 libris,
648 1712 775 1753 fabrica,
798 1711 1027 1756 luminaribus⁷
1049 1711 1195 1745 anniver-

425 1764 546 1807 sario,
569 1764 715 1810 septimo,
744 1762 913 1809 vigesimo,
941 1761 1102 1805 trigesimo
1130 1761 1196 1795 sive

446 1814 526 1854 aliis,
553 1813 591 1847 ad
621 1820 810 1868 perpetuum
828 1811 946 1846 cultum
963 1811 1120 1851 ditinum,
1139 1822 1194 1844 seu

447 1876 503 1911 pro
526 1863 671 1910 pitaneiis
694 1871 747 1896 aut
766 1862 847 1896 victu
871 1861 909 1895 ad
934 1861 1194 1895 sustentationem

447 1921 594 1957 vestram,
619 1912 664 1947 vel
693 1910 900 1950 in‹lum‹ntis
925 1922 1047 1945 necnon
1066 1922 1147 1957 pio
1139 1922 1197 1943 an-

447 1964 519 1998 nuis
547 1962 697 1998 censibus
720 1960 926 2004 redimendis,
940 1960 976 1994 ad
992 1972 1128 2006 quorum
1144 1971 1197 1993 so-

447 2014 599 2048 lutionem
619 2012 742 2059 aliquae
755 2012 869 2046 domus
884 2010 975 2044 vestri
995 2010 1126 2044 Ordinis
1147 2009 1197 2043 ob-

447 2064 559 2109 ligatae
588 2069 782 2100 noscuntur,
808 2059 856 2095 vel
882 2060 920 2094 de
939 2059 1088 2094 domibus
1111 2071 1198 2106 prat-

447 2113 539 2148 dietis
560 2121 590 2147 et
612 2112 714 2147 hortis
726 2111 858 2166 aliisque
880 2109 958 2144 locis
973 2109 1072 2153 vobis,
1088 2121 1199 2143 secun-

417 2189 425 2199 .
447 2163 522 2198 dnm
552 2162 693 2197 instituta
717 2161 810 2196 vestri
829 2159 972 2203 Ordinis
999 2158 1198 2206 opportunis·

448 2222 503 2248 aut
524 2212 591 2246 de
585 2213 622 2247 iis
644 2223 725 2259 quae
748 2223 803 2258 pto
831 2209 1012 2244 liuiusmodi
1039 2208 1199 2246 domibus,

450 2262 584 2309 praediis
616 2272 647 2297 et
674 2262 752 2296 locis
774 2259 918 2296 emendis
942 2259 1029 2294 vobis
1057 2258 1200 2312 legantur

449 2311 635 2355 (dummodo
657 2310 829 2359 praemissa
853 2321 916 2344 nou
932 2316 1153 2344 contertantur
1169 2307 1199 2341 in

451 2375 526 2397 usus
552 2361 643 2401 alios,
661 2361 760 2396 sedin
784 2361 853 2395 illos
875 2359 1037 2394 dumtaxit
1054 2371 1108 2405 pro
1125 2358 1200 2412 qui-

451 2412 510 2447 bus
537 2411 789 2458 relinquuntur,
815 2417 869 2445 aut
891 2409 968 2444 alios
990 2409 1082 2444 etiam
1097 2420 1151 2454 qut
1171 2420 1200 2441 m

451 2462 509 2497 tiae
525 2461 730 2497 concessione
754 2439 800 2495 ie⁷l
825 2459 1020 2506 indulgentia
1035 2458 1202 2494 continen-

453 2514 527 2556 tur),
549 2510 627 2546 nulli
655 2510 837 2545 canonicam
863 2509 1039 2555 portionem
1063 2508 1201 2555 aliquam

453 2561 621 2597 teneamini
645 2559 806 2595 exhibere.
839 2559 877 2593 Et
911 2572 949 2594 ne
977 2559 1050 2607 quis
1072 2571 1087 2592 :i
1117 2557 1203 2592 vobis

487 2632 527 2667 (t)
543 2631 635 2665 Quoad
656 2631 848 2666 processiones,
861 2631 921 2658 vido
937 2631 1017 2658 Cone.
1035 2629 1120 2661 Trio„
1137 2636 1204 2655 sess.

453 2679 570 2709 xxv,Dc
582 2678 719 2710 linquatur„
735 2684 794 2712 cap.
812 2677 851 2702 ¹5.

1020 263 1050 283 Μ
1062 262 1172 283 Ι.Ι..ΗῑΙ[
1182 263 1204 282 Μ
1235 263 1393 283 ΗΟΜΑᾸΧᾌἊ

1233 316 1411 351 ultimarum
1436 316 1660 352 executoribus
1683 316 1897 357 voluntatum,
1925 328 1979 351 seu

1231 366 1452 401 decedentium
1482 366 1686 407 haeredibus,
1715 367 1753 400 de
1788 366 1979 414 praemissis,

1231 425 1283 451 aut
1311 417 1348 450 de
1365 416 1414 459 iis,
1430 428 1510 463 quae
1534 416 1619 451 vobis
1643 417 1672 451 in
1692 417 1812 451 ultimis
1834 416 1980 451 volunta-

1232 466 1316 500 tibus
1338 465 1481 500 absolute
1505 466 1658 512 legantur,
1682 467 1726 501 vel
1754 466 1813 500 alia
1843 478 1898 514 pro
1922 478 1981 501 ve-

1231 516 1303 549 stris
1335 515 1574 550 necessitatibus
1604 516 1831 556 conseruntur,
1862 516 1979 563 aliquid

1232 566 1357 620 ‹ex-igere
1378 566 1424 599 vel
1445 574 1634 612 extorquere
1657 574 1847 612 praesumat,
1866 565 1981 600 distri-

1232 616 1313 650 ctius
1341 614 1532 649 inhibemus.

1280 667 1300 711 g
1327 667 1384 699 25.
1414 664 1462 698 Ad
1487 665 1581 705 baec,
1604 664 1692 698 liceat
1717 664 1865 699 fratribus
1889 665 1980 699 testri

1232 714 1384 759 Ordinis,
1411 726 1481 748 cum
1511 714 1550 749 de
1573 714 1730 760 prioribus
1752 714 1828 748 locis
1850 715 1916 749 suis
1943 714 1979 749 ad

1232 765 1288 799 ilia
1317 765 1382 799 loca
1398 776 1431 798 se
1455 764 1660 808 transfer-,unt
1681 773 1741 799 tam
1764 764 1906 799 aedilicia
1925 777 1980 799 seu

1232 827 1358 849 omnem
1394 814 1608 849 aedificiorum
1638 814 1798 849 materiam
1827 813 1980 855 locorum,

1232 876 1311 911 quae
1334 864 1498 898 dimittunt
1525 863 1687 907 (dedicatis
1713 863 1854 898 ecelesiis
1881 863 1981 898 dum-

1233 923 1311 948 taxat
1345 914 1512 961 exceptisl,
1546 913 1665 953 libi-os,
1700 914 1812 949 calices
1839 923 1865 948 et
1890 925 1983 961 para-

1233 973 1336 998 menta
1358 976 1466 999 secum
1494 963 1531 999 ad
1555 963 1611 998 alia
1641 964 1706 998 loca
1730 963 1919 998 transferre:
1946 976 1981 998 ac

1232 1014 1368 1048 aedilicia
1394 1015 1458 1061 ipsa
1486 1026 1556 1048 cum
1580 1014 1647 1048 solo
1670 1021 1700 1047 et
1721 1013 1790 1048 aliis
1811 1013 1847 1047 ad
1871 1012 1979 1048 eadem

1233 1065 1298 1098 loca
1329 1063 1571 1111 pertinentibus,
1602 1072 1723 1110 praeter
1744 1063 1905 1107 ecclesias,
1928 1075 1982 1110 per

1235 1126 1385 1161 personas
1406 1113 1443 1148 ad
1475 1113 1534 1148 lioc
1561 1126 1576 1147 a
1603 1113 1686 1148 Sede
1709 1113 1890 1160 Apostolica
1919 1113 1981 1147 de—

1234 1172 1367 1210 putatas,
1387 1162 1538 1204 vendere;
1562 1163 1767 1210 ipsorumque
1791 1163 1927 1210 pretium
1951 1162 1982 1196 in

1232 1213 1364 1249 aliorum
1393 1213 1545 1252 locorum,
1566 1213 1701 1259 adquae
1723 1213 1796 1247 dicti
1822 1212 1932 1248 fratres
1951 1223 1984 1246 se

1235 1263 1448 1307 transferunt,
1482 1262 1732 1297 aedificationem
1760 1274 1817 1297 seu
1849 1262 1925 1296 alias
1952 1261 1982 1295 iu

1233 1326 1341 1348 corum
1373 1313 1536 1347 utilitatem
1565 1321 1773 1355 convertere,
1805 1311 1982 1347 secundum

1235 1363 1318 1411 quod
1336 1363 1450 1397 melius
1473 1361 1626 1396 videbitur
1640 1362 1800 1409 expedire,
1821 1374 1893 1397 cum
1917 1361 1983 1408 ipsa

1237 1413 1338 1459 priora
1362 1421 1393 1447 et
1414 1413 1471 1446 alia
1487 1412 1555 1447 loca
1579 1411 1707 1446 fratrum
1724 1411 1761 1446 ad
1779 1424 1835 1446 nos
1850 1419 1878 1446 et
1896 1411 1985 1458 Apo-

1235 1463 1376 1497 stolicam
1399 1462 1514 1497 Sedem
1544 1461 1721 1509 specialiter
1747 1469 1777 1496 et
1805 1460 1985 1496 immediate

1238 1513 1392 1559 pertinere
1415 1520 1593 1547 noscantur.
1620 1511 1658 1546 Et
1681 1524 1718 1546 ne
1738 1512 1833 1558 aliqui
1860 1511 1985 1546 archie-

1238 1563 1355 1609 piscopi
1387 1562 1432 1596 vel
1461 1562 1600 1617 episcopi
1627 1571 1681 1597 aut
1702 1562 1753 1597 alii
1780 1561 1983 1596 ecclesiarum

1238 1612 1378 1668 praelati,
1401 1624 1456 1646 seu
1484 1612 1614 1659 quaevis
1636 1612 1693 1646 alia
1719 1623 1853 1659 persona
1875 1610 1985 1646 eccle-

1236 1663 1358 1697 siastiea
1382 1662 1428 1695 ul
1456 1661 1627 1696 saecularis
1651 1661 1809 1708 praedicta
1835 1662 1900 1696 loca
1927 1673 1983 1696 seu

1239 1713 1317 1746 bona
1341 1724 1511 1759 occupare,
1525 1713 1669 1759 accipere
1691 1711 1736 1746 vel
1762 1723 1914 1758 usurpare
1932 1718 1986 1745 aut

1237 1762 1463 1809 quoquomodo
1490 1762 1547 1795 sibi
1576 1761 1734 1796 vindicare
1758 1770 1957 1809 praesumant
1977 1788 1984 1799 ,

1237 1812 1356 1859 disque
1383 1811 1484 1846 dictae
1505 1810 1600 1846 Sedis
1622 1811 1747 1846 licentia
1770 1810 1912 1859 speciali,
1933 1809 1985 1845 di-

1238 1862 1375 1896 strictius
1398 1861 1588 1895 inhibemus.

1286 1912 1375 1958 3⁶26.
1399 1910 1603 1957 indulgemus
1620 1909 1758 1945 vobisut
1785 1910 1821 1944 ad
1846 1918 1987 1958 praesta-

1239 1961 1354 1996 tionem
1387 1961 1664 2008 procurationum,
1700 1961 1873 2007 legatorum
1906 1973 1986 2007 prae-

1239 2011 1339 2046 dictae
1367 2010 1460 2045 Sedis
1491 2010 1536 2045 vel
1573 2010 1760 2046 nunciorum
1785 2011 1906 2058 ipsius,
1933 2022 1988 2045 seu

1239 2061 1502 2095 dioecesanorum
1531 2060 1672 2095 locorum
1687 2088 1696 2105 ,
1720 2068 1773 2095 aut
1794 2060 1988 2095 erectionum

1241 2115 1285 2149 vel
1308 2114 1525 2159 collectarum,
1548 2127 1604 2149 seu
1621 2114 1836 2149 subsidiorum
1853 2114 1899 2150 vel
1917 2126 1990 2162 pro—

1241 2170 1395 2204 visionum
1419 2181 1696 2217 quarumcumque
1725 2169 1853 2203 minime
1877 2177 1990 2204 tenea—

1242 2225 1329 2266 mini3
1353 2237 1411 2259 nec
1433 2224 1470 2259 ad
1494 2237 1528 2260 ea
1551 2224 1713 2264 solvenda,
1736 2236 1791 2270 per
1807 2223 1913 2259 literas
1935 2223 1991 2258 di-

1240 2288 1307 2314 etae
1333 2280 1425 2314 Sedis
1458 2288 1510 2315 aut
1533 2279 1706 2326 legatorum
1731 2278 1777 2312 vel
1802 2278 1990 2313 nunciorum

1241 2334 1383 2369 eiusdem
1420 2346 1475 2369 seu
1517 2341 1670 2368 rectorum
1701 2340 1850 2367 terrarum
1880 2332 1992 2368 Eccle-

1243 2389 1306 2424 siae
1330 2389 1490 2423 Romanae
1513 2387 1695 2434 impetratas
1709 2399 1763 2422 seu
1784 2387 1990 2434 imposterum

1245 2443 1469 2503 impetrandas,
1482 2443 1714 2488 cuiuscumque
1726 2442 1845 2477 tenoris
1865 2442 1992 2484 suerint,

1245 2499 1274 2532 in
1299 2505 1484 2545 perpetuum
1509 2496 1656 2543 compelli
1680 2508 1742 2530 non
1768 2496 1904 2543 possitis,
1933 2496 1991 2530 nisi

1245 2553 1344 2587 dictae
1365 2552 1459 2587 Sedis
1492 2551 1598 2586 literae
1623 2550 1838 2598 impetrandae
1867 2551 1992 2599 plenam

1245 2615 1272 2640 et
1297 2618 1477 2654 expressam
1501 2605 1539 2640 de
1559 2604 1739 2640 huiusmodi
1762 2604 1884 2640 indulto
1898 2613 1928 2641 et
1944 2604 1994 2640 di-

1248 2671 1298 2695 ⁴·to
1318 2661 1437 2695 Ordine
1460 2660 1589 2696 fecerint
1616 2660 1818 2695 mentionem.

1996 262 2035 288 Αιι
2064 261 2093 288 C.
2111 261 2176 287 ¹506

2007 675 2058 694 liasst
2067 681 2075 691 ι·
2098 681 2129 697 ivsv
2139 677 2178 693 *tnl

1997 706 2042 724 luva
2057 707 2120 725 Omltn
2147 706 2177 724 ‹lt-

1997 739 2062 758 mille!
2070 744 2079 755 ι’
2097 739 2114 755 1³!
2122 744 2133 755 ⁷.

2016 1917 2100 1943 Ezemp.
2111 1916 2135 1936 ab
2144 1922 2185 1936 nm—

2003 1950 2023 1969 tii
2043 1951 2110 1975 pines!
2121 1948 2186 1968 niune

2004 1984 2024 2001 et
2041 1985 2114 2000 onere.

2268 2785 2278 2845 We„
