2281 3251
112 285 163 313 An:
180 283 212 311 C.
224 283 291 311 ΜΗ

932 277 1089 301 Eum-:st
1114 277 1145 300 lv
1171 278 1220 301 ΡΙ).

310 346 373 381 ter,
395 336 521 371 domine
557 334 695 381 Eugeni,
730 341 855 368 sauctae
894 331 1057 367 Romanae

307 399 337 426 et
361 390 547 425 universalis
571 388 731 424 Ecclesiae
753 387 884 422 Summe
899 386 1057 431 Pontifex,

309 457 442 491 vereque
460 444 577 479 Christi
602 443 693 476 vicari
712 453 747 475 ac
780 441 859 475 beuti
883 440 966 474 Petri
990 453 1057 475 suc-

307 511 427 542 cessor,
449 507 479 533 et
501 497 698 533 sanctissima
722 495 907 529 universalis
930 494 1059 530 Floren-

307 553 369 587 tina
384 554 538 601 synodus,
551 561 649 586 totum
667 552 726 585 hoc
740 558 882 584 sanctum
897 550 1057 584 ‹leci-etum

307 619 378 641 cum
409 608 533 642 insertis
555 615 584 641 et
619 605 737 640 sanctis
767 604 903 639 decretis
931 605 1058 639 unionis

307 659 501 696 Graecorum
522 669 552 696 ct
567 660 791 697 Armenoruin,
814 658 898 704 quod
920 670 1005 692 nunc
1028 658 1056 692 in

309 724 406 748 vestra
423 714 604 762 ⁵praesentia
627 712 753 760 publice
776 712 890 745 lectum
914 720 972 754 est,
1000 724 1058 758 ego

307 767 463 807 Andreas,
487 767 614 802 humilis
630 767 726 800 abhas
739 765 773 799 S.
790 764 932 803 Antonii,
955 773 1059 798 orator

309 822 470 856 reverendi
494 821 594 856 Patris
621 820 740 855 domini
770 819 898 853 loannis
921 820 1059 866 patriar-

307 874 384 908 chae
415 875 645 918 lacobinorum,
674 873 791 907 liabens
815 872 914 919 ipsius
941 874 1056 908 ‹leci-eti

308 940 363 974 per
387 929 493 975 plures
507 929 575 963 ‹lies
594 929 717 975 plenam
736 927 874 961 notitiam
899 935 929 960 ct
948 927 1059 961 instru-

307 981 456 1022 ctionem,
489 995 663 1028 cognosco,
703 981 918 1027 confiteorque
954 981 1057 1015 onmia

309 1033 339 1068 in
363 1036 430 1082 ipso
452 1036 580 1072 decreto
603 1044 751 1071 contenta
783 1035 907 1070 divinae
932 1048 967 1069 ac
1004 1047 1059 1068 ca-

309 1087 442 1124 tholicae
465 1090 584 1125 veritati
601 1101 740 1124 consona
756 1089 900 1123 existere.
922 1087 1059 1123 Nomine

309 1140 404 1187 igitur
427 1144 554 1189 praefati
577 1143 696 1178 domini
721 1142 926 1190 patriarchae,
953 1142 1059 1176 omni-

311 1208 427 1243 umque.¹
450 1197 669 1233 lacobinorum
693 1209 729 1231 ac
749 1208 831 1236 meo,
853 1196 1060 1243 quemadmo-

308 1248 383 1284 dum
406 1259 504 1286 vestra
527 1251 675 1286 sanctitas
689 1258 864 1293 attestatur,
884 1250 1058 1297 praefatum

309 1303 551 1340 saluberrimum
593 1303 741 1352 synodale
776 1303 963 1343 decretum,
986 1316 1058 1339 cum

308 1356 403 1392 dictis
430 1358 556 1393 insertis
582 1358 729 1398 decretis,
757 1356 972 1404 omnibusque
994 1357 1060 1392 suis

308 1410 472 1457 capitulis,
500 1410 785 1451 declarationibus,
808 1409 1060 1454 delinitionibus,

309 1463 544 1506 traditionibus,
573 1464 749 1512 praeceptis
770 1472 800 1498 et
823 1464 957 1508 statutis,
990 1477 1061 1498 om-

309 1528 444 1564 nemque
473 1518 648 1554 doctrinam
678 1519 708 1553 in
745 1518 813 1565 ipso
844 1517 1060 1565 descriptam,

310 1584 432 1607 necnon
467 1573 618 1620 quicquid
651 1580 736 1607 tenet
758 1581 789 1607 et
825 1571 918 1607 docet
953 1581 1060 1607 saneta

309 1625 411 1662 Sedes
437 1626 621 1675 Apostolica
652 1637 680 1663 et
713 1625 856 1662 Romana
894 1626 1060 1672 Ecclesia,

309 1692 382 1716 cum
398 1683 484 1717 omui
501 1682 666 1718 devotione
680 1690 711 1716 et
722 1682 907 1723 reverentia,
923 1682 1062 1729 suscipio

309 1743 340 1769 et
353 1745 495 1783 accepto.
517 1736 592 1772 Illos
613 1747 742 1783 quoque
764 1735 910 1771 doctores
932 1745 963 1771 et
993 1749 1062 1771 san-

310 1798 378 1824 ctos
399 1789 519 1831 Patres,
542 1803 621 1838 quos
657 1789 797 1824 Ecclesia
830 1788 971 1825 Romana
1005 1803 1063 1838 ap—

311 1842 434 1890 probat,
457 1852 635 1880 reverenter
660 1843 812 1890 suscipio.
834 1842 1062 1892 Quascumque

310 1908 383 1931 vero
411 1909 563 1948 personas
583 1906 613 1932 et
643 1896 795 1944 quicquid
822 1897 888 1944 ipsa
920 1897 1061 1933 Romana

309 1949 449 1986 Ecclesia
473 1951 619 1999 reprobat
646 1960 677 1986 et
698 1951 837 1994 damnat,
869 1964 925 1998 pro
953 1965 1063 2000 repro-

310 2001 390 2038 batis
403 2012 433 2039 ct
446 2004 601 2040 damnatis
615 2004 728 2046 habeo,
752 2004 917 2051 pollicens,
934 2007 1062 2040 nomine

310 2068 374 2104 quo
395 2071 503 2106 supra,
519 2058 622 2106 ipsum
646 2057 865 2106 patriarcham,
885 2057 1064 2094 lacobinos-

310 2122 372 2158 que
399 2121 430 2147 et
453 2125 502 2147 me
529 2113 632 2160 ipsum
650 2140 658 2153 ,
684 2120 845 2159 tamquam
870 2124 959 2147 verae
986 2112 1064 2147 obe-

310 2164 448 2201 dientiae
462 2167 556 2212 filios,
577 2166 689 2202 vestris
702 2178 738 2200 ac
752 2165 846 2200 Sedis
859 2165 1063 2212 Apostolicae

310 2219 563 2256 ordinationibus
585 2229 615 2256 et
642 2219 840 2255 iussionibus
872 2219 1004 2255 fideliter
1033 2229 1064 2256 et

311 2285 437 2322 semper
463 2275 750 2324 obtemperaturos.

360 2328 475 2365 Datum
502 2329 694 2375 Florentiae,
709 2330 740 2364 in
765 2328 890 2376 publica
921 2328 1062 2364 sessione

312 2384 471 2431 synodali,
498 2385 682 2421 solemniter
716 2384 746 2419 in
780 2382 911 2419 ecclesia
949 2383 1064 2418 domus

311 2436 345 2473 S.
373 2437 491 2475 Mariae
524 2439 691 2480 Novellae‚
728 2438 809 2486 apud
846 2449 940 2485 quarn
980 2448 1065 2471 nunc

313 2493 501 2536 residemus,
523 2493 700 2535 celebrata,
729 2504 811 2527 anno
832 2491 1065 2526 lucarnationis

312 2546 490 2583 dominicae
522 2558 710 2591 mccccxu,
753 2545 854 2592 pridie
889 2556 987 2578 nonas
1019 2543 1065 2578 se-

313 2601 442 2646 bruarii,
471 2601 671 2650 pontificatus
698 2600 795 2635 nostri
818 2611 901 2634 anuo
922 2610 956 2632 x.

365 2658 426 2689 Dat.
443 2659 491 2688 die
504 2658 523 2688 4
540 2657 681 2688 februarii
698 2657 785 2693 1441,
799 2660 878 2696 pont.
893 2664 970 2686 anuo
985 2663 1012 2684 x.

393 2707 467 2738 Bull.
487 2706 563 2737 Rom.
584 2706 638 2737 Vol.
662 2705 688 2735 V.
889 2704 907 2736 9

1755 265 1800 296 θῒὶ

1407 329 1550 365 xxvtu.

1104 416 1265 461 Eaeemptt'o
1292 415 1509 449 canonicorum
1545 413 1747 446 saecularium
1779 423 1853 444 con-

1147 466 1336 509 yrequli'om‘s
1369 465 1403 497 S.
1432 463 1560 507 Georgii
1584 463 1615 494 i‘n
1638 463 1719 505 Alqa
1760 461 1854 493 Vene-

1149 517 1265 548 tiarum
1291 527 1310 548 a
1337 514 1488 546 solutione
1522 513 1734 547 decimarum,
1761 511 1853 553 i'mpo-

1147 566 1291 597 sictonam
1314 571 1338 596 οι
1361 574 1486 596 onerum
1513 571 1773 606 quorumcumque
1795 561 1853 601 tl).

1370 639 1584 671 SUMMARtUM

1101 703 1289 734 Prooemium.
1313 720 1349 726 —
1374 704 1399 733 1.
1418 703 1511 733 Causa
1535 702 1740 732 concessionis
1764 701 1854 730 huius

1140 749 1345 786 exemptionis.
1373 764 1411 769 —
1432 747 1460 777 2.
1487 746 1638 784 Exeniptio
1668 755 1682 775 a
1707 745 1854 774 solutione

1139 792 1321 821 decimarum
1341 797 1368 821 et
1393 799 1650 830 quorumcumque
1680 797 1803 818 onerum
1828 793 1854 817 et

1141 836 1375 873 impositionum.
1392 852 1431 857 -
1448 835 1475 864 3.
1497 833 1656 864 Clausulae
1675 833 1744 862 dicti
1768 831 1855 870 privi-

1141 879 1209 916 legii
1229 879 1470 917 praeservativae.
1492 895 1530 900 —-
1548 878 1575 907 4.
1595 876 1734 906 inhibitio
1753 879 1853 905 contra

1139 931 1343 962 quoscumque
1372 928 1522 952 exactores
1545 922 1680 960 aliosque
1703 919 1853 949 officiales.

1139 983 1178 988 —
1199 967 1226 995 5.
1245 966 1401 996 Clausulae
1425 967 1635 1004 tlerogatoriae.

1144 1042 1278 1077 fingenius
1298 1042 1436 1077 episcopus
1461 1048 1556 1070 servus
1581 1046 1721 1069 servorum
1745 1039 1808 1071 Dei.

1253 1091 1286 1118 ad
1311 1090 1438 1118 futuram
1462 1089 1504 1117 rei
1535 1088 1706 1117 memoriam.

1149 1161 1363 1208 Quamquam,
1376 1173 1412 1195 ex
1437 1160 1544 1195 debito
1571 1159 1696 1194 Summi
1719 1158 1854 1192 Pontifi-

1101 1219 1188 1245 catus
1204 1211 1296 1245 oflicii
1321 1210 1412 1245 nobis
1429 1222 1466 1244 ex
1489 1210 1551 1244 alto
1574 1208 1748 1251 commissi,
1771 1207 1854 1242 circa

1100 1259 1315 1295 Ecclesiarum
1344 1269 1374 1294 et
1401 1259 1688 1294 ecclesiasticorum
1713 1256 1853 1291 locorum

1101 1318 1131 1344 et
1155 1322 1360 1356 personarum
1389 1309 1533 1343 omnium
1557 1306 1722 1342 commoda
1745 1314 1776 1341 et
1800 1306 1856 1340 uti-

1103 1359 1206 1394 litates
1229 1371 1286 1393 nos
1313 1359 1401 1393 decet
1433 1359 1570 1392 intentos
1598 1357 1754 1395 existere,
1787 1355 1856 1389 illas

1103 1417 1206 1444 tamen
1235 1416 1265 1443 et
1298 1408 1424 1443 easdem
1454 1419 1629 1454 personas,
1664 1417 1744 1453 quae
1786 1405 1854 1451 piae

1102 1468 1131 1493 et
1154 1467 1258 1492 castae
1281 1459 1360 1492 vitae
1382 1458 1486 1491 studio
1515 1455 1726 1498 intcutlenteS,
1755 1467 1854 1488 muu-

1102 1507 1192 1541 danis
1218 1507 1350 1542 abiectis
1386 1506 1555 1549 illecebris,
1594 1507 1622 1540 iu
1669 1504 1855 1538 humilitatis

1102 1558 1227 1604 spiritu,
1249 1557 1396 1592 devotum
1413 1564 1442 1591 et
1464 1556 1609 1591 sedulum
1633 1553 1782 1589 exhibent
1804 1552 1856 1587 Al-

1103 1607 1225 1641 tissimo
1248 1606 1446 1646 famulatum,
1475 1614 1560 1640 tanto
1594 1602 1856 1651 propensioribus

1104 1656 1263 1691 favoribus
1287 1657 1533 1704 prosequimur,
1561 1663 1679 1702 quanto
1714 1653 1855 1699 ipsarum

1106 1718 1310 1753 personarum
1335 1706 1394 1740 vita
1419 1705 1566 1740 laudabili
1599 1713 1694 1749 atque
1716 1702 1857 1737 moribus

1104 1756 1209 1790 debite
1225 1755 1450 1801 compensatis,
1468 1754 1496 1788 id
1514 1753 1730 1801 conspicimus
1750 1752 1779 1785 iu
1795 1750 1856 1785 Do-

1105 1806 1190 1840 mino
1211 1805 1378 1839 salubriter
1404 1803 1564 1851 expedire.

1152 1854 1172 1901 g
1203 1857 1233 1888 l.
1253 1854 1335 1889 Cum
1361 1854 1483 1899 itaque,
1504 1853 1585 1887 sicut
1601 1850 1691 1885 uobis
1707 1848 1852 1889 innotuit,

1104 1903 1211 1938 d.lccti
1239 1903 1292 1937 lilii
1309 1902 1452 1938 canonici
1476 1903 1514 1936 ile
1533 1901 1666 1946 colli-gio
1689 1900 1755 1933 sive
1776 1910 1855 1932 con-

1103 1953 1286 1999 gregatione
1307 1953 1341 1987 S.
1364 1950 1493 1996 Georgii
1523 1952 1553 1984 in
1582 1951 1659 1996 Alga
1682 1948 1721 1982 de
1756 1946 1856 1981 Vene-

1106 2003 1156 2036 tiis
1170 2002 1418 2037 Castellaucnsis
1440 2000 1604 2039 dioecesis,
1627 2012 1642 2033 a
1659 1997 1765 2032 multis
1779 1997 1854 2030 citra

1105 2052 1303 2098 temporibus
1334 2051 1441 2098 plures
1468 2050 1627 2085 Ecclesins
1659 2057 1752 2093 atque
1788 2045 1855 2079 loca

1104 2102 1319 2136 ecclesiastica
1345 2102 1374 2134 in
1394 2097 1741 2139 diversiscivitatibus,
1765 2094 1856 2129 terris

1105 2160 1197 2198 atque
1217 2151 1292 2186 locis
1309 2151 1442 2197 partium
1468 2149 1570 2182 liuline
1589 2144 1805 2183 consistentia,
1825 2143 1855 2177 in

1105 2201 1220 2248 quibus
1245 2201 1336 2235 etiam
1357 2200 1406 2246 pie
1429 2206 1458 2233 et
1480 2206 1563 2233 caste
1585 2206 1615 2230 et
1645 2197 1674 2230 in
1695 2192 1855 2230 communi

1105 2251 1267 2297 degentes,
1295 2250 1470 2295 missusque
1498 2256 1527 2281 et
1550 2246 1626 2281 alias
1644 2246 1737 2280 horas
1759 2255 1857 2278 cano-

1107 2300 1192 2335 nicas
1215 2309 1384 2335 nocturnas
1400 2307 1492 2344 atque
1515 2297 1645 2330 diurnas
1668 2294 1781 2329 (liebus
1796 2293 1858 2327 sin-

1105 2351 1187 2397 gulis
1210 2349 1423 2387 celebrantes,
1451 2347 1574 2381 interim
1606 2350 1857 2392 permanserunt,

1108 2410 1199 2447 prout
1221 2408 1251 2434 et
1287 2401 1316 2433 in
1354 2398 1481 2443 copioso
1509 2408 1640 2429 munero
1674 2392 1858 2440 praescntia-

1107 2450 1175 2484 liter
1202 2456 1383 2496 permanent
1400 2447 1430 2480 in
1450 2444 1664 2492 spiritualibus
1694 2451 1723 2477 et
1742 2452 1859 2487 tempo-

1107 2499 1245 2543 ralibus,
1281 2497 1319 2532 ad
1354 2495 1479 2531 laudem
1523 2503 1552 2528 et
1590 2494 1721 2540 gloriam
1761 2489 1857 2524 divini

1141 2573 1180 2608 (t)
1197 2573 1234 2598 De
1256 2570 1422 2597 institutione
1442 2569 1521 2595 huius
1548 2564 1757 2601 congregationis
1770 2583 1777 2594 ,
1799 2562 1859 2588 vide

1106 2618 1131 2644 in
1148 2615 1342 2644 Constitutione
1361 2621 1381 2641 11
1400 2614 1519 2648 Gregorii
1540 2611 1601 2643 xit,
1631 2609 1763 2636 volumine
1782 2610 1858 2633 ante-

1106 2661 1220 2691 cedenti,
1239 2667 1296 2694 pag.
1315 2659 1378 2685 61⁸3.

1868 276 1916 301 An.
1936 275 1963 300 (ἶ.
1984 275 2051 302 mm

1896 1166 2027 1190 Proculum.

1883 1859 1949 1880 Causa
1965 1864 2054 1880 conces-

1869 1891 1936 1912 utonis
1946 1890 2006 1911 huius
2016 1895 2055 1911 ex-

1869 1922 1989 1948 emptionis.
