2281 3251
243 275 290 299 Αιι.
305 274 333 298 Γ..
359 273 422 300 ιἸῖι7

264 1533 372 1553 laruarum
393 1538 418 1552 ιιι

249 1570 289 1585 use

494 263 558 296 156

439 329 593 374 gloriosae
620 328 755 369 Mariae,
788 337 818 363 et
852 329 1117 364 praesentationis
1157 331 1185 364 in

440 378 568 426 templu,
592 379 621 413 in
645 391 704 426 qua
732 378 874 413 Salvator
897 388 1001 414 noster
1033 392 1065 413 se
1088 379 1185 414 lilium

441 429 578 464 hominis
600 429 748 472 ostendit,
778 427 1039 463 Circumcisionis
1060 442 1187 476 quoque

442 480 470 512 in
493 491 553 525 qua
590 478 699 524 legalia
732 478 921 516 observarit,
957 492 990 513 ac
1021 480 1189 513 nonnullas

440 528 517 563 alias
544 529 724 563 novissimis
743 529 937 574 temporibus
959 528 1120 563 institutas
1143 529 1189 562 ι’.)-

441 578 593 613 stivitates
630 587 809 613 sanctornm
850 577 961 612 devote
996 578 1188 618 recolimus,

441 628 536 673 «ligne
547 638 576 663 et
592 628 675 662 hunc
691 628 941 662 sacratissimum
957 628 1054 671 diem,
1070 629 1098 662 in
1115 640 1188 675 quo,

442 690 475 710 se.
498 678 574 724 legis
601 686 630 712 et
658 678 880 724 prophetarum
910 677 1083 712 Dominum
1107 691 1189 716 esse,

444 730 474 761 in
497 740 560 774 quo
584 740 644 762 non
669 727 880 761 infirmitatem
913 728 1027 768 carnis,
1050 727 1105 762 sed
1129 729 1190 763 vir-

443 785 540 810 tutem
564 776 800 822 glorificationis
831 776 988 824 patefecit,
1016 787 1045 813 et
1069 778 1098 812 in
1128 790 1190 825 quo

443 836 483 860 tot
508 835 537 860 et
561 835 642 861 tanta
665 826 804 861 claruere
829 827 986 874 mysteria,
1008 840 1111 862 annua
1135 828 1192 862 de-

444 876 567 911 »orione
595 877 735 924 piissime
764 889 959 911 veneremur.
991 877 1079 912 Solet
1107 878 1189 912 enirn

443 936 639 960 sacrosancta
657 925 798 961 Romana
815 925 968 969 Ecclesia,
985 928 1192 974 permissione

443 975 595 1010 Altissimi
612 1003 619 1015 ,
644 975 726 1010 Petri
755 976 911 1011 interdum
941 976 1113 1012 fluctuante
1137 990 1193 1012 na·

445 1025 556 1065 ricula,
579 1025 682 1061 divina
708 1027 811 1072 potius
838 1039 930 1074 quam
962 1027 1098 1062 bumana
1135 1027 1193 1061 im-

445 1075 566 1122 plorare
594 1076 762 1123 praesidia,
784 1084 814 1110 et
836 1076 875 1111 ab
897 1076 1008 1111 eodem
1033 1076 1194 1112 Salvatore

446 1134 563 1165 nostro,
576 1134 686 1173 utpote
700 1126 799 1172 ipsius
814 1125 973 1161 Ecclesiae
984 1139 1113 1173 sponso,
1128 1127 1196 1162 suu-

444 1175 551 1210 datore
580 1183 673 1223 atque
702 1175 850 1222 magistro
878 1177 1010 1223 optimo,
1038 1177 1128 1212 solita
1146 1189 1196 1211 re-

447 1224 547 1260 media
575 1233 605 1260 et
626 1233 803 1272 opportuna
830 1226 969 1261 subsidia
993 1227 1024 1261 in
1058 1227 1196 1261 lacrimis

445 1284 473 1309 et
503 1275 678 1310 bumilitate
708 1288 900 1322 exposcere,
933 1276 1098 1324 lpsinsque
1130 1277 1197 1311 cle-

447 1326 607 1366 mentiam,
631 1334 830 1372 peccatorum
852 1334 1029 1361 nostrorum
1054 1326 1136 1362 mole
1155 1326 1198 1361 os-

447 1376 581 1417 l'ensam,
606 1375 818 1422 poenitentiae
840 1385 868 1410 et
892 1376 1069 1411 orationum
1094 1388 1198 1412 reme-

449 1425 508 1459 diis
530 1426 686 1470 mitigat-‚e

497 1476 517 1521 g
543 1474 647 1509 2132
673 1485 802 1531 propter
833 1488 890 1511 nos
923 1475 1066 1511 eiusdem
1090 1475 1200 1511 Salta-

422 1527 522 1560 -toits
538 1526 648 1565 nostri,
664 1525 756 1560 cuins
776 1526 859 1561 tices
873 1527 1199 1572 gerimus,etlocum,

447 1575 590 1623 quamvis
614 1575 747 1621 indigni,
775 1584 919 1610 tenemus
943 1590 972 1610 ιιι
1002 1576 1109 1617 terris,
1133 1576 1199 1622 qui,

447 1638 519 1660 cum
543 1625 641 1660 multa
664 1625 702 1660 de
736 1625 897 1673 periculis,
934 1626 972 1660 de
996 1604 1142 1673 passioiie
1170 1634 1200 1660 et

449 1684 549 1711 morte
572 1687 607 1710 ac
629 1675 743 1710 suturis
772 1675 1045 1723 persecutionibus
1059 1685 1088 1711 et
1103 1675 1201 1710 disci-

450 1727 595 1773 pulorum
624 1725 721 1760 caede
745 1725 871 1761 locutus
894 1725 1016 1770 suisset,
1038 1726 1076 1761 ad
1097 1735 1201 1760 extre·-

450 1789 536 1810 mum
573 1788 607 1810 ea
642 1776 745 1810 omnia
773 1775 1004 1823 aequanimiter
1028 1775 1202 1820 toleranda,

450 1828 572 1860 t'uturae
592 1826 672 1860 vitae
694 1825 791 1871 gloria
819 1826 990 1872 promissa,
1006 1826 1202 1870 adhortatur,

449 1875 624 1910 doctrinam
649 1876 806 1910 imitantes
824 1875 988 1922 lpsiusque
1010 1875 1202 1910 salutaribus

450 1925 581 1960 monitis
608 1934 638 1959 et
663 1925 802 1972 vestigiis
839 1925 1053 1963 inhaerentes.
1089 1937 1124 1959 ac
1153 1925 1202 1959 illa

449 1975 632 2010 solemniter
654 1975 757 2010 colere
779 1984 808 2009 et
821 1988 836 2008 a
860 1974 1120 2010 christifidelibus
1149 1988 1203 2009 co-

452 2025 542 2060 lenda
566 2024 731 2059 instituere
758 2025 936 2072 cupientes,
952 2037 1007 2072 per
1021 2037 1102 2071 quae
1117 2025 1203 2059 eius-

452 2076 525 2110 dem
553 2074 725 2110 Salvatoris
747 2074 880 2109 altitudo
902 2074 1088 2121 sapientiae,
1116 2075 1205 2109 recti-

454 2125 529 2159 tudo
568 2124 717 2168 iustitiae,
754 2124 910 2171 potentiae
947 2124 1144 2159 immensitas
1174 2132 1203 2158 et

455 2175 601 2210 bonitatis
615 2174 743 2221 largitas
753 2174 1001 2215 demonstratur,
1014 2182 1044 2209 et
1057 2186 1112 2221 per
1125 2186 1205 2221 quae

455 2226 484 2259 in
509 2224 660 2259 cordibus
682 2225 797 2260 nostris
821 2224 984 2259 roboretur
1012 2223 1100 2264 fides,
1131 2236 1204 2271 spes

454 2275 592 2321 erigatur
615 2283 646 2308 et
672 2275 807 2310 ebaritas
830 2274 994 2314 excitetur3
1023 2282 1052 2308 et
1075 2274 1111 2308 ad
1149 2274 1207 2308 tri-

457 2324 631 2359 bulationes
653 2334 683 2358 et
711 2325 947 2372 persecutiones
982 2323 1041 2358 hoc
1077 2323 1206 2371 potissi-

456 2387 541 2409 mum
565 2383 706 2421 tempore
730 2374 945 2421 perferendas,
980 2386 1043 2421 quo
1080 2373 1207 2407 rabidus

456 2424 722 2464 bostis,videlicet
743 2424 889 2459 Turcbns
914 2424 1131 2459 Machomctus
1150 2426 1207 2467 (tt,

455 2475 507 2522 qui
523 2487 558 2509 os
573 2487 666 2509 snum
682 2475 711 2508 in
729 2474 956 2522 blasphemiam
979 2473 1133 2508 Altissimi
1158 2485 1209 2508 re-

457 2525 580 2568 laxavit,
595 2535 626 2560 et
640 2533 775 2571 stragem
789 2524 1049 2559 christifidelibus
1078 2523 1208 2563 inferre,

458 2573 694 2610 tabernaculum
723 2574 779 2608 Dei
808 2574 1018 2621 prophanare,
1049 2572 1210 2609 Ecclesias

493 2647 533 2681 (l)
554 2646 681 2681 Loquitur
707 2645 747 2671 bic
776 2646 892 2671 Pontifex
918 2645 951 2671 de
977 2644 1156 2672 Mohammede
1177 2645 1209 2676 tt,

459 2687 596 2714 teterrimo
616 2686 764 2713 Turcarum
786 2690 910 2720 tyranno.

1027 275 1212 298 ut't.t.sttttt'.tt
1242 275 1402 298 ttottftxtxu

1231 330 1357 375 tiolare,
1380 339 1409 365 et
1424 329 1541 364 Christi
1567 329 1674 370 [idern.
1698 342 1811 365 nomeu
1827 339 1855 364 et
1879 329 1985 364 subdi-

1231 388 1278 414 tos
1300 381 1369 415 eius
1392 380 1498 415 delere
1522 379 1662 424 molitur,
1685 392 1807 415 necnon
1833 379 1871 415 ad
1895 391 1984 414 suam

1230 442 1427 477 suorumque
1454 430 1623 464 satellitum
1660 428 1907 475 confringendas
1930 429 1987 463 in-

1231 479 1335 514 sanias
1371 480 1488 514 arctius
1518 480 1700 519 intitemus,
1739 479 1984 514 christianorum

1232 529 1443 563 accusandam
1467 538 1632 565 censentes
1655 542 1716 564 non
1747 529 1905 563 immerito
1920 537 1986 564 tat·-

1231 578 1372 618 ditatem;
1396 592 1432 613 ex
1456 592 1529 626 qua,
1552 579 1637 627 quod
1661 592 1722 613 non
1737 587 1895 626 optamus,
1924 578 1988 613 ssa-

1232 628 1321 673 gellis
1343 637 1372 662 et
1396 629 1495 675 plagis
1517 629 1643 664 concuti
1668 628 1874 676 probabiliter
1899 628 1988 662 exci-

1233 686 1327 718 tatur3
1341 690 1356 712 a
1373 678 1477 712 multis
1494 688 1522 713 et
1542 680 1711 726 praecipue
1734 679 1890 713 timoratis
1905 677 1988 721 eius,

1233 727 1293 761 sub
1315 728 1407 762 cuius
1437 727 1550 763 vexillo
1574 738 1603 763 et
1641 729 1771 763 nomine
1802 728 1988 771 militamus,

1233 776 1436 812 devotissime
1476 777 1680 824 implorantes
1707 778 1880 818 auxilium,
1915 777 1988 812 licet

1235 835 1337 861 tantae
1367 827 1410 862 rei
1434 828 1666 872 excellentiam,
1693 827 1768 862 dum
1798 827 1828 862 in
1859 827 1990 862 minori-

1235 876 1295 911 bns
1334 877 1496 911 constituti
1537 889 1692 917 essemus,
1717 877 1846 925 saepius
1886 886 1990 912 mente

1235 926 1407 966 volventes,
1436 939 1504 961 eam
1534 927 1653 962 viribus
1692 927 1807 962 nostris
1834 927 1989 974 imparem

1235 988 1305 1011 esse
1329 977 1545 1023 intelligamus
1562 977 1664 1024 plane.
1678 976 1724 1012 Ne
1740 985 1844 1012 tamen
1857 976 1990 1024 Spiritui

1235 1025 1353 1061 Sancto
1380 1026 1607 1065 contradicere,
1635 1035 1687 1061 ant
1722 1027 1845 1061 divinae
1872 1025 1991 1061 volun-

1237 1076 1308 1110 tatis
1353 1077 1582 1124 contempsisse
1613 1077 1776 1111 rideantur
1812 1076 1991 1122 imperium,

1238 1133 1358 1160 matura
1386 1139 1483 1173 super
1506 1126 1565 1161 hoc
1589 1139 1660 1162 cuni
1686 1126 1923 1161 venerabilibus
1939 1125 1992 1160 sra-

1239 1175 1339 1210 tribns
1376 1176 1490 1211 nostris
1514 1175 1547 1210 S.
1572 1175 1611 1211 R.
1636 1175 1670 1210 E.
1694 1175 1923 1215 cardinalibus,
1963 1175 1992 1209 in

1238 1233 1360 1260 secreto
1384 1226 1472 1274 prius
1506 1235 1535 1261 et
1558 1226 1673 1261 deinde
1694 1226 1820 1274 publico
1842 1225 1994 1261 concisto-

1240 1275 1304 1316 riis
1327 1288 1398 1311 cum
1423 1275 1541 1311 eisdem
1566 1284 1597 1310 et
1624 1276 1722 1311 aliis
1717 1289 1745 1310 tn
1770 1275 1917 1311 Romana
1935 1273 1996 1310 Cu-

1240 1325 1283 1360 ria
1324 1325 1537 1361 residentibus
1574 1325 1721 1373 praelatis
1764 1325 1994 1360 deliberatione.

1242 1375 1433 1422 praehabita,
1458 1376 1554 1410 buius
1585 1375 1816 1411 sacratissimae
1843 1375 1995 1410 solemni-

1241 1389 1313 1460 latis
1335 1425 1431 1465 diem,
1449 1425 1487 1460 de
1510 1425 1640 1460 fratrum
1656 1425 1840 1460 eorumdem
1851 1424 1995 1468 consilio,

1243 1475 1438 1510 instituimus
1460 1487 1475 1509 a
1499 1476 1624 1510 cunctis
1646 1474 1906 1511 christifidelibus
1923 1487 1995 1522 per-

1244 1534 1337 1572 petuo
1375 1525 1612 1560 celebrandum.
1649 1525 1794 1560 Profecto
1830 1525 1996 1560 credentes

1242 1576 1325 1622 quod
1351 1576 1418 1622 ipse
1447 1574 1655 1622 Redemptor,
1677 1575 1770 1610 cuius
1799 1587 1849 1609 res
1865 1574 1996 1621 geritur,

1243 1633 1271 1659 et
1289 1625 1342 1672 qui
1360 1625 1534 1660 Ecclesiam
1559 1637 1646 1660 snam
1667 1625 1805 1672 pretioso
1827 1625 1896 1660 eius
1913 1623 1997 1659 San-

1243 1675 1338 1721 guine
1366 1675 1553 1710 rubricatam
1591 1675 1729 1722 protegit
1751 1684 1781 1710 et
1807 1675 1996 1713 substentat,

1244 1734 1273 1759 et
1295 1737 1376 1772 quae
1402 1725 1444 1760 illi
1461 1725 1621 1771 profutura
1649 1737 1719 1759 esse
1748 1725 1918 1772 praevidet,
1942 1735 1997 1771 per

1245 1774 1394 1809 eumdem
1422 1774 1577 1821 Spiritum
1601 1774 1753 1809 Sanctum
1790 1774 1818 1808 in
1855 1784 1998 1821 tempore

1245 1834 1427 1871 opportuno
1457 1824 1649 1863 manifestat,
1678 1833 1815 1859 nostram
1855 1833 1884 1858 et
1921 1822 1998 1869 plu-

1246 1875 1397 1908 rimorum
1435 1874 1620 1909 devotorum
1665 1874 1830 1908 hominnm
1865 1881 1998 1916 mentes,

1246 1923 1429 1958 huiusmodi
1471 1924 1630 1958 saeviente
1671 1923 1819 1970 procella,
1847 1922 2000 1958 divinitus

1248 1973 1445 2020 inspiraverit
1467 1973 1505 2008 ad
1531 1973 1604 2007 tanti
1621 1972 1999 2020 mysteriicelebritatem.

1246 2034 1328 2069 quae
1350 2023 1388 2057 ad
1413 2023 1702 2058 corroborationem
1726 2031 1756 2057 et
1779 2021 2001 2057 confirmatio-

1248 2084 1319 2107 nem
1345 2073 1417 2107 tidet
1439 2072 1611 2107 catholicae
1633 2072 1717 2107 cedit
1746 2072 1860 2118 pariter
1888 2081 1919 2106 et
1942 2071 2001 2106 ho-

1249 2134 1370 2167 norem,
1395 2132 1426 2156 ut
1451 2131 1573 2169 praeter
1595 2134 1815 2162 communem,
1836 2133 1930 2169 qnam
1962 2121 2001 2155 de

1249 2172 1317 2219 ipso
1346 2172 1512 2207 excellenti
1539 2173 1689 2207 miraculo
1716 2172 1849 2207 sabatho
1882 2171 2001 2219 primae

1249 2221 1467 2257 hebdomadae
1506 2221 1789 2270 quadragesimalis
1823 2221 1930 2255 ieiunii
1971 2229 2002 2255 et

1249 2274 1394 2320 stqnenti
1459 2272 1618 2307 dominica
1664 2271 2000 2306 commemorationem

1251 2322 1438 2357 unitersalis
1461 2322 1533 2357 l'acit
1562 2322 1713 2365 Ecclesia,
1736 2321 1858 2369 propria
1884 2321 1915 2355 in
1945 2320 2002 2355 ho-

1252 2385 1359 2407 norem
1384 2372 1529 2406 einsdem
1552 2371 1722 2406 Salvatoris
1745 2371 1916 2406 solemnior
1948 2382 2003 2418 per

1253 2423 1434 2457 universum
1467 2421 1588 2461 orbem,
1617 2421 1757 2455 videlicet
1797 2430 1906 2456 octavo
1934 2420 2004 2454 idus

1251 2473 1387 2518 augusti,
1409 2483 1489 2518 quae
1506 2480 1554 2506 est
1575 2480 1660 2506 sexta
1683 2471 1751 2505 dies
1773 2470 1930 2514 eiusdem,
1951 2481 2005 2504 an-

2002 276 2040 302 Αιι
2069 276 2097 302 1¹..
2114 275 2178 303 ttis7

2030 2437 2113 2458 Festum
2129 2436 2206 2457 [ηυ-

2017 2469 2149 2495 nunnoni:
2170 2469 2204 2489 dte

2017 2501 2030 2520 ὓ
2043 2500 2124 2525 augusti
2147 2500 2205 2520 indt-

1252 2523 1369 2557 nuatim
1393 2523 1432 2556 ab
1456 2522 1608 2556 universis
1630 2521 1776 2556 lidelibus
1804 2521 1881 2555 haec
1896 2530 2079 2555 sacro-enus.

1251 2581 1356 2607 sancta
1373 2571 1523 2606 testivitas
1540 2571 1727 2609 celebretur
1742 2570 1891 2616 quoniam
1912 2568 2005 2605 Pater

1253 2621 1304 2655 ille
1327 2621 1613 2656 misericordiarum
1630 2632 1665 2655 ac
1680 2620 1843 2667 piissimus
1856 2618 2004 2654 christia-

1254 2684 1364 2705 norum
1389 2679 1545 2719 protector
1567 2679 1596 2705 et
1621 2670 1700 2705 vitae
1717 2677 1841 2705 nostrae
1857 2667 2005 2705 defensor
