2281 3251
99 271 148 299 An.
165 269 193 298 C.
210 270 275 300 ¹316

968 270 1030 294 LEO
1051 271 1070 293 X
1091 269 1139 293 PP-

294 324 375 371 regis
400 323 660 365 nominationem,
685 337 738 372 per
760 337 817 360 nos
852 333 883 361 et
906 338 1037 361 succes-

293 387 378 409 sores
391 382 513 409 nostros
534 386 590 409 seu
611 373 725 410 Sedem
741 375 925 411 huiusmodi
939 376 1037 411 libere

292 424 445 472 provideri
466 424 575 470 possit.

339 477 354 516 §
378 475 434 508 10.
457 473 654 509 Monasteriis
679 487 749 509 vero
776 485 806 510 et
833 476 1036 523 prioratibus,

102 525 275 554 flou-soerfflw
290 523 552 558 conventualibus
574 531 605 558 et
631 537 700 559 vere
723 525 872 570 electivis,
894 526 1037 561 videlicet

97 561 118 578 et
132 557 240 580 beneflciis
255 563 277 579 e·
291 572 296 578 .

94 587 185 614 lectivir;

290 585 320 606 in
353 584 486 619 quorum
523 574 732 610 electionibus
770 575 867 610 forma
899 576 1036 622 capituli,

293 623 375 663 Quia
393 631 528 669 propter,
563 625 689 665 servari,
717 633 746 660 et
783 625 1037 660 confirmationes

290 672 476 708 electionum
493 673 673 709 huiusmodi
692 675 873 710 solemniter
890 676 950 722 peti
965 687 1038 710 con-

290 731 471 766 sueverunt,
495 723 524 758 in
551 735 658 770 regno,
681 723 873 771 Delpliinatu
890 734 920 759 et
942 725 1038 759 comi-

290 780 353 806 tatu
367 771 653 818 liuiusmodi,nunc
665 782 695 808 et
709 786 765 821 pro
781 782 931 821 tempore,
943 775 1034 809 etiam

290 833 345 868 per
372 821 507 857 similem
542 824 730 862 cessionem,
754 823 946 864 vacantibus,
969 824 1037 859 illo-

291 883 359 905 rum
383 880 556 907 conventus
577 873 614 907 ad
643 872 829 908 electionem
848 885 902 908 seu
927 881 1037 920 postu-

292 920 439 955 lationem
456 921 576 956 abbatis
589 934 643 956 seu
662 923 773 970 prioris
788 922 958 970 procedere
975 935 1035 958 non

291 971 424 1015 possint;
443 971 594 1006 sedidem
618 984 685 1017 rex,
708 972 833 1006 illorum
852 981 1036 1008 occurrente

291 1018 476 1054 huiusmodi
500 1022 671 1063 vacatione,
694 1021 873 1068 religiosum
896 1022 1036 1057 eiusdem

291 1068 420 1103 Ordinis
448 1070 477 1104 in
505 1079 604 1105 aetate
626 1071 734 1117 viginti
763 1071 859 1106 trium
882 1083 1036 1106 annorum

292 1117 330 1152 ad
353 1119 459 1154 minus
473 1120 778 1164 constitutum,infra
795 1121 898 1156 simile
912 1129 1038 1169 tempus

291 1179 346 1202 sex
366 1169 522 1204 mensium
538 1182 554 1204 a
569 1169 619 1205 die
639 1170 808 1204 vacationis
827 1172 1037 1206 monasterio-

292 1229 362 1252 rum
381 1226 411 1252 et
428 1219 622 1266 prioratuum
646 1219 827 1254 huiusmodi
850 1228 1038 1267 computan-

292 1266 416 1312 dorum,
436 1268 528 1303 nobis
549 1277 578 1303 et
600 1269 838 1304 successoribus
857 1272 971 1304 nostris
985 1279 1037 1306 aut

290 1315 365 1351 Sedi
381 1317 561 1352 huiusmodi
584 1319 757 1363 nominare,
779 1327 809 1353 et
831 1319 868 1354 de
892 1331 1036 1366 persona,

291 1377 347 1411 per
366 1379 469 1413 regem
489 1367 670 1403 huiusmodi
698 1369 889 1403 monasterio
916 1371 1035 1404 vacanti

290 1415 460 1460 nominata,
489 1429 544 1464 per
570 1430 627 1452 nos
649 1425 679 1452 et
700 1430 900 1453 successores
914 1428 1037 1454 nostros

289 1477 343 1499 seu
366 1464 480 1500 Sedem
502 1466 678 1502 huiusmodi
693 1467 858 1514 provideri;
883 1469 1036 1515 prioratus

289 1526 362 1549 vero
390 1527 541 1562 personae
568 1517 605 1551 ad
633 1517 721 1551 illum
745 1530 799 1564 per
820 1519 967 1553 eumdem
986 1531 1037 1554 re-

290 1575 361 1609 gem
389 1565 566 1599 nominatae
594 1567 728 1601 conferri
755 1567 880 1602 debeat.
907 1568 940 1603 Si
965 1581 1037 1603 vero

292 1613 372 1648 idem
393 1626 446 1648 rex
466 1614 680 1662 presbyterum
700 1616 892 1652 saecularem
915 1618 961 1652 vel
985 1631 1036 1653 re-

291 1661 434 1709 ligiosum
468 1664 596 1700 alterius
629 1665 759 1701 Ordinis
793 1675 847 1701 aut
882 1668 1035 1703 minorem

291 1712 397 1758 viginti
427 1713 521 1749 trium
548 1727 701 1750 annorum
729 1715 775 1750 vel
803 1717 879 1751 alias
907 1717 1037 1752 inhabi-

290 1761 353 1796 lem
378 1763 468 1798 nobis
489 1773 542 1799 aut
564 1765 801 1800 successoribus
823 1767 1036 1811 nostriS,infra

289 1811 410 1847 dictum
438 1823 668 1859 semestre,scu
682 1815 755 1850 Sedi
779 1816 961 1851 huiusmodi
984 1830 1037 1851 no-

290 1862 433 1906 minaret,
455 1863 525 1898 talis
551 1865 732 1899 nominatus
760 1867 897 1900 recusari
920 1875 950 1900 et
972 1867 1038 1901 nul-

290 1910 411 1946 latenus
433 1913 491 1947 sibi
511 1914 662 1960 provideri
682 1914 805 1955 debean
819 1916 873 1950 sed
891 1928 943 1950 rex
957 1916 1035 1963 ipse,

290 1960 368 1995 infra
393 1962 549 1997 trimestre
572 1976 586 1997 a
614 1964 665 1998 die
689 1966 895 2000 recusationis
922 1978 1037 2013 supra-

290 2009 372 2044 dicto
393 2011 486 2046 modo
506 2012 696 2048 intimandae
718 2015 976 2061 computandum,
1001 2028 1036 2050 a-

289 2058 366 2094 lium
402 2061 496 2096 modo
523 2063 703 2109 supradicto
725 2064 937 2111 qualificatum
968 2077 1037 2099 mo-

290 2115 427 2150 nasterio
449 2127 503 2150 seu
527 2117 676 2163 prioratui
700 2125 775 2152 tunc
797 2119 915 2152 vacanti
939 2120 1038 2153 nomi-

290 2181 375 2210 nare,
391 2177 420 2204 et
447 2169 485 2205 de
510 2183 640 2218 persona
669 2171 705 2206 ad
729 2174 954 2207 monasterium
979 2186 1037 2208 no-

290 2224 406 2258 minata
439 2224 480 2258 illi
505 2225 674 2271 provideri,
702 2238 737 2261 ac
766 2228 937 2274 prioratum
966 2241 1036 2263 vcrc

291 2278 461 2323 nominato,
484 2280 639 2327 prioratus
662 2281 726 2327 ipse
750 2294 804 2328 per
831 2294 888 2317 nos
911 2291 941 2317 et
963 2295 1036 2317 suc-

290 2345 431 2368 cessores
465 2343 587 2370 nostros
621 2348 674 2370 seu
699 2334 813 2371 Sedem
845 2337 1034 2384 praedictam

290 2388 421 2424 conferri
449 2389 573 2425 debeat.
601 2390 777 2438 Alioquin,
805 2391 896 2426 dictis
925 2405 1033 2427 uorem

291 2443 452 2479 mensibus
485 2445 623 2486 effluxis,
659 2447 741 2481 nulla
764 2459 818 2480 scu
842 2446 880 2481 dc
904 2459 1034 2494 persona

292 2499 396 2532 minus
436 2499 547 2534 idonea
581 2508 610 2534 et
642 2500 736 2534 modo
768 2502 940 2548 praemisso
973 2514 1033 2536 uon

290 2551 464 2598 qualismata
485 2552 562 2588 sacta
586 2554 808 2594 nominatione,
823 2567 858 2589 ac
880 2555 970 2589 etiam
989 2567 1036 2589 va-

291 2606 436 2642 cantibus
450 2608 532 2655 apud
547 2607 662 2643 Sedem
681 2608 883 2656 praedictam,
899 2622 1034 2657 semper,

291 2659 382 2696 etiam
406 2661 488 2697 nulla
511 2662 583 2697 dicti
607 2663 688 2711 regis
710 2672 869 2711 expectata
892 2666 1035 2700 nomina-

1702 260 1770 294 667

1078 326 1173 370 tione,
1197 336 1250 372 per
1272 337 1329 361 nos
1356 333 1386 360 et
1407 337 1608 362 successores
1629 334 1752 360 nostros
1767 338 1822 362 seu

1077 375 1193 410 Sedem
1217 375 1404 421 praedictam
1434 376 1632 412 monasteriis
1652 376 1823 423 provideri3

1078 426 1232 472 prioratus
1260 438 1331 460 vcro
1360 427 1527 472 personis,
1566 436 1597 461 ut
1631 425 1824 473 praefertur,

1077 476 1262 523 qualificatis
1284 475 1443 510 dumtaxat
1470 475 1604 511 conferri
1635 476 1732 510 libere
1749 488 1824 522 pos-

1077 526 1149 559 sint.
1172 525 1351 560 Electiones
1372 534 1475 561 autem
1502 534 1532 560 et
1561 526 1683 560 illarum
1706 526 1825 560 contir-

1078 576 1230 610 mationes
1262 587 1320 610 nec
1358 588 1418 610 non
1451 576 1658 623 provisiones,
1687 588 1741 623 per
1768 588 1824 610 uos

1077 633 1106 658 et
1128 637 1326 660 successores
1351 633 1473 660 nostros
1496 634 1526 660 et
1552 625 1667 660 Sedem
1699 625 1824 672 praedi-

1077 683 1157 708 ctam
1181 684 1287 709 contra
1304 675 1472 721 praemissa
1489 687 1542 722 pro
1563 684 1702 722 tempore
1717 674 1824 720 factas,

1078 724 1190 768 nullas,
1213 725 1313 759 irritas
1333 732 1362 759 et
1387 725 1494 760 inanes
1521 737 1590 760 esse
1612 725 1823 760 decernimus.

1078 773 1138 808 Per
1161 774 1329 820 praemissa
1354 782 1456 809 tamen
1486 787 1547 809 non
1578 775 1770 810 intendimus
1794 775 1824 810 in

1077 823 1183 870 aliquo
1212 824 1425 871 praeiudicare
1447 824 1591 872 capitulis
1619 825 1824 860 ecclesiarum

1077 880 1108 907 et
1133 873 1338 908 conventibus
1360 874 1621 909 monasteriorum
1651 882 1681 909 et
1705 876 1826 921 priora-

1078 930 1180 966 tuum,
1208 922 1389 958 huiusmodi
1412 924 1570 970 privilegia
1593 936 1608 958 a
1631 923 1714 959 Sede
1738 924 1827 970 Apo-

1078 972 1186 1006 stolica
1215 973 1378 1020 proprium
1407 973 1542 1019 eligendi
1573 974 1744 1020 praelatum
1769 973 1828 1008 ob-

1079 1021 1261 1067 tinentibus,
1288 1023 1460 1069 quominus
1483 1023 1519 1057 ad
1548 1022 1733 1058 electionem
1757 1025 1828 1070 epi-

1077 1083 1246 1118 scoporum
1271 1084 1306 1106 ac
1328 1071 1475 1106 abbatum
1504 1080 1533 1107 et
1557 1073 1694 1118 priorum
1713 1101 1720 1113 ,
1744 1073 1828 1108 iuxta

1079 1120 1210 1155 formam
1236 1121 1266 1155 in
1291 1121 1462 1168 privilegiis
1484 1129 1679 1164 contentanu
1701 1131 1731 1157 et
1753 1123 1777 1157 si
1796 1123 1827 1157 in

1078 1182 1187 1205 eorum
1212 1171 1380 1217 privilegiis
1415 1171 1513 1206 forma
1549 1172 1653 1219 aliqua
1681 1184 1828 1219 expressa

1080 1231 1140 1254 non
1164 1219 1268 1264 suerit,
1284 1228 1359 1255 tunc
1378 1220 1508 1255 formam
1523 1221 1644 1256 concilii
1660 1221 1828 1267 generalis,

1081 1270 1164 1310 Quia
1174 1278 1311 1315 propter,
1326 1281 1450 1305 servare
1467 1278 1643 1315 teneantur,
1655 1271 1828 1306 dummodo

1078 1318 1116 1353 de
1154 1319 1324 1366 privilegiis
1359 1319 1419 1354 sibi
1451 1321 1612 1355 concessis
1647 1320 1829 1356 huiusmodi

1079 1381 1134 1414 per
1168 1369 1271 1404 literas
1297 1370 1485 1417 apostolicas
1507 1382 1563 1405 seu
1592 1371 1666 1405 alias
1693 1371 1830 1406 authen-

1078 1419 1153 1453 ticas
1171 1420 1342 1466 scripturas
1360 1419 1534 1459 docuerint,
1548 1421 1633 1454 omni
1652 1420 1709 1456 alia
1724 1421 1828 1469 specie

1079 1468 1274 1514 probationis
1296 1469 1340 1503 eis
1363 1469 1393 1503 in
1417 1469 1477 1504 hoc
1499 1470 1654 1517 adempta.

1127 1517 1146 1564 g
1172 1522 1227 1553 11.
1256 1518 1410 1553 Volumus
1439 1532 1565 1567 quoque
1592 1528 1623 1554 et
1645 1520 1828 1555 ordinamus

1077 1568 1173 1613 quod,
1201 1568 1231 1601 in
1256 1580 1364 1614 regno,
1395 1568 1586 1616 Delpliinatu
1622 1578 1652 1604 et
1674 1572 1826 1605 comitatu

1079 1617 1256 1663 praedictiS,
1278 1619 1316 1653 de
1334 1627 1456 1653 caetero
1479 1631 1539 1654 non
1569 1619 1682 1654 dentur
1703 1620 1827 1667 aliquae

1077 1668 1194 1712 gratiae
1219 1669 1440 1715 expectativae,
1457 1681 1492 1703 ac
1519 1669 1672 1716 speciales
1701 1670 1746 1704 vel
1769 1684 1827 1717 ge-

1079 1717 1199 1751 nerales
1227 1728 1452 1753 reservationes
1479 1719 1515 1753 ad
1553 1728 1693 1754 vacatura
1730 1720 1826 1755 bene-

1078 1766 1147 1800 licia
1171 1779 1226 1814 per
1249 1781 1306 1803 nos
1339 1778 1370 1803 et
1400 1767 1516 1803 Sedem
1552 1770 1739 1816 praedictam
1765 1783 1825 1806 non

1078 1815 1164 1857 liant3
1198 1825 1228 1851 et
1256 1818 1279 1852 si
1308 1818 1345 1852 de
1369 1818 1448 1853 sacto
1474 1832 1529 1865 per
1558 1820 1826 1866 importunitatem

1077 1874 1131 1899 aut
1149 1866 1224 1901 alias
1247 1879 1262 1901 a
1287 1867 1378 1902 nobis
1402 1876 1431 1902 et
1454 1869 1691 1904 successoribus
1711 1871 1828 1906 nostris

1078 1923 1107 1949 et
1134 1914 1216 1951 Sede
1241 1918 1394 1963 praedicta
1427 1919 1652 1958 emanaverint,
1689 1920 1757 1954 illas
1786 1920 1828 1954 ir-

1078 1965 1151 1999 ritas
1179 1974 1209 2000 et
1236 1967 1346 2002 inanes
1373 1980 1441 2002 esse
1464 1968 1678 2003 decernimus.
1713 1969 1746 2004 In
1776 1982 1828 2004 ca-

1078 2015 1274 2050 thedralibus
1298 2026 1412 2057 tamen,
1437 2019 1686 2064 metropolitanis
1709 2028 1738 2053 et
1761 2020 1828 2054 col-

1077 2064 1199 2110 legiatis
1229 2066 1390 2106 ecclesiis,
1416 2068 1446 2101 in
1470 2080 1601 2114 quarum
1625 2069 1748 2103 statutis
1775 2082 1828 2103 ca-

1079 2128 1202 2153 veretur
1223 2132 1371 2167 expresse
1398 2122 1482 2168 quod
1507 2122 1610 2156 nullus
1635 2122 1750 2157 ibidem
1776 2123 1828 2157 di-

1077 2172 1240 2218 gnitatem,
1278 2184 1492 2221 personatum,
1520 2176 1825 2211 administrationem

1079 2227 1124 2261 vel
1152 2228 1288 2262 officium
1319 2230 1462 2264 obtinere
1492 2231 1600 2276 possit,
1625 2231 1681 2264 nisi
1711 2231 1740 2265 in
1765 2231 1827 2265 illis

1077 2290 1145 2316 actu
1169 2284 1337 2318 canonicus
1361 2294 1485 2323 exstat,
1502 2285 1675 2318 canonicos
1698 2286 1746 2328 (ad
1780 2284 1826 2319 es-

1077 2335 1192 2372 fectum
1216 2338 1375 2372 dumtaxat
1401 2339 1472 2372 inibi
1497 2339 1658 2373 obtinendi
1683 2340 1825 2386 dignita-

1078 2401 1160 2431 tem,
1190 2403 1408 2440 personatum,
1437 2394 1740 2429 administrationem
1776 2396 1823 2430 vel

1076 2448 1212 2482 officium
1231 2449 1423 2486 huiusmodi,
1439 2458 1469 2483 et
1488 2462 1547 2483 non
1562 2451 1821 2497 consequendum

1077 2503 1205 2548 primam
1251 2503 1460 2549 praebendam
1498 2510 1689 2549 vacaturam)
1724 2505 1821 2539 creari

1078 2569 1169 2603 posse
1197 2558 1402 2592 intendimus.

1123 2616 1138 2654 ξ
1168 2613 1221 2646 19..
1245 2611 1420 2646 Statuiinus
1443 2612 1570 2659 insuper
1593 2613 1676 2660 quod
1699 2613 1822 2649 ordina·

1838 271 1886 298 Αη.
1908 271 1936 297 C.
1954 272 2017 300 15¹6

1854 1531 1884 1552 De
1907 1532 2027 1558 expectati-

1841 1563 1872 1582 νίς
1888 1566 1908 1583 et
1927 1569 2026 1584 reserva—

1844 1593 1943 1618 tionibus,

1855 2611 2017 2636 Collatiombus-

1835 2650 1873 2671 que
1890 2645 1965 2665 fiendis
1980 2652 2018 2672 per

1076 2665 1139 2700 rius
1161 2666 1299 2708 collator,
1323 2666 1352 2701 iu
1384 2679 1571 2714 unaquaque
1593 2667 1761 2703 cathedrali
1785 2682 1820 2704 ac
1834 2676 1964 2703 ord·n³r10⁵;
