2281 3251
51 263 101 289 An,
119 262 147 287 C.
165 261 229 288 ¹515

45 812 179 841 Frenumque
191 820 226 835 sa-

55 846 71 866 is
87 846 174 871 minuit·y

57 1112 165 1133 Civitatem
187 1111 227 1132 Vn<

46 1143 142 1163 liei-nam
153 1147 171 1163 et
183 1147 229 1163 ter-

48 1180 89 1194 iam
105 1174 170 1195 Corae
189 1181 228 1200 po-

46 1205 93 1231 pulo
111 1207 218 1228 recinuit:

42 2213 170 2237 Exeeutnres
188 2216 223 2237 lin-

43 2248 74 2267 iu·
94 2247 162 2269 bullae
187 2250 223 2269 ilc-

44 2281 108 2304 put=t;

920 258 981 281 LEO
1004 258 1024 279 X
1054 259 1098 280 ΙΨ.

1661 248 1724 279 541

247 328 300 361 pro
323 322 463 361 tempore
490 313 674 353 residentes
702 325 717 347 a
746 313 805 347 vini
823 313 940 348 romani
964 322 993 347 et
1035 313 1185 359 speciales
1208 312 1427 347 constituimus
1451 320 1480 347 et
1502 311 1704 359 deputamuS,
1731 313 1781 347 in-

246 365 373 407 l'arinae,
387 371 601 411 praeterquam
617 374 697 409 quae
710 374 723 396 a
742 363 912 409 pistoribus
938 375 991 397 seu

246 414 275 447 in
312 425 418 448 eorum
449 425 538 447 nsum
567 413 753 456 conficitur,
781 413 865 446 omni
890 421 991 447 tamen

246 463 352 497 l'raude
368 470 521 505 cessante,
544 470 573 496 et
593 462 747 508 praefatos
765 474 800 496 ae
829 475 884 509 pro
913 472 994 496 tem-

246 524 319 558 pore
334 512 504 546 existentes
525 511 625 545 dictae
642 511 737 545 Urbis
759 521 993 546 conservatores

245 574 260 595 a
290 561 370 605 viui,
393 562 485 595 etiam
510 562 588 595 corsi
617 562 681 595 sive
704 562 824 606 graeci,
852 574 913 607 quo
937 574 992 608 pro

245 623 352 645 corum
367 619 397 645 et
410 611 542 645 familiae
554 623 628 645 suae
642 611 724 645 victu
742 619 883 654 utuntur,
895 623 993 657 usqne

244 660 281 694 ad
313 660 565 707 vigintiquinque
593 668 727 705 vegetes,
744 672 826 694 anno
840 660 991 706 quolibet,

244 709 382 756 gabellae
398 710 553 745 solutione
568 710 736 745 eximimus
758 718 788 744 et
811 710 991 745 liberamus.

292 764 307 802 5
329 763 362 793 9.
388 759 427 793 Et
443 760 576 807 pretinm
601 759 686 803 salis,
709 760 762 806 qni
782 759 818 793 ad
837 760 991 794 minutum

244 809 401 853 venditur,
429 810 520 844 etiam
545 822 601 857 pro
625 809 811 856 pecudibus,
830 810 859 843 in
883 809 990 844 eadem

243 858 340 904 Urbe,
357 859 394 894 ad
411 860 560 894 rationem
584 868 653 893 octo
677 858 903 893 bolonenorum
923 871 991 893 mo-

243 916 333 943 netae
357 921 454 943 novae
474 922 543 942 enm
567 909 696 943 dimidio
725 909 817 942 nnins
846 908 990 943 boloneni

243 958 355 993 similis
379 971 433 1005 pro
450 971 608 999 mensura,
625 971 717 1005 quam
731 971 871 993 scorzum
888 958 993 1006 appel-

244 1009 317 1047 lant,
347 1009 527 1043 reducimus
554 1017 583 1043 et
610 1008 819 1043 moderamur.

291 1058 311 1104 S
340 1061 396 1093 10.
424 1058 522 1092 Porro
549 1058 702 1093 civitatem
727 1058 854 1092 Velletri
882 1066 912 1092 et
939 1070 992 1104 op-

245 1107 350 1153 pidum
368 1107 469 1142 Corae
487 1107 881 1155 praedictae,cumeorum
900 1107 992 1141 terri-

245 1157 330 1192 toriis
356 1158 529 1201 omuibus,
556 1169 641 1191 mero
669 1165 699 1191 et
721 1157 819 1190 mixto
847 1157 990 1202 imperio,

244 1206 376 1254 aliisque
399 1207 546 1241 omnibns
571 1206 691 1240 iuribus
713 1215 742 1240 et
766 1206 992 1240 iurisdictioni-

244 1256 313 1297 bus,
337 1266 429 1303 prout
451 1256 523 1291 olim
542 1255 601 1290 sub
616 1255 769 1290 dictorum
784 1255 918 1289 Romani
934 1268 991 1302 po-

244 1306 307 1352 puli
330 1306 470 1340 dominio
495 1306 591 1346 suere,
611 1305 793 1339 eorumdem
818 1305 924 1352 populi
941 1305 990 1339 di-

244 1354 320 1389 tioni
344 1364 372 1390 et
397 1356 552 1403 potestati,
567 1356 606 1389 (le
621 1367 776 1390 consensu
793 1368 927 1402 qnorum
944 1355 991 1389 in-

242 1405 340 1449 tersit,
358 1405 457 1440 libere
480 1405 673 1440 restituimus
701 1413 731 1439 et
759 1405 896 1452 plenarie
911 1405 991 1440 rein-

241 1463 411 1500 tegramus.
434 1455 621 1490 Mandantes
638 1454 760 1489 dilectis
774 1455 844 1489 siliis
860 1454 990 1489 civitatis

240 1513 269 1539 et
284 1504 388 1552 oppidi
414 1505 640 1552 praedictorum
665 1505 931 1545 universitatibus,
956 1513 989 1539 ut

240 1554 278 1588 de
302 1562 405 1589 cetero
428 1555 699 1589 conservatoribus
715 1563 744 1589 et
768 1555 883 1601 populo
900 1567 990 1600 prae-

242 1603 320 1645 satis,
336 1605 379 1639 uti
408 1605 488 1638 veris
510 1613 540 1639 et
567 1604 715 1650 legitimis
737 1616 845 1638 eornm
876 1604 989 1638 imme-

241 1654 334 1688 diatis
348 1654 494 1695 dominis,
508 1654 537 1688 in
550 1653 776 1700 temporalibus
795 1654 945 1688 obediant
960 1663 990 1688 et

242 1712 368 1748 pareant
401 1716 437 1738 ac
469 1703 645 1739 intendant.
676 1703 834 1738 Volumus
861 1703 988 1738 demum

240 1753 323 1800 quod
347 1761 526 1800 praesentes
542 1753 647 1788 literae
664 1761 693 1787 et
718 1753 747 1786 in
765 1753 810 1787 eis
831 1762 989 1793 contenta,

239 1816 255 1837 a
283 1803 342 1838 kal.
368 1803 466 1838 martii
484 1803 616 1850 proximi
632 1803 787 1849 praeteriti
812 1804 905 1844 eirca,
924 1803 990 1849 ple-

241 1865 314 1887 num
342 1853 467 1887 sortitae
490 1853 554 1887 sint
572 1862 601 1887 et
617 1865 686 1887 esse
704 1862 893 1887 censeantur
914 1852 989 1887 else-

239 1902 557 1938 ctum.Decernentes
569 1915 605 1937 ex
618 1915 703 1937 nunc
718 1903 837 1936 irritum
849 1911 877 1936 et
887 1902 990 1947 inane,

240 1952 264 1985 si
289 1964 378 1986 secus
391 1965 486 1999 super
506 1952 685 1999 praemissis
700 1952 746 1986 vel
762 1964 869 1986 eorum
885 1952 990 1999 aliquo

241 2013 294 2046 per
309 2002 639 2049 quoscumque,etiam
653 2014 710 2036 uos
725 2010 753 2036 et
769 2001 884 2036 Sedem
904 2015 990 2048 prae-

241 2050 344 2092 latam,
373 2064 408 2087 ex
432 2052 540 2098 quavis
555 2063 661 2091 causa,
681 2052 816 2087 scienter
839 2051 884 2086 vel
903 2052 989 2098 iguo-

241 2113 343 2140 ranter
366 2105 534 2151 contigerit
557 2106 712 2141 attentari.

288 2159 307 2206 g
338 2162 391 2194 ll.
420 2159 492 2201 Quo
520 2159 598 2194 circa
627 2160 834 2195 venerabilem
864 2160 987 2195 fratrem

256 2213 432 2260 ‘izipliaelem
452 2213 638 2261 episcopum
658 2213 854 2253 Ostiensem,
868 2223 896 2249 et
910 2215 989 2249 dile-

241 2276 306 2302 ctos
320 2268 400 2303 filios
419 2277 543 2304 nostros
563 2269 769 2304 Franciscum
798 2269 987 2304 Sanctorum

241 2322 368 2357 loannis
385 2332 415 2358 et
432 2323 532 2365 Pauli,
549 2332 578 2358 et
593 2324 767 2359 Antonium
793 2324 900 2358 Sancti
928 2324 989 2359 Vi—

241 2376 320 2418 talis,
348 2385 377 2412 et
396 2377 523 2413 Petrum
544 2377 650 2413 Sancti
674 2378 800 2413 Ense-bii
824 2378 882 2422 tit.,
900 2391 989 2425 pres-

243 2430 377 2478 byteros,
404 2445 440 2467 ac
462 2432 627 2481 Aloysium
655 2432 787 2467 Sanctae
807 2432 920 2467 Mariae
957 2433 987 2467 in

240 2485 411 2521 Cosmedin
435 2486 614 2532 diaconum,
634 2487 819 2531 cardinales,
835 2495 986 2521 eteorum

241 2540 425 2586 quemlibet,
443 2554 497 2588 pro
514 2542 758 2589 praemissorum
777 2541 919 2576 omnium
932 2540 988 2575 ob-

241 2596 406 2635 servantia,
433 2596 550 2631 eisdem
579 2596 863 2637 conservatoribus,
893 2596 986 2643 priori

241 2657 269 2682 et
293 2650 420 2696 populo,
440 2651 469 2685 in
499 2659 733 2686 conservatores
759 2659 786 2686 et
809 2651 989 2687 defensores

1036 364 1201 407 iungentes
1224 362 1339 397 eisdem
1368 362 1596 407 cardinalibus,
1623 370 1779 409 quatenus

1036 413 1092 459 ipsi
1123 413 1167 446 vel
1195 424 1304 447 eorum
1333 411 1457 458 aliquis,
1474 424 1528 458 per
1555 425 1588 446 se
1612 412 1656 446 vel
1683 412 1779 446 alium

1034 475 1088 495 sen
1104 462 1190 502 alios,
1206 461 1491 505 conservatoribus,
1505 461 1596 508 priori
1613 471 1645 496 ct
1663 461 1780 508 populo

1036 512 1189 557 praefatis,
1204 512 1349 558 quotiens
1363 511 1401 545 ab
1424 511 1469 545 cis
1491 511 1536 545 vel
1551 523 1658 545 eornm
1674 511 1780 557 aliquo

1036 561 1147 594 l'nerint
1165 561 1316 608 requisiti,
1332 561 1361 594 in
1378 560 1567 607 praemissis,
1580 560 1713 595 ellicacis
1729 560 1780 594 de-

1035 611 1184 644 l'ensionis
1199 610 1354 657 praesidio
1370 611 1560 649 assistentes,
1576 610 1686 644 saciant
1699 610 1782 656 ipsos

1034 668 1279 703 conservatores,
1303 660 1438 705 priorem
1452 667 1481 693 ct
1497 648 1659 706 populum,
1673 667 1782 693 ancto-

1035 711 1122 743 ritate
1146 719 1261 751 nostra,
1284 709 1433 743 omnibus
1455 717 1483 742 ct
1507 709 1642 755 singulis
1669 721 1782 755 snpra-

1033 759 1123 793 dietis
1141 760 1268 805 pacifice
1283 759 1338 792 l'rni
1355 768 1383 793 et
1399 758 1544 803 gaudere,
1561 770 1659 805 eaque
1678 759 1780 793 omnia

1033 817 1060 842 et
1075 809 1196 854 singula
1213 808 1432 841 inviolabiliter
1446 808 1617 852 observari,
1635 820 1695 841 non
1716 820 1782 854 per-

1034 859 1192 892 mittentes
1206 870 1259 891 eos
1271 870 1323 891 seu
1342 870 1449 891 eorum
1465 857 1601 903 aliquem
1621 870 1676 904 per
1689 870 1782 904 qnos-

1033 920 1167 954 cnmque
1194 907 1345 953 desuper,
1369 907 1461 940 etiam
1491 906 1571 941 dieta
1598 908 1781 942 auctoritate

1033 958 1209 1002 fungentes,
1237 957 1473 1004 quomodolibet
1503 957 1671 1001 molestari,
1697 970 1781 991 con-

1033 1007 1217 1041 tradictores
1238 1007 1366 1053 quosvis
1384 1019 1439 1053 per
1458 1018 1623 1040 censuram
1635 1006 1780 1042 ecclesia-

1032 1057 1140 1090 sticam
1164 1064 1193 1091 et
1205 1056 1265 1090 alia
1281 1056 1356 1090 iuris
1371 1063 1549 1103 opportuna
1566 1056 1716 1101 remedia,
1730 1069 1781 1103 ap-

1033 1106 1198 1153 pellatione
1227 1114 1356 1146 remota,
1372 1105 1614 1152 compescendO,
1639 1107 1781 1140 invocato

1032 1156 1124 1190 ctiam
1143 1156 1180 1189 ad
1203 1155 1244 1197 id,
1261 1157 1285 1189 si
1309 1168 1388 1203 opus
1405 1155 1509 1200 fuerit,
1531 1154 1645 1190 anxilio
1661 1155 1779 1191 brachii

1032 1205 1213 1239 saecularis.

1080 1255 1099 1299 ξ
1124 1259 1179 1288 12.
1201 1254 1271 1289 Non
1286 1254 1481 1289 obstantibus
1494 1254 1658 1302 quibusvis
1672 1255 1701 1289 in
1716 1255 1782 1290 col-

1032 1304 1186 1350 legiorum
1212 1304 1441 1351 praedictorum
1458 1305 1617 1339 erectione
1639 1313 1669 1338 et
1692 1305 1782 1340 dota-

1033 1354 1114 1388 tione
1127 1355 1229 1399 editis,
1240 1354 1345 1388 etaliis
1359 1354 1640 1389 constitutionibus
1654 1362 1683 1389 et
1695 1354 1782 1389 ordi-

1033 1404 1213 1439 nationibus
1235 1404 1431 1451 apostoliciS,
1447 1417 1570 1439 necnon
1587 1404 1783 1451 quibuslibet

1032 1454 1070 1488 de
1083 1454 1187 1501 aliquo
1210 1467 1266 1488 seu
1294 1454 1453 1501 aliquibus
1476 1466 1511 1488 ex
1536 1454 1705 1501 praedictis
1735 1454 1784 1488 of-

1033 1508 1295 1555 ficiis,quibnsvis
1312 1508 1465 1554 perseius,
1482 1509 1574 1543 etiam
1587 1516 1673 1543 motu
1688 1508 1782 1543 simili

1031 1571 1061 1597 ct
1089 1576 1125 1597 ex
1154 1572 1235 1597 certa
1260 1572 1364 1598 nostra
1391 1563 1532 1604 scientia,
1555 1575 1593 1597 ex
1620 1563 1783 1610 quibusvis

1032 1618 1264 1663 urgentissimis
1279 1627 1305 1652 et
1326 1618 1510 1652 necessariis
1525 1618 1643 1658 causis,
1657 1631 1711 1665 per
1727 1630 1783 1652 nos

1031 1680 1061 1705 ct
1082 1671 1197 1705 Sedem
1223 1672 1388 1718 praefatam
1413 1671 1500 1706 factis
1523 1671 1675 1706 hactenus
1699 1680 1729 1706 et
1752 1672 1781 1706 in

1032 1733 1189 1771 posterum
1208 1725 1589 1773 fiendis,quas,qnotiens
1603 1726 1701 1761 factae
1715 1727 1784 1762 fue-

1032 1779 1104 1824 rint,
1128 1780 1241 1814 totiens
1263 1792 1301 1814 ex
1324 1793 1420 1821 nunc,
1445 1789 1537 1828 prout
1559 1789 1698 1826 extunc,
1713 1790 1743 1817 et
1766 1794 1783 1816 e

1031 1842 1149 1875 contra,
1166 1847 1361 1880 revocamus,
1377 1847 1548 1876 cassamus,
1571 1836 1782 1877 annullamus3

1031 1896 1060 1921 et
1076 1888 1224 1924 omnibns
1243 1889 1313 1929 illis,
1324 1901 1404 1936 quae
1419 1889 1675 1936 praedecessores
1691 1902 1784 1936 prae-

1031 1941 1081 1976 sati
1103 1943 1131 1976 in
1147 1943 1282 1990 singulis
1299 1956 1352 1990 per
1366 1956 1419 1978 eos
1435 1943 1555 1978 eisdem
1575 1944 1690 1990 populo
1705 1956 1782 1978 con-

1032 1998 1128 2031 cessis
1151 1998 1249 2033 literis
1273 1998 1439 2033 voluerunt
1462 2010 1522 2032 nou
1547 1998 1682 2038 obstare,
1704 2006 1781 2033 cete-

1033 2051 1138 2099 risque
1165 2053 1330 2087 eontrariis
1357 2053 1622 2100 quibuscumque.
1651 2052 1782 2087 Nostrae

1032 2114 1133 2140 tamen
1151 2107 1334 2142 intentionis
1356 2107 1459 2142 existit
1487 2107 1570 2153 quod
1593 2106 1782 2142 dolianeria-

1032 2169 1117 2195 tuum
1135 2171 1164 2196 ct
1187 2162 1311 2196 illorum
1334 2161 1543 2196 notariatuum
1573 2161 1681 2196 salaria
1709 2174 1782 2196 cnr-

1031 2227 1098 2249 rere
1113 2215 1263 2263 incipiant
1285 2229 1300 2251 a
1324 2216 1386 2260 die,
1408 2228 1472 2262 quo
1491 2223 1670 2250 contractus
1686 2228 1782 2262 snper

1032 2270 1167 2316 ipsarum
1180 2270 1374 2305 dolianarum
1387 2271 1612 2313 conductione,
1626 2270 1703 2305 inter
1718 2271 1782 2305 illo-

1032 2337 1098 2358 rum
1111 2324 1318 2360 conductores
1331 2334 1359 2359 et
1375 2324 1538 2359 Cameram
1555 2325 1780 2370 Apostolicam,

1031 2386 1172 2426 tempore
1184 2379 1255 2413 dicti
1274 2380 1340 2413 lnlii
1359 2379 1607 2425 praedecessoris
1623 2379 1701 2421 initi,
1716 2392 1781 2413 res-

1032 2435 1152 2480 pective
1181 2434 1328 2478 finierint,
1351 2442 1380 2467 et
1409 2445 1468 2468 non
1498 2442 1579 2467 ante.

1078 2488 1161 2522 Nulli
1190 2501 1263 2534 ergo
1290 2487 1418 2522 omnino
1446 2487 1610 2522 liominnm
1639 2495 1692 2522 etc.

1078 2541 1112 2576 Si
1136 2543 1207 2589 quis
1228 2550 1279 2576 etc.

1079 2597 1192 2632 Datum
1208 2597 1327 2631 Romae
1353 2597 1434 2643 apud
1459 2597 1609 2632 Sanctum
1636 2597 1778 2638 Petrum,

1029 2664 1112 2686 anno
1143 2651 1369 2687 lucarnationis
1405 2651 1581 2687 dominicae
1612 2651 1778 2686 millesimo

1794 255 1844 282 An.
1863 255 1890 282 C.
1908 255 1974 282 ¹5¹3

1809 1266 1923 1286 Contrariis
1945 1268 1979 1286 lc-

1796 1302 1863 1324 rogat.
