2281 3251
217 231 266 258 Αη.
285 231 313 259 C.
333 231 400 259 ¹505

465 221 534 255 :tt-4

386 320 388 322 ,
415 296 480 324 toto
502 297 612 324 tenore
637 278 781 323 habenda
809 286 848 322 sit
867 287 898 322 in
922 289 1036 323 nostris
1066 289 1163 323 literis

231 453 305 474 indulti
315 461 334 475 m
359 463 368 473 ι·
381 456 399 475 i-

217 487 277 511 genili
288 491 401 507 conseru-

217 520 283 539 lure·-

238 1547 348 1575 Ampliutin
372 1546 402 1566 fa<

219 1581 302 1600 rultatis·
314 1584 401 1599 conscr-

222 1616 322 1633 valorum.

416 343 534 379 mentio
555 341 712 390 specialis.

462 397 483 445 g
509 400 541 432 4.
569 396 736 432 Caeterum
760 396 918 438 volumus,
941 406 969 432 et
993 397 1163 445 apostolica

415 452 597 487 auctoritate
610 451 811 488 decernimus
832 451 915 499 quod
934 464 1045 486 omnes
1059 461 1088 486 et
1103 452 1165 487 sin-

414 505 478 551 guli
506 504 556 540 alii
592 505 796 553 patriarchae,
820 505 1061 553 archiepiscopi,
1089 507 1164 553 epi—

414 560 500 607 scopi
516 568 547 595 et
561 560 612 594 alii
632 559 773 595 locorum
795 559 958 600 ordinarii,
983 570 1165 607 praesentes

414 623 445 649 et
467 614 583 660 futuri,
609 626 784 662 eorumque
812 627 867 661 pro
890 625 1032 663 tempore
1059 616 1163 651 vicarii

415 670 443 703 in
467 669 682 717 spiritualibus
708 669 884 716 generales,
907 682 1030 705 necnon
1064 683 1165 718 quae-

413 736 551 771 cumque
578 723 657 759 aliae
685 735 838 771 personae
874 724 904 757 in
935 724 1086 770 dignitate
1113 737 1166 759 ec-

413 779 586 814 clesiastica
611 779 814 822 constitutae,
835 791 871 814 ac
899 791 1008 814 eorum
1037 780 1165 827 singuli,

413 833 539 880 quando
566 841 595 868 et
621 833 778 880 quotienS,
804 845 860 880 pro
884 842 968 880 parte
993 834 1139 869 abbatum
1157 862 1166 878 ,

414 887 552 934 priorum
569 914 579 932 ,
612 895 824 922 conventuum
844 915 852 926 ,
886 888 1142 935 congregationis
1159 917 1166 930 ,

413 941 658 976 commissorum
691 952 747 976 seu
776 940 978 986 oblatorum,
1007 943 1052 977 vel
1077 955 1167 977 com-

413 995 579 1031 missarum
600 1002 631 1030 et
652 994 827 1030 oblatarum
852 996 1096 1044 praedictorum,
1117 997 1164 1032 vel

413 1061 521 1085 eorum
544 1050 697 1089 alicuius,
720 1062 817 1098 super
842 1051 1023 1097 praemissis
1043 1052 1089 1086 vel
1112 1064 1168 1087 eo-

415 1116 482 1138 rum
509 1103 616 1152 aliquo
639 1103 781 1151 requisiti
806 1104 934 1149 suerint,
961 1105 998 1140 ad
1024 1118 1169 1153 praesen-

416 1158 495 1193 tium
537 1158 697 1194 literarum
740 1159 959 1194 executionem
999 1160 1168 1207 procedere

417 1212 538 1259 possint
567 1220 598 1248 et
635 1211 774 1248 debeant
808 1213 839 1248 in
871 1213 1021 1248 omnibus
1048 1224 1077 1249 et
1114 1227 1169 1262 per

416 1266 539 1310 omnia,
568 1266 698 1314 perinde
725 1278 760 1301 ac
782 1267 807 1302 si
843 1276 1025 1314 praesentes
1061 1268 1169 1304 literae

415 1320 507 1355 etiam
530 1320 598 1362 eis,
632 1333 704 1356 cum
727 1320 889 1357 clausula:
922 1332 1081 1370 quatenus
1110 1323 1167 1370 ipsi

416 1386 547 1416 omnes,
571 1374 617 1409 vel
639 1374 704 1410 duo
722 1382 775 1409 aut
797 1387 881 1411 unus
903 1388 1024 1421 eorum,
1047 1377 1169 1424 specia-

417 1429 486 1464 liter
511 1429 649 1464 directae
679 1429 823 1464 fuissent.

465 1483 485 1531 S
509 1486 541 1518 5.
568 1483 608 1518 Et
623 1484 649 1519 si
673 1496 728 1532 per
749 1484 953 1519 summariam
973 1485 1170 1521 informatio-

419 1550 488 1573 nem
508 1550 604 1586 super
627 1538 674 1574 his
697 1551 753 1587 per
771 1551 824 1574 vos
845 1547 897 1574 aut
912 1551 964 1574 eos
980 1539 1168 1588 habendam,

419 1591 506 1628 vobis
526 1601 581 1628 aut
601 1592 647 1628 eis
676 1593 849 1629 constiterit
868 1594 952 1642 quod
974 1594 1011 1629 ad
1035 1594 1116 1638 loca,
1138 1595 1169 1629 in

419 1647 534 1696 quibus
559 1656 777 1696 occupatores,
804 1649 995 1689 detentores,
1012 1662 1172 1696 praesum-

421 1711 537 1750 ptores,
551 1703 780 1749 molestatores,
793 1704 992 1739 iniuriatores
1007 1704 1171 1740 liniusmo-

420 1757 450 1792 di
467 1770 501 1793 ac
515 1758 603 1798 alios,
621 1757 660 1793 ad
675 1769 755 1806 quos
778 1766 958 1805 praesentes
981 1757 1088 1793 literae
1106 1771 1172 1806 per-

421 1813 574 1858 venerint,
601 1825 656 1860 pro
688 1821 828 1860 tempore
858 1813 969 1846 morari
993 1814 1171 1859 contigerit,

421 1879 476 1913 pro
504 1867 732 1902 monitionibus
767 1875 796 1901 et
823 1866 1024 1901 citationibus
1060 1867 1098 1902 de
1126 1869 1172 1902 eis

421 1920 609 1955 facientibus
636 1928 724 1955 tutus
742 1919 804 1956 hon
820 1928 922 1968 pateat
944 1933 1101 1965 accessus,
1117 1934 1173 1956 nos

420 1975 509 2011 vobis
534 1984 565 2011 et
590 1975 660 2011 aliis
685 1975 886 2022 patriai-eliis,
914 1976 1172 2023 archiepiscopis,

420 2029 587 2078 episcopis,
614 2029 780 2065 ordinariis
801 2038 832 2064 et
855 2030 997 2077 personis
1021 2031 1050 2063 in
1070 2030 1173 2076 digni-

422 2092 481 2120 tate
503 2084 712 2120 ecclesiastica
728 2084 920 2128 constitutis,
937 2084 1114 2131 praedictas
1128 2085 1174 2119 ci-

423 2140 554 2175 tationes
572 2147 602 2176 et
618 2139 804 2175 monitiones
824 2138 979 2187 quaslibet
999 2151 1054 2186 per
1069 2139 1172 2174 edicta

424 2193 544 2240 publica
562 2194 638 2230 locis
660 2192 811 2240 affigenda
835 2192 970 2240 publicis
986 2202 1015 2227 et
1032 2193 1173 2240 partibus

423 2247 484 2282 illis
505 2247 626 2290 vicinis,
649 2248 687 2283 de
709 2247 824 2296 quibus
838 2247 876 2282 sit
891 2247 1070 2282 verisimilis
1089 2260 1174 2283 con-

423 2301 557 2344 iectura,
590 2302 675 2351 quod
707 2299 743 2338 ad
780 2302 919 2338 notitiam
950 2303 1114 2337 citatorum
1144 2313 1173 2337 et

425 2357 614 2392 monitorum
639 2357 820 2393 huiusmodi
851 2357 1014 2404 pervenire
1042 2357 1173 2402 valeant,

424 2411 580 2457 faciendi,
607 2412 731 2460 plenam
765 2420 796 2447 et
825 2412 953 2446 liberant
990 2411 1171 2446 earumdem

424 2474 531 2502 tenore
543 2466 752 2515 praesentium
765 2467 970 2502 concedimus
984 2466 1171 2500 facultatem.

424 2521 471 2556 Ac
483 2521 628 2557 volumus
642 2530 673 2556 et
689 2520 843 2568 praedicta
865 2520 1049 2555 auctoritate
1071 2520 1174 2554 decer-

426 2575 530 2610 nimus
545 2575 629 2623 quod
643 2575 832 2610 monitiones
843 2582 873 2609 et
886 2574 1052 2609 citationes
1068 2573 1175 2607 liuius-

427 2629 510 2664 modi
525 2629 653 2677 perinde
667 2636 784 2665 arctent
802 2629 886 2677 ipsos
903 2629 1038 2663 monitos
1050 2636 1076 2663 et
1095 2629 1174 2662 eita-

997 233 1076 256 RULL
1082 232 1095 255 t
1101 232 1182 255 runt
1206 233 1366 256 notun-tt

1205 297 1262 329 tos,
1290 302 1325 323 ae
1347 290 1371 322 si
1390 288 1435 323 eis
1453 296 1482 323 et
1503 289 1677 335 specialiter
1699 296 1728 324 et
1751 287 1958 337 personaliter

1206 342 1380 377 insinuatae
1396 350 1425 377 et
1442 342 1600 378 intimatae
1617 343 1754 391 legitime
1769 343 1955 385 extitissent,

1205 397 1288 444 quod
1299 397 1430 444 quilibet
1445 406 1580 433 vestrum
1595 411 1629 433 ac
1645 398 1900 446 patriarcharum,
1915 410 1959 433 ar-

1205 451 1494 498 chiepiscoporum,
1518 453 1755 500 episcoporum,
1784 452 1959 488 ordinario-

1207 518 1289 549 rum,
1305 505 1489 540 vicariorum
1503 514 1533 541 et
1547 519 1751 553 personarum
1767 507 1959 554 indignitate

1208 560 1339 607 praefata
1356 560 1595 595 constitutarum
1610 561 1839 608 praedictorum
1854 574 1959 610 prose-

1206 615 1258 662 qui
1272 615 1368 650 valeat
1382 615 1546 649 articulum
1561 615 1652 649 etiam
1665 628 1718 662 per
1731 617 1825 651 alium
1837 617 1961 652 inchoa-

1208 677 1290 712 tum,
1313 669 1455 716 quamvis
1479 669 1560 704 idem
1589 669 1739 705 inchoans
1761 672 1846 706 nullo
1869 672 1961 707 suerit

1209 723 1434 771 impedimento
1466 724 1619 758 canonico
1643 725 1862 771 praepeditus;
1885 735 1925 764 et.
1944 738 1961 761 a

1207 778 1277 812 data
1294 779 1520 825 praesentium,
1543 778 1582 813 sit
1604 778 1691 813 vobis
1706 787 1735 813 et
1750 779 1824 826 ipsis
1843 788 1871 815 et
1889 781 1962 815 uni-

1208 833 1322 880 cuique
1349 841 1484 867 vestrum
1512 841 1542 867 et
1569 845 1690 877 eorum,
1724 833 1753 868 in
1782 835 1962 882 praemissis

1208 886 1356 922 omnibus
1378 896 1407 922 et
1430 899 1540 922 eorum
1557 887 1702 934 singulis,
1719 889 1839 935 coeptis
1854 897 1883 923 et
1899 901 1960 924 non

1209 940 1338 988 coeptis,
1362 941 1579 988 praesentibus
1601 949 1630 975 et
1658 940 1786 981 futuris,
1810 951 1960 990 perpetua

1210 1003 1349 1042 potestas
1364 1003 1393 1029 et
1410 995 1582 1030 iurisdictio
1598 995 1757 1035 attributa,
1777 1004 1860 1031 uteo
1875 997 1963 1044 vigo-

1210 1061 1241 1084 re
1263 1061 1362 1097 eaque
1390 1050 1534 1085 firmitate
1558 1062 1611 1085 vos
1638 1058 1668 1084 et
1685 1050 1741 1098 ipsi
1769 1051 1906 1098 possitis,
1928 1060 1957 1086 et

1209 1103 1339 1150 quilibet
1361 1113 1498 1139 vestrum
1516 1115 1546 1140 et
1569 1117 1677 1139 eorum
1703 1105 1799 1150 possit
1820 1106 1849 1140 in
1873 1118 1964 1153 prae-

1211 1159 1315 1193 missis
1341 1159 1502 1198 omnibus,
1530 1160 1650 1207 coeptis
1678 1168 1708 1194 et
1733 1172 1795 1195 non
1825 1161 1964 1208 coeptis,

1212 1213 1429 1260 praesentibus
1452 1222 1482 1249 et
1505 1214 1629 1257 suun-is,
1657 1224 1686 1249 et
1710 1226 1764 1261 pro
1797 1214 1965 1262 praedictis

1211 1267 1392 1314 procedere,
1420 1280 1455 1303 ac
1477 1269 1502 1303 si
1526 1269 1681 1316 praedicta
1705 1269 1810 1303 omnia
1833 1277 1863 1304 et
1889 1269 1963 1304 siu—

1210 1321 1280 1367 gula
1302 1334 1405 1357 coram
1443 1322 1530 1357 vobis
1558 1335 1613 1357 seu
1643 1324 1719 1371 ipsis
1746 1332 1855 1370 coepta
1879 1322 1965 1357 suis-

1210 1384 1301 1417 seut,
1329 1384 1360 1411 et
1387 1376 1562 1411 iurisdictio
1593 1389 1703 1411 eorum
1739 1385 1769 1411 et
1796 1384 1896 1412 vestra
1928 1389 1963 1412 ac

1211 1430 1379 1465 cuiuslibet
1402 1440 1552 1472 vestrum,
1571 1431 1601 1465 in
1619 1431 1800 1478 praemissis
1818 1431 1967 1466 omnibus

1211 1493 1241 1519 et
1252 1485 1397 1532 singulis,
1409 1498 1463 1532 per
1473 1486 1653 1521 citationem
1665 1485 1709 1520 vel
1720 1485 1848 1521 modum
1858 1486 1966 1531 alium,

1212 1548 1404 1586 perpetuata,
1428 1540 1564 1586 legitime
1586 1540 1748 1575 extitisset.

1260 1594 1280 1641 g
1303 1595 1333 1628 6.
1362 1594 1399 1629 Et
1422 1595 1495 1642 qnia
1521 1595 1728 1630 nibilominus
1744 1594 1872 1631 difficile
1887 1595 1966 1631 foret

1213 1658 1392 1696 praesentes
1423 1649 1527 1685 literas
1561 1650 1742 1685 huiusmodi
1776 1650 1815 1685 ad
1843 1650 1966 1697 singula

1213 1716 1354 1752 quaeque
1371 1703 1450 1746 loca,
1465 1704 1623 1751 inquibus
1640 1705 1677 1739 tle
1700 1705 1746 1740 eis
1758 1704 1861 1740 forsan
1879 1716 1968 1740 men-

1214 1759 1256 1793 tio
1279 1758 1422 1794 facienda
1451 1759 1560 1800 suerat,
1583 1759 1704 1795 deferre
1719 1787 1726 1799 ,
1749 1759 1858 1795 eadem
1882 1772 1967 1807 apo-

1213 1813 1319 1848 stolica
1335 1814 1518 1849 auctoritate
1539 1813 1740 1849 decernimus
1763 1814 1845 1862 quod
1861 1826 1966 1849 earum

1215 1868 1432 1915 transumptis,
1449 1881 1541 1903 manu
1562 1868 1696 1903 alicuius
1720 1869 1830 1903 notarii
1849 1868 1967 1915 publici

1214 1921 1413 1968 subscriptis,
1427 1934 1463 1957 ac
1475 1922 1578 1969 sigillo
1597 1934 1749 1969 personae
1766 1923 1796 1957 in
1818 1922 1968 1969 dignitate

1214 1975 1425 2011 ecclesiastica
1448 1976 1635 2011 constitutae
1658 1976 1802 2021 munitis,
1830 1977 1860 2011 in
1884 1976 1969 2011 iudi-

1215 2029 1262 2064 cio
1284 2037 1314 2064 et
1335 2039 1432 2075 extra,
1451 2042 1486 2065 ac
1510 2030 1639 2065 ubilibet
1663 2030 1753 2078 plena
1770 2030 1848 2065 fides
1875 2030 1970 2065 adlii-

1216 2083 1334 2129 beatur,
1352 2093 1380 2119 et
1400 2086 1444 2119 cis
1464 2093 1545 2120 stent
1568 2085 1597 2119 in
1619 2084 1767 2120 omnibus
1784 2092 1814 2120 et
1830 2096 1885 2132 per
1898 2096 1969 2119 om-

1217 2138 1276 2183 nia,
1298 2139 1427 2185 perinde
1449 2151 1484 2174 ac
1510 2141 1535 2174 si
1561 2140 1645 2187 ipsae
1669 2138 1838 2186 originales
1861 2138 1968 2174 literae

1215 2193 1440 2228 exhiberentur
1467 2202 1497 2228 et
1524 2194 1776 2238 ostenderentur,
1805 2193 1966 2228 constitu-

1217 2247 1300 2282 tione
1322 2248 1490 2295 apostolica
1519 2261 1615 2295 super
1636 2246 1910 2283 conservatoribus
1937 2255 1968 2282 et

1215 2302 1271 2337 alia
1294 2303 1432 2349 qualibet
1456 2303 1484 2337 in
1508 2303 1699 2337 contrarium
1722 2301 1806 2337 edita
1829 2314 1892 2336 non
1915 2301 1968 2337 oli-

1215 2357 1623 2405 stantibus,praesentibus
1657 2357 1818 2404 perpetuis
1854 2356 1968 2392 suturis

1217 2412 1412 2458 temporibus
1440 2412 1586 2447 valituris.

1264 2466 1379 2501 Datum
1404 2466 1523 2501 Romae
1546 2465 1629 2513 apud
1657 2465 1690 2500 S.
1717 2466 1857 2509 Petrum,
1884 2478 1966 2501 anno

1217 2519 1440 2555 incarnationis
1471 2519 1646 2555 dominicae
1668 2532 1760 2565 nov,
1789 2522 1810 2554 8
1833 2519 1891 2555 kal.
1915 2532 1969 2555 no-

1217 2574 1347 2613 vembr..
1367 2574 1568 2621 pontificatus
1592 2575 1685 2609 nostri
1708 2586 1790 2609 anno
1812 2574 1964 2609 secundo.

1263 2636 1322 2666 Dat.
1339 2637 1385 2666 die
1402 2638 1439 2667 25
1454 2637 1581 2667 octobris
1603 2638 1684 2672 1505,
1701 2642 1777 2676 pont.
1796 2646 1871 2667 anno
1888 2645 1915 2666 tt.

1972 236 2019 260 an.
2037 233 2065 261 C.
2085 234 2150 260 ¹505

2005 1614 2064 1635 Fides·
2081 1615 2147 1636 (laudm

1995 1648 2138 1674 transumptis,
