2281 3251
249 276 299 303 An.
316 274 344 303 C.
364 274 432 303 ¹5¹6

495 258 565 293 676

448 323 636 372 parochialis
663 321 793 358 ecclesia
809 320 855 356 vel
879 320 947 356 eius
972 329 1122 369 perpetua
1144 320 1191 354 vi-

447 374 525 409 caria
549 383 599 408 aut
628 372 766 420 cappella
793 372 859 406 sive
883 379 1031 418 perpetua
1062 369 1191 418 cappel-

449 424 529 458 lania
553 423 590 457 ad
615 431 744 457 vestram
765 421 974 461 collationem,
998 421 1190 455 nominatio-

447 485 517 508 nem
541 485 593 507 seu
617 471 895 518 praesentationem
919 478 948 505 et
977 469 1066 505 aliun
1082 482 1192 524 quam-

446 534 582 569 cumque
613 521 848 568 dispositionem
887 519 1042 567 provideri
1076 520 1190 567 possit,

445 584 480 607 ac
506 572 644 606 volentes
667 571 805 618 praefato
837 569 888 613 N.,
912 570 1096 604 meritorum
1113 581 1190 604 suo-

447 634 516 656 rum
537 621 662 664 intuitu,
698 621 827 667 gratiam
861 619 961 654 facere
995 619 1189 667 specialem,

446 672 609 726 ipsumque
642 670 679 705 N.
721 683 735 704 a
773 669 935 717 quibusvis
970 681 1190 704 excommuni-

445 721 587 763 cationis,
599 721 816 767 suspensionis
829 728 858 754 et
874 718 1041 759 interdicti
1056 719 1189 774 aliisque

444 770 852 813 ecclesiasticissententiis,
860 769 1002 804 censuris
1012 769 1163 824 etpoenis‚
1173 781 1189 804 a

445 821 512 855 iure
535 820 580 855 vel
609 819 647 855 ab
670 820 810 864 bomine,
832 819 940 867 quavis
955 820 1121 854 occasione
1142 819 1187 854 vel

443 882 535 905 causa
559 870 638 910 latis,
661 870 686 904 si
702 870 818 917 quibus
841 868 1078 916 quomodolibet
1096 869 1189 904 inno-

443 919 536 954 datus
548 919 708 959 existit,ad
721 919 865 954 ellectum
876 919 1086 966 praesentium
1101 919 1117 952 d
1125 932 1187 953 um-

444 977 524 1004 taxat
547 969 818 1017 consequendum,
835 969 946 1004 barum
974 969 1055 1004 serie
1083 968 1188 1004 absol-

443 1028 549 1055 ventes
575 1028 604 1054 et
631 1019 808 1054 absolutum
832 1019 896 1054 sore
925 1027 1101 1060 censentes;
1128 1031 1187 1054 nec

442 1082 504 1105 non
526 1070 630 1105 omnia
653 1078 682 1105 et
709 1069 832 1116 singula
862 1069 1015 1105 beneficia
1037 1068 1188 1104 ecclesia-

442 1120 529 1162 stiea,
552 1132 623 1155 cum
646 1131 720 1154 cura
747 1127 777 1155 et
803 1119 871 1155 siue
892 1131 976 1160 cura,
992 1131 1072 1166 quae
1095 1131 1188 1166 prae-

442 1169 522 1204 fatus
564 1169 615 1211 N.‚
656 1172 748 1206 etiam
786 1182 823 1204 ex
856 1169 1023 1217 quibusvis
1055 1177 1188 1216 aposto-

442 1218 510 1255 licis
532 1219 831 1267 dispensationibus,
854 1219 974 1254 obtiuet
988 1227 1018 1254 et
1031 1227 1186 1266 expectat,

442 1280 476 1304 ac
500 1270 530 1304 in
553 1269 667 1317 quibus
689 1278 720 1304 et
741 1269 777 1304 ad
801 1282 880 1317 quae
903 1270 951 1305 ius
973 1269 1032 1304 sibi
1056 1281 1188 1316 quomo-

441 1317 558 1354 dolibet
580 1320 740 1367 competit,
768 1331 1002 1367 quaecumque,
1021 1328 1187 1367 quotcum-

441 1381 503 1416 que
525 1377 555 1404 et
569 1370 814 1418 qualiacumque
831 1370 906 1414 sint,
928 1382 1102 1417 eorumque
1118 1369 1187 1404 sru-

441 1427 567 1464 ctuum,
591 1419 773 1455 reddituum
801 1428 832 1454 et
859 1427 1066 1467 proventuum
1096 1432 1186 1455 veros

440 1480 562 1504 annuos
586 1470 720 1515 valores,
748 1482 782 1505 ac
804 1469 988 1506 huiusmodi
1021 1469 1187 1516 dispensa-

441 1518 560 1554 tionum
575 1527 701 1555 tenores
722 1519 943 1568 praesentibus
959 1533 1015 1567 pro
1029 1520 1187 1567 expressis

438 1568 608 1610 habentes,
623 1578 708 1605 motu
727 1570 866 1618 proprio,
883 1583 943 1605 non
964 1570 1001 1605 ad
1033 1569 1184 1617 ipsiusN.

439 1618 487 1654 vel
513 1620 646 1655 alicuius
673 1621 800 1655 alterius
830 1633 886 1676 pro
913 1633 949 1655 eo
977 1619 1067 1655 nobis
1092 1633 1187 1668 super

439 1667 499 1704 hoc
521 1670 639 1705 oblatae
667 1670 827 1717 petitionis
851 1671 1048 1714 instantiam,
1070 1671 1124 1705 sed
1149 1671 1187 1705 de

440 1728 543 1754 nostra
561 1732 645 1755 mera
658 1720 855 1765 liberalitate,
868 1698 1050 1755 discretioni
1067 1729 1187 1755 vestrae

441 1781 496 1816 per
506 1770 676 1815 apostolica
690 1771 807 1818 scripta
821 1770 1006 1805 mandamus
1019 1779 1186 1818 quatenus,

439 1819 463 1853 si
487 1819 573 1854 vobis
600 1833 655 1867 pro
687 1821 746 1856 alio
774 1833 835 1855 nou
864 1821 1104 1868 scripserimus,
1133 1821 1186 1868 qui

440 1869 541 1903 simile
557 1870 659 1905 mand·
654 1879 737 1905 itum
761 1878 814 1905 aut
827 1871 961 1906 similem
972 1879 1102 1917 gratiam
1121 1883 1188 1918 pr-o

440 1928 602 1965 sequatur,
625 1921 843 1955 canonicatum
871 1929 901 1956 et
923 1920 1119 1968 praebendas
1134 1929 1187 1955 aut

441 1968 634 2015 dignitatem,
649 1978 865 2018 personatum,
882 1970 1186 2005 administrationem

441 2019 487 2053 vel
507 2019 643 2055 officium
670 2029 788 2056 vestrae
804 2020 850 2056 vel
871 2020 1001 2056 alterius
1023 2021 1188 2061 ccclesiae,

441 2077 494 2103 aut
515 2069 598 2104 aliud
627 2070 815 2106 beneficium
838 2070 1100 2111 ecclesiasticum,
1117 2083 1187 2105 cum

442 2135 515 2158 cura
542 2125 588 2160 vel
616 2126 683 2161 sine
706 2138 797 2168 cura,
820 2126 913 2161 etiam
943 2126 967 2161 si
1003 2126 1190 2174 parochialis

443 2178 573 2214 ecclesia
589 2180 634 2214 vel
654 2180 720 2215 eius
736 2190 888 2228 perpetua
917 2181 1030 2215 vicaria
1050 2189 1104 2215 aut
1120 2193 1190 2227 cap-

443 2232 524 2279 pella
547 2233 592 2268 vel
619 2243 769 2282 perpetua
799 2234 994 2283 cappellania
1018 2234 1123 2279 suerit,
1151 2234 1189 2269 ad

443 2295 576 2323 vestram
599 2289 817 2335 collationem,
843 2290 1073 2338 provisionem,
1098 2302 1190 2337 prae-

443 2343 663 2385 sentationem,
689 2345 936 2381 nominationem
958 2357 1013 2380 seu
1047 2345 1191 2392 quamvis

443 2395 535 2431 aliam
559 2397 796 2445 dispositionem
811 2399 1084 2447 pct‘titten5‚etianr
1100 2399 1124 2434 si
1143 2399 1192 2433 di-

444 2452 565 2497 gnitati,
581 2455 770 2500 personatui,
783 2454 1045 2490 administrationi
1060 2454 1106 2488 vel
1121 2454 1190 2489 offi-

444 2505 493 2540 cio
512 2506 694 2542 huiusmodi
723 2520 796 2544 cura
821 2510 980 2545 immineat
1002 2509 1192 2548 animarum,

444 2559 617 2596 dummodo
633 2562 702 2597 talis
716 2562 849 2610 dignitas
858 2565 987 2600 electiva
997 2576 1059 2599 non
1069 2563 1192 2607 existat,

445 2625 516 2649 cum
540 2617 696 2652 creatione
725 2617 755 2652 in
783 2619 971 2654 canonicum
995 2627 1114 2654 vestrae
1143 2618 1189 2653 vel

445 2667 572 2704 alterius
593 2670 756 2717 ecclesiae,
784 2672 877 2708 etiam
900 2673 926 2709 si
954 2673 984 2708 in
1014 2685 1050 2709 ea
1077 2680 1192 2710 statuto

1023 266 1112 290 Βῐῖῑῐ.
1111 264 1210 288 ΗΠΠΜ
1238 264 1400 288 Romamn!

1234 329 1263 354 et
1287 318 1452 367 privilegio
1472 330 1617 366 expresse
1633 327 1779 355 caveatur
1804 319 1888 368 quod
1903 319 1984 356 nulli

1234 369 1272 404 de
1296 369 1470 415 dignitate,
1499 378 1680 416 personatu,
1710 369 1985 406 administratione

1235 419 1279 453 vel
1292 419 1394 454 ollicio
1411 419 1567 466 provideri
1583 420 1694 467 possit,
1709 420 1767 455 nisi
1780 432 1852 456 cum
1868 419 1982 456 effectu

1235 468 1319 503 illius
1341 468 1493 504 ecclesiae
1515 470 1686 505 canonicus
1707 470 1828 512 existat,
1851 471 1984 505 canoni-

1233 527 1335 553 catum
1360 518 1542 554 huiusmodi
1565 519 1730 561 ecclesiae,
1753 533 1825 555 cum
1843 520 1984 568 plenitu-

1233 568 1306 604 dine
1321 569 1396 603 iuris
1410 569 1602 614 canonici,et
1614 582 1676 605 non
1689 570 1831 605 obstante
1843 570 1883 605 de
1898 578 1984 606 certo

1232 619 1458 654 canonicorum
1482 632 1628 664 numero,
1650 619 1689 654 ad
1709 619 1852 655 effectum
1871 620 1984 655 liuius-

1233 668 1317 703 modi
1335 669 1532 715 dignitatem,
1550 678 1766 717 personatum,
1782 669 1983 705 administra-

1233 719 1350 754 tionem
1375 719 1421 753 vel
1445 718 1581 754 officium
1595 718 1757 755 dumtaxat
1773 719 1981 754 obtinendum

1231 777 1262 803 et
1285 781 1347 804 non
1370 769 1651 813 alias,auct0ritate
1674 770 1858 817 apostolica,
1875 777 1984 805 tenore

1233 818 1448 866 praesentium
1471 819 1675 861 conferimus,
1699 827 1729 854 et
1751 819 1790 854 de
1813 819 1866 854 illo
1889 820 1982 855 etiam

1233 869 1447 916 providemus,
1461 869 1485 904 si
1502 880 1608 917 quem,
1622 881 1715 916 quam
1737 869 1783 904 vel
1798 868 1897 916 quod,
1913 877 1982 917 post

1233 931 1372 954 mensem
1391 927 1557 967 postquam
1575 928 1753 966 praesentes
1774 918 1881 954 literae
1895 919 1982 955 vobis

1233 968 1981 1015 praesentataefuerint,extraRomanamCuriam

1232 1030 1338 1054 vacare
1365 1020 1533 1067 eontigerit
1551 1047 1558 1059 ,
1581 1032 1652 1054 cum
1677 1019 1873 1066 plenitudine
1904 1019 1982 1055 iuris

1230 1069 1386 1115 canonici,
1407 1082 1442 1104 ac
1461 1069 1612 1105 omnibus
1631 1069 1751 1105 iuribus
1774 1077 1803 1105 et
1824 1070 1982 1117 pertiuen-

1231 1119 1282 1154 tiis
1296 1119 1487 1164 suis,eidem
1502 1119 1540 1153 N.
1557 1119 1736 1162 conseratis,
1751 1128 1780 1155 et
1802 1119 1842 1154 de
1861 1120 1914 1155 illo
1928 1128 1983 1155 aut

1231 1169 1278 1204 illa
1309 1169 1510 1217 provideatis,
1535 1181 1591 1205 seu
1615 1170 1718 1217 ipsum
1745 1169 1783 1205 ad
1812 1169 1912 1210 illum,
1937 1169 1982 1204 il—

1230 1219 1290 1254 lam
1317 1219 1363 1254 vel
1396 1219 1472 1254 illud
1504 1219 1709 1267 praesentetis
1742 1228 1795 1255 aut
1829 1219 1982 1255 nomine—

1230 1269 1292 1310 tis,
1326 1269 1496 1317 ipsumque
1534 1269 1572 1304 N.
1604 1270 1635 1304 in
1665 1270 1853 1305 canonicum
1886 1278 1916 1305 et
1949 1269 1980 1304 in

1230 1318 1355 1354 fratrem
1384 1328 1504 1355 vestrae
1534 1319 1580 1354 vel
1596 1319 1723 1354 alterius
1751 1319 1915 1362 ecclesiae,
1943 1319 1981 1354 ad

1229 1369 1375 1404 effectum
1390 1377 1509 1404 tantum
1524 1368 1687 1405 obtinendi
1701 1369 1896 1416 dignitatem,
1908 1381 1982 1417 per-

1229 1428 1398 1463 sonatum,
1425 1419 1729 1454 administrationem
1759 1419 1805 1454 vel
1840 1418 1977 1454 officium

1229 1469 1410 1504 huiusmodi
1415 1469 1603 1517 ,recipiatis;
1615 1469 1739 1505 stallum
1752 1469 1809 1504 sibi
1827 1469 1856 1504 in
1870 1469 1980 1509 choro,

1229 1527 1260 1554 et
1291 1519 1397 1554 locum
1427 1520 1457 1554 in
1485 1519 1644 1566 capitulo,
1679 1532 1751 1555 cum
1781 1519 1978 1567 plenitudine

1230 1569 1474 1611 iuriscanonici,
1488 1570 1664 1617 assignetis,
1689 1569 1877 1605 inducentes
1892 1581 1983 1605 eum-

1230 1619 1301 1654 dem
1325 1619 1362 1654 N.
1393 1619 1440 1654 vel
1465 1628 1696 1666 procuratorem
1719 1632 1812 1655 suum
1841 1620 1982 1655 eiusno-

1232 1670 1315 1705 miue
1365 1670 1393 1704 in
1433 1670 1627 1717 corporalem
1660 1671 1890 1717 possessionem
1922 1682 1981 1705 ea—

1230 1720 1394 1755 nonicatus
1412 1728 1442 1754 et
1459 1720 1709 1767 praebendarum
1733 1729 1785 1755 aut
1806 1719 1981 1765 dignitatis,

1232 1778 1437 1817 personatus,
1453 1770 1734 1805 administrationis
1748 1769 1794 1804 vel
1808 1770 1900 1805 officii
1923 1782 1979 1805 seu

1232 1820 1375 1855 beneficii
1410 1820 1593 1855 huiusmodi
1634 1820 1815 1867 iuriumque
1845 1829 1877 1855 et
1910 1831 1982 1867 per-

1233 1870 1400 1905 tinentium
1424 1871 1641 1905 universorum
1657 1870 1903 1917 praedictorum,
1925 1869 1984 1904 de-

1231 1920 1462 1968 fendentesque
1493 1920 1681 1965 inductum,
1709 1932 1745 1955 ac
1769 1919 1919 1955 facientes
1943 1918 1981 1954 N.

1232 1970 1278 2005 vel
1303 1983 1357 2017 pro
1385 1983 1422 2006 eo
1450 1978 1685 2017 procuratorem
1717 1969 1912 2017 praedictum
1943 1968 1982 2004 ad

1232 2020 1428 2068 praebendas
1455 2028 1509 2055 aut
1531 2020 1714 2067 dignitatem
1730 2047 1738 2061 ,
1767 2027 1982 2067 personatum,

1233 2070 1537 2105 administrationem
1563 2070 1608 2106 vel
1645 2070 1781 2105 officium
1805 2082 1861 2104 seu
1884 2069 1984 2104 bene-

1235 2125 1340 2160 ficium
1364 2125 1561 2170 huiusmodi,
1584 2125 1807 2174 quodcumque
1828 2125 1932 2166 suerit,
1950 2132 1984 2160 ut

1234 2180 1330 2215 moris
1352 2188 1410 2222 est,
1438 2180 1582 2226 admitti,
1605 2180 1728 2227 sibique
1750 2180 1788 2215 de
1824 2180 1909 2215 illius
1936 2178 1984 2215 vel

1234 2247 1342 2270 eorum
1367 2235 1531 2281 fructibus,
1553 2235 1738 2275 redditibus,
1768 2233 1984 2282 proventibus,

1235 2290 1354 2325 iuribus
1375 2298 1405 2325 et
1421 2289 1664 2326 obventionibus
1687 2289 1840 2324 universis
1863 2288 1983 2336 integre

1234 2344 1429 2393 responderi.
1452 2344 1521 2380 Non
1549 2344 1691 2380 obstante
1719 2343 1758 2379 de
1781 2351 1866 2378 certo
1893 2355 1985 2378 cano·

1235 2400 1376 2435 nieorum
1389 2411 1533 2440 numero,
1546 2407 1580 2434 ut
1594 2398 1817 2447 praefertur,et
1831 2398 1899 2433 aliis
1913 2409 1984 2433 eon-

1234 2455 1450 2490 stitutionibus
1472 2462 1503 2490 et
1518 2453 1771 2489 ordinationibus
1790 2452 1983 2500 apostolicis,

1234 2522 1269 2544 ac
1286 2510 1386 2546 dictae
1408 2519 1526 2546 vestrae
1543 2509 1589 2545 vel
1608 2509 1736 2544 alterius
1750 2509 1916 2551 ecclesiae,
1933 2508 1986 2544 iu=

1235 2574 1388 2610 ramento,
1401 2564 1640 2600 confirmatione
1654 2562 1824 2612 apostolica
1847 2562 1893 2598 vel
1909 2574 1984 2611 qua·

1236 2619 1281 2653 vis
1293 2618 1438 2654 firmitate
1452 2619 1511 2654 alia
1529 2618 1696 2659 roboratis,
1719 2617 1842 2653 statutis
1862 2625 1891 2652 et
1905 2629 1983 2652 con-

1235 2672 1456 2709 suetudinibus
1467 2673 1631 2710 contrariis
1645 2670 1984 2721 quibuscumque.Aut

2000 263 2054 292 An.
2072 263 2102 292 C.
2117 264 2186 293 ¹⁸¹⁶
