2281 3251
57 337 104 364 Αιι.
122 335 151 364 C.
171 336 236 363 1519

88 991 211 1013 Publieatio.

108 2270 202 2294 nubium.

925 331 986 353 LEO
1007 331 1029 352 X
1052 330 1099 351 ΙΨ.

251 390 390 434 divisim,
412 390 450 425 ab
474 389 652 436 Apostolica
676 388 713 421 sit
742 387 826 422 Sede
843 387 1000 421 indultum

251 440 335 487 quod
354 438 512 477 interdici,
534 438 686 485 suspendi
711 437 756 471 rel
780 436 1002 471 excommuni-

252 490 315 523 cari
330 501 392 523 non
412 488 530 535 possint
548 500 601 534 per
616 487 723 521 literas
737 487 924 533 apostolicas
940 498 1001 519 non

254 538 402 573 facientes
419 538 541 583 plenam
557 545 586 570 et
600 548 778 583 expressam
795 547 830 570 ae
855 535 894 569 de
908 534 1002 568 verbo

252 587 291 622 ad
311 587 437 622 verbum
458 586 496 621 de
519 586 641 620 indulto
665 584 844 619 huiusmodi
869 585 1003 618 mentio-

253 649 336 671 nem.

301 685 386 720 Nulli
409 697 483 730 ergo
506 693 558 719 etc.

303 735 418 770 Datum
443 734 563 768 Romae
586 734 668 780 apud
694 734 727 769 S.
753 733 898 776 Petrum,
922 743 1003 765 anno

254 784 482 819 incarnationis
503 784 682 818 dominicae
712 782 879 817 millesimo
908 781 1004 827 quiu-

253 834 430 880 gentesimo
456 833 676 872 decimonono,
707 832 829 867 decimo
856 830 1005 865 kalendas

253 883 389 929 augusti,
420 883 619 928 pontificatus
646 882 743 917 nostri
768 893 849 915 anno
872 892 929 914 vii⁴

302 932 396 967 Anno
418 930 934 975 Dominiiinx1x,indi‹=iionevn,
956 929 1005 963 die

254 994 327 1016 vero
350 994 410 1016 xix
426 984 545 1015 mensis
567 981 704 1026 angusti⁷
721 979 921 1027 pontificatus
937 990 1004 1011 san-

255 1031 385 1066 ctissimi
408 1031 437 1064 in
451 1030 578 1064 Christo
595 1032 689 1076 patris
706 1040 736 1064 et
756 1029 794 1063 D.
815 1028 851 1062 N.
868 1028 904 1062 D.
923 1027 1005 1061 Leo-

255 1082 315 1124 nis,
338 1081 441 1115 diviua
466 1080 660 1126 providentia
680 1079 782 1123 Papae
798 1078 837 1117 X.
851 1089 934 1112 anno
947 1089 1004 1117 vu,

255 1130 331 1165 istae
353 1130 462 1164 literae
485 1129 674 1175 apostolicae
702 1128 812 1162 affixae
839 1137 868 1160 et
901 1126 1006 1172 publi-

255 1188 341 1214 catae
364 1179 489 1213 suerunt
512 1180 541 1212 in
567 1178 713 1212 basilicae
741 1175 899 1222 Principis
913 1175 1006 1220 Apo—

255 1229 405 1263 stolorum
436 1228 530 1262 valvis
553 1240 606 1261 seu
633 1227 730 1273 portis
754 1238 808 1272 per
836 1236 885 1258 me.
911 1223 1006 1258 Fran-

256 1280 373 1312 ciscum
402 1289 574 1315 cursorem,
599 1288 721 1310 necnon
746 1276 775 1308 in
800 1274 866 1308 aeie
891 1272 1004 1319 Campi

255 1326 378 1366 Florae,
408 1334 438 1359 ut
462 1326 558 1360 moris
581 1333 640 1369 est,
669 1337 724 1371 per
752 1336 802 1358 me
832 1323 1005 1357 Heni-icum

255 1375 455 1414 Bousmardi,
478 1375 668 1408 sanctissimi
684 1374 723 1408 Ι).
747 1373 785 1407 N.
808 1372 914 1419 Papae
935 1384 1007 1406 cur-

255 1436 376 1467 sorem,
401 1436 456 1470 pro
478 1423 519 1457 M.
539 1423 658 1464 Quarto
673 1422 853 1463 dem-bino,
866 1434 1005 1456 cursore.

304 1476 365 1507 Dat.
384 1477 430 1507 die
447 1476 485 1506 23
507 1477 571 1506 iulii
591 1477 676 1512 1519,
696 1476 799 1515 pontis.
816 1484 892 1504 anno
911 1483 960 1504 vu.

529 1596 664 1632 xxxvl
687 1600 741 1640 (ι).

261 1671 353 1713 Quod
378 1671 519 1704 canonici
536 1671 691 1714 reyulares
713 1670 749 1704 S.
778 1669 959 1712 Auyttstini,
978 1669 1011 1701 in

307 1721 460 1765 episcopos
481 1720 629 1765 promoti,
657 1726 785 1752 utantur
811 1718 929 1756 habitu,
952 1729 1011 1762 quo

308 1770 612 1803 utunturalt'iclert'ci
625 1770 793 1802 saeculares
814 1768 846 1800 in
860 1769 1012 1812 episcopos

307 1820 403 1853 creati
423 1820 478 1862 (⁶2).

529 1880 745 1910 SUMMAtuUM

260 1945 286 1974 1.
304 1943 532 1974 Dubium—⁶2.
555 1942 732 1972 Commissio
755 1943 953 1972 discussionis
972 1943 1014 1972 tli-

300 1989 337 2018 cti
354 1988 446 2018 dubii.
465 2004 504 2009 —
525 1988 552 2017 3.
575 1987 737 2017 Declaratio
761 1987 894 2016 eiusdem
919 1987 1013 2017 dubii.

298 2049 337 2055 --
356 2033 385 2062 4.
404 2032 559 2062 Clausulae
579 2032 793 2070 derogatoriae.

259 2100 308 2129 Leo
327 2100 397 2135 Papa
413 2099 435 2128 X
451 2098 599 2128 venerabili
617 2098 705 2127 fratri
718 2098 876 2130 zachariae,
891 2098 1016 2134 episcopo

306 2150 472 2183 sebastiensi.
493 2149 619 2185 praelato
639 2149 734 2177 nostro
751 2148 911 2176 domestico.

310 2214 330 2261 S
345 2217 376 2248 1.
399 2212 528 2248 Dudum
541 2224 612 2246 eum
627 2212 663 2246 ad
680 2211 758 2246 eccl.
778 2210 1016 2252 Sebastensem,

262 2276 278 2298 a
291 2263 392 2303 nobis,
404 2263 443 2297 de
460 2261 627 2297 venerabil.
645 2261 772 2295 fratrum
788 2268 966 2294 nostrorum
983 2260 1015 2296 S.

263 2313 302 2348 R.
316 2313 354 2348 E.
369 2312 575 2348 cardinalium
594 2311 737 2351 consilio,
753 2319 917 2357 promotus
933 2323 1017 2345 esses

266 2364 295 2398 in
320 2371 496 2411 pastorem,
519 2361 696 2396 dubitatum
721 2360 778 2394 fuit
801 2372 816 2393 a
840 2360 1017 2405 nonnullis,

300 2434 339 2469 (t)
356 2435 425 2460 Haec
442 2433 597 2460 constitutio
615 2439 755 2457 numerum
786 2437 884 2457 xxxvii
906 2431 929 2456 in
947 2431 1017 2457 Edit.

265 2474 342 2501 Rom.
356 2474 433 2500 habet
451 2478 488 2507 tn.
500 2475 549 2506 τ.).
590 2474 627 2506 ti)
645 2471 838 2497 Canonieorum
859 2470 1019 2504 regularium

268 2515 335 2540 (luae
366 2517 455 2540 extant
493 2516 730 2546 congregttiones,
757 2519 808 2537 una
838 2504 1042 2543 Laterauensisl

266 2558 428 2588 nuncupata,
445 2553 478 2579 de
488 2553 577 2587 quain
588 2552 776 2578 constitutione
787 2559 859 2577 xxix
880 2551 973 2578 l‘aseti.
986 2552 1018 2583 ll,

266 2595 383 2628 Quanto,
402 2597 455 2620 tom
488 2602 517 2624 ιι,
540 2601 599 2628 [ιαμ.
620 2594 682 2624 ⁹211oe
703 2593 785 2618 altera
805 2596 893 2618 autem
916 2600 1021 2617 nuncu-

266 2637 326 2669 pata
343 2634 370 2662 S.
389 2633 545 2664 Salvatoris,
569 2633 602 2659 (le
622 2641 673 2667 qua
691 2632 779 2657 itidem
807 2632 896 2658 notavi
914 2632 939 2658 in
956 2632 1021 2658 Gre-

267 2673 333 2708 gorii
353 2673 406 2700 Xtt
422 2673 611 2700 constitutione
631 2680 671 2705 ιιι,
692 2673 807 2703 Excitai,
827 2674 890 2698 tom.
910 2679 947 2703 tv,
959 2680 1019 2706 pag.

268 2714 329 2742 651.

349 2757 422 2789 Bult.
438 2756 515 2787 Rom.
536 2756 591 2786 Vol.
614 2756 641 2786 V.
843 2754 880 2784 92

1674 314 1742 346 729

1044 397 1081 419 an
1120 392 1150 417 tu
1190 383 1241 430 qui
1266 382 1417 417 Ordinem
1446 379 1670 415 canonicorum
1699 391 1794 425 regu-

1045 434 1154 467 larium
1182 434 1216 468 S.
1249 432 1417 478 Augustini
1457 442 1604 475 expresse
1635 428 1795 476 professus

1044 496 1130 525 eras,
1154 483 1183 516 in
1209 482 1315 516 babitu
1345 489 1373 515 et
1401 479 1559 514 coloribus
1584 478 1793 525 praelatorum

1043 533 1264 573 saecularium,
1277 531 1316 564 de
1333 531 1399 564 iure
1413 529 1458 562 rel
1475 527 1704 563 cousuetudine
1722 539 1795 573 per-

1045 582 1161 624 missis,
1182 581 1327 614 int-edere
1351 590 1476 625 posseS‚
1501 586 1592 624 prout
1615 576 1792 611 inceslebast

1045 639 1074 665 et
1093 643 1163 665 cum
1178 630 1320 677 quaestio
1343 627 1524 662 liuiusmodi
1542 627 1578 661 ad
1603 639 1659 661 nos
1678 626 1796 673 perlata

1045 680 1167 722 fuisset,

1093 730 1113 775 g
1137 731 1170 763 2.
1194 728 1271 771 Nos,
1285 739 1410 762 causam
1426 726 1524 773 ipsam
1542 732 1662 759 mature
1681 724 1795 759 termi-

1046 791 1120 813 nare
1144 777 1372 820 desiderantes7
1391 775 1560 810 venerabili
1585 773 1668 808 fratri
1690 783 1796 809 nostro

1045 827 1175 861 Nieolao
1213 828 1363 874 episcopo
1390 824 1578 867 Albaneusi7
1606 832 1681 858 tunc
1716 824 1795 857 tituli

1045 876 1079 911 S.
1108 877 1232 911 Priscae
1256 875 1436 923 presbytero
1461 873 1610 908 cardinali
1631 873 1668 907 de
1690 872 1797 908 Flisco

1048 934 1240 972 nuncupato⁷
1264 926 1348 959 vivae
1378 924 1461 958 vocis
1489 922 1616 957 oraculo
1639 923 1798 957 commisi-

1047 988 1128 1013 mus,
1147 984 1178 1008 ut
1192 986 1287 1021 super
1309 974 1356 1007 liis
1381 985 1414 1007 se
1435 973 1601 1018 diligenter
1615 972 1797 1007 informaret

1047 1032 1075 1057 et
1093 1025 1220 1058 demum
1241 1023 1330 1057 nobis
1345 1023 1482 1056 referret.
1497 1022 1578 1056 Cum
1593 1030 1697 1055 autem
1716 1033 1798 1067 prae-

1049 1073 1128 1108 fatus
1154 1073 1301 1107 Nicolaitis
1328 1073 1498 1118 episcopus
1527 1071 1618 1104 nobis
1648 1071 1798 1114 retulerit,

1048 1123 1085 1157 tle
1107 1123 1234 1168 antiqua
1256 1121 1488 1155 consuetudine
1505 1120 1534 1153 in
1553 1119 1697 1166 pluribus
1711 1120 1800 1163 loeis,

1048 1173 1140 1205 etiam
1165 1172 1194 1204 in
1218 1171 1360 1205 Romana
1384 1170 1477 1204 Curia
1503 1169 1553 1203 ubi
1582 1168 1726 1203 Pontifex
1749 1181 1800 1203 re-

1048 1222 1141 1260 sidet,
1171 1228 1332 1265 receptum
1363 1219 1458 1253 fuisse
1483 1227 1514 1252 ut
1537 1218 1679 1252 canonici
1706 1230 1801 1264 regu-

1049 1271 1129 1305 lares
1146 1269 1327 1303 huiusmodi
1343 1269 1372 1301 in
1388 1269 1554 1314 episcopos
1578 1267 1723 1313 promoti,
1740 1276 1800 1301 tam

1051 1321 1080 1354 in
1121 1318 1264 1364 cappella
1293 1326 1397 1351 nostra
1426 1329 1518 1364 quam
1548 1325 1646 1355 extra,
1675 1323 1803 1349 utantur

1050 1368 1209 1403 habitibus
1232 1375 1261 1401 et
1277 1367 1448 1409 coloribus,
1470 1365 1586 1412 quibus
1603 1373 1735 1399 utuntur
1750 1365 1801 1399 alii

1050 1419 1154 1453 elerici
1179 1417 1357 1451 saeculares
1381 1417 1409 1449 in
1433 1416 1599 1462 episcopos
1625 1415 1770 1460 promoti.

1099 1472 1113 1511 g
1131 1470 1162 1501 5.
1177 1466 1242 1500 Nos
1263 1474 1436 1512 praeterea,
1450 1465 1531 1499 iuxta
1549 1465 1729 1498 relationem
1747 1476 1803 1498 no-

1053 1518 1099 1551 bis
1121 1517 1246 1555 saetam,
1271 1523 1301 1548 ut
1327 1515 1510 1561 praefertur,
1533 1513 1716 1548 fraternitati
1733 1523 1803 1548 tuae

1054 1567 1139 1601 virae
1162 1566 1247 1599 vocis
1271 1564 1398 1599 oraculo
1426 1563 1641 1598 concessimus
1665 1571 1697 1597 ut
1712 1562 1805 1598 habi-

1054 1624 1102 1650 tus
1125 1624 1155 1650 et
1179 1614 1311 1654 colores,
1328 1626 1408 1660 quos
1421 1613 1493 1647 dicti
1507 1613 1611 1647 elerici
1627 1613 1805 1647 saeculares

1053 1667 1083 1700 iu
1107 1665 1275 1712 episcopos
1292 1663 1439 1709 promoti,
1455 1672 1515 1696 tam
1534 1663 1564 1696 in
1587 1661 1728 1709 cappella
1746 1674 1805 1696 no-

1053 1724 1126 1759 stra,
1149 1726 1244 1761 quam
1268 1722 1353 1747 extra
1381 1720 1515 1758 gestant,
1537 1719 1659 1758 gestare
1683 1723 1805 1758 posses,

1054 1773 1083 1799 et
1101 1765 1139 1798 ita
1160 1764 1252 1798 etiam
1281 1770 1389 1796 tenore
1418 1761 1643 1808 praesentium,
1666 1761 1806 1795 auctori-

1055 1822 1115 1848 tate
1138 1812 1306 1858 apostolica
1329 1812 1367 1846 de
1394 1822 1475 1845 novo
1497 1810 1710 1846 concedimus.

1104 1864 1123 1910 g
1155 1865 1188 1896 4.
1224 1861 1256 1895 ln
1292 1861 1484 1895 contrarium
1516 1873 1579 1895 nou
1606 1859 1806 1895 obstantibus

1055 1913 1326 1960 quibusfflimque.

1104 1961 1220 1996 Datum
1244 1960 1364 1994 Romae.
1387 1959 1471 2006 apud
1500 1959 1535 1994 S.
1564 1959 1692 1994 Petrum
1710 1986 1719 2003 ,
1748 1958 1807 1993 sub

1057 2011 1176 2046 annulo
1203 2010 1385 2049 piscatoris,
1408 2009 1459 2043 die
1483 2009 1582 2056 prima
1605 2008 1808 2055 septembris,

1058 2059 1490 2106 millesimoquingentesimo
1498 2058 1721 2097 decimonono,
1734 2070 1810 2105 pon-

1059 2110 1193 2145 tificatus
1221 2109 1317 2143 nostri
1340 2120 1423 2143 anno
1451 2120 1505 2142 vu.

1077 2163 1141 2193 Dat.
1159 2163 1206 2193 die
1227 2163 1240 2192 1
1261 2161 1436 2201 septembris
1455 2161 1539 2198 1510,
1556 2165 1632 2200 pont.
1650 2169 1725 2190 anno
1741 2169 1788 2190 vu.

1318 2281 1468 2317 XXXVII
1494 2283 1550 2324 (1).

1062 2356 1237 2389 liii-isdiciio
1268 2362 1293 2387 et
1328 2356 1393 2387 αΙίιι
1424 2354 1586 2398 prii-ileqi'a
1625 2353 1756 2386 consulis
1785 2359 1811 2385 el

1109 2406 1355 2438 c‹›ns1l1'c1r1'm·1tm
1377 2404 1582 2436 itm'rersz'sttti‘s
1609 2409 1811 2435 mercatorum

1111 2456 1357 2488 Florentt'iiorum
1388 2455 1417 2485 1'n
1440 2454 1524 2486 αίιιια
1550 2453 1637 2485 Urbe.

1327 2521 1543 2553 smntxutmt

1061 2576 1227 2606 Exordium.
1249 2593 1288 2598 -
1312 2576 1335 2604 1.
1355 2576 1396 2604 Ait
1421 2576 1588 2613 petitionem
1614 2573 1812 2603 univcrsitatis

1102 2622 1296 2647 mercatorum
1316 2615 1562 2648 1⁴'lorentinorum‚
1580 2630 1619 2636 —
1633 2614 1660 2643 Ξ.
1680 2612 1812 2642 Pontifex

1098 2674 1137 2709 (1)
1156 2675 1225 2700 Haec
1242 2673 1292 2700 sub
1308 2680 1421 2700 nurnero
1434 2679 1525 2699 xxxvi
1541 2672 1566 2698 in
1584 2670 1662 2699 Rom.
1680 2670 1749 2697 Edit.
1769 2670 1810 2696 le-

1062 2714 1134 2749 gitur
1151 2713 1189 2749 (ιι.
1207 2713 1259 2747 τ.).

1809 323 1859 350 An.
1877 323 1905 349 C.
1926 323 1991 348 mio

1824 736 1946 757 commissio
1957 736 1998 756 din-

1811 769 1916 789 cussionis
1945 767 1997 788 dicit

1811 799 1875 819 dubii.

1818 1475 1937 1496 nectiriuo
1948 1475 2004 1496 eius-

1818 1506 1864 1528 dem
1885 1506 1948 1527 dubii.

1834 1868 1944 1889 clausulae
1967 1868 2007 1888 tle-

1819 1900 1949 1926 rogatorias.
