2281 3251
94 293 142 321 Au.
164 292 193 319 c.
210 291 277 318 1516
974 286 1035 310 uzo
1057 287 1078 309 x
1101 286 1149 309 pe.

1705 271 1773 305 649
1840 283 1889 310 An.
1909 283 1936 309 c.
1956 283 2023 310 uste

1080 341 1261 388 reprimere,
1281 350 1369 373 sacro
1392 337 1584 385 approbante
1607 336 1752 381 concilio,
1774 336 1824 371 fel.
1854 349 2022 370 innomioeou-

1080 408 1141 430 rec.
1172 394 1301 429 Honora
1325 393 1366 428 ni
1383 402 1413 428 et
1430 392 1580 428 Bonisana
1598 391 1681 432 vni,
1705 391 1826 426 Roma-
1842 379 2025 437 2:³¹1,„¹¹„⁰J‚⁰‘,21¹,¹.¹‚

290 344 413 380 lumnas
433 354 480 384 ea,
507 354 568 389 qna
596 342 754 386 convenit,
781 342 952 376 reverentia
980 341 1036 376 ob-

291 410 411 434 servare
441 405 660 437 contemnunt,
688 404 716 432 et
747 397 775 431 in
803 408 911 432 eorum
937 408 986 431 res
1007 404 1036 431 et

112 1220 178 1241 Causa
201 1220 282 1240 eonsti-

100 1252 194 1273 tutionis.

291 453 371 488 bona
394 464 505 487 manus
528 452 691 495 violentas,
707 464 783 486 ausu
798 451 964 499 sacrilego,
987 451 1038 484 in—

292 507 384 542 iicere
406 518 468 541 non
497 514 654 550 verentur,
676 506 841 541 effraenata
864 505 962 540 libido
982 517 1037 539 nos

291 560 438 596 admonet
460 570 490 595 et
513 561 635 595 inducit
658 568 701 601 ut,
729 560 767 595 ad
797 572 905 595 eorum
941 559 1038 594 auda-

291 615 386 659 ciam,
416 624 582 663 antequam
613 614 734 661 longius
762 621 923 661 prorepat,
951 625 1039 648 com-

292 668 510 717 primendam,
532 681 579 710 ea,
602 681 681 716 quae
703 681 718 703 a
742 667 1040 716 praedecessoribus

293 723 408 759 nostris
424 723 452 758 in
476 723 631 758 dictorum
648 723 855 758 cardinalium
878 721 1040 768 diguitatis

292 777 560 813 conservationem
594 777 719 824 provida
748 784 821 811 suut
852 775 1041 811 considera-

293 832 377 868 tione
399 839 525 875 statuta,
550 843 604 878 pro
630 831 753 866 illorum
773 830 969 866 observantia
987 829 1043 863 lir-

294 886 396 927 miori,
419 894 542 921 nostrae
562 886 771 920 innovationis
794 885 968 919 munimine
991 895 1042 917 ro-

294 941 453 982 boi-emus,
466 940 675 975 extendamus
688 948 717 974 et
733 940 932 987 ampliemus,
951 946 1043 985 prout

294 1005 472 1041 temporum
495 996 629 1043 qualitas
651 995 758 1041 exigit,
773 1003 803 1029 et
818 1002 878 1027 tam
892 992 1041 1026 eminenti

294 1050 324 1084 in
350 1050 489 1085 Ecclesia
517 1049 575 1084 Dei
604 1049 746 1096 dignitati
777 1048 989 1095 conspicimus
1012 1047 1041 1080 in

294 1104 431 1140 Domino
459 1104 624 1138 salubriter
646 1103 806 1150 expedire.

345 1163 360 1203 ἕ
389 1163 418 1193 1.
442 1158 537 1198 Sane,
559 1158 597 1192 ab
620 1157 778 1205 aliquibus
801 1156 877 1190 citra
894 1154 1045 1200 tempori-

297 1212 368 1253 bus,
388 1212 576 1247 damnabilis
599 1212 727 1258 quidam
751 1211 780 1244 in
809 1209 895 1244 Urbe
920 1208 1045 1242 inolevit

297 1266 414 1302 abusus
433 1274 463 1300 et
484 1265 605 1299 licentia
623 1263 846 1311 delinquendi,
866 1275 940 1310 qno,
956 1262 1045 1305 dum,

298 1320 479 1368 Apostolica
494 1319 577 1354 Sede
601 1328 740 1358 vacante,
756 1330 810 1364 per
833 1317 916 1351 card.
933 1317 960 1350 iu
976 1328 1046 1351 con-

297 1375 375 1410 clavi
403 1375 573 1409 existentes
600 1373 639 1408 de
662 1373 757 1407 futuri
775 1372 910 1407 Romani
937 1370 1044 1405 Ponti-

298 1429 366 1464 ficis
392 1429 546 1463 electione
568 1436 729 1471 tractatur,
751 1428 775 1460 si
801 1439 860 1473 qua
881 1425 918 1459 de
933 1438 995 1459 uno
1010 1438 1046 1460 ex

298 1483 418 1520 eisdem
431 1482 654 1526 cardinalibus,
667 1481 750 1529 quod
761 1482 790 1515 in
807 1479 992 1515 Pontificem
1009 1480 1048 1513 sit

299 1539 431 1579 electus,
446 1550 503 1573 vox
526 1537 666 1585 prodeat,
682 1537 773 1570 etiam
791 1547 851 1569 non
869 1547 949 1578 vera,
965 1534 1048 1567 illius

300 1594 428 1629 domum
452 1594 564 1639 vulgus
586 1591 681 1626 armis
701 1590 931 1636 aggre‹litur,et
953 1601 1049 1635 super

300 1660 335 1683 ea
362 1647 551 1693 diripienda,
568 1658 639 1680 cum
667 1645 767 1691 ipsius
789 1643 873 1678 card.
903 1644 1050 1678 conclave

301 1703 441 1737 nondum
470 1701 586 1747 egressi
615 1698 819 1734 familiaribus
842 1710 909 1732 eain
939 1706 1050 1732 custo-

301 1756 473 1795 dientibus,
488 1756 514 1789 vi
531 1755 710 1795 contendit3
733 1762 762 1788 et
784 1753 823 1796 si,
844 1753 936 1787 etiam
961 1752 1052 1786 ell'ra-

301 1811 360 1846 ctis
387 1810 507 1845 foribus
540 1817 593 1843 aut
629 1809 746 1856 pariete
780 1807 913 1846 effosso,
948 1807 1052 1841 aditus

303 1869 418 1909 pateat,
447 1861 477 1894 in
507 1859 653 1907 praedam
688 1858 830 1893 omnium
870 1857 1053 1900 bonorum,

302 1927 383 1964 quae
419 1914 460 1949 ibi
496 1921 620 1953 extant,
649 1913 805 1947 hostiliter
834 1911 970 1955 corruit,
995 1911 1052 1946 nisi

304 1977 492 2006 armatorum
518 1968 672 2015 praesidio
695 1966 897 2006 defendatur,
922 1966 1056 2000 nounnl-

302 2025 388 2072 lique
409 2022 601 2071 quandoque
621 2023 823 2067 reperiuntur
842 2021 880 2054 ita
898 2020 1054 2054 temerarii

304 2087 335 2115 et
368 2078 517 2121 audaces,
555 2086 600 2119 nt,
623 2077 690 2110 aliis
724 2076 816 2110 etiam
848 2074 1054 2121 temporibus,

304 2141 470 2182 praetextu
487 2133 635 2174 rixarum,
654 2130 765 2165 domos
779 2129 985 2164 cardinalium
1005 2129 1057 2162 lio-

305 2188 417 2224 stiliter
438 2195 551 2222 etcum
568 2186 663 2220 armis
676 2183 803 2230 aggredi
821 2195 883 2217 non
898 2191 1056 2227 verentur,

306 2243 337 2277 in
360 2242 468 2289 eisque
491 2248 649 2275 morantes
677 2237 857 2276 offendere.
881 2237 1057 2278 vulnerare,

307 2309 344 2332 ex
367 2296 483 2344 quibus
509 2294 719 2330 cardinalatus
739 2291 862 2331 honori,
877 2291 993 2339 quibus
1008 2303 1055 2325 sa-

308 2361 470 2388 crosancta
491 2350 627 2384 militans
646 2348 788 2382 Ecclesia
809 2354 967 2392 tamquam
984 2358 1058 2391 pnr-

309 2418 408 2454 pureo
430 2413 493 2439 tota
521 2404 687 2438 decoratur
713 2402 844 2445 amictu,
867 2412 928 2434 uon
948 2413 1057 2447 parum

310 2459 505 2499 detrahitur,
528 2467 557 2493 et
579 2470 688 2493 eorum
721 2464 888 2503 generatur
915 2463 1060 2489 contem-

313 2523 397 2563 ptus,
419 2522 450 2549 et
476 2512 721 2547 homicidiorum
749 2519 780 2546 et
805 2510 939 2544 aliorum
967 2521 1060 2544 scan-

314 2568 454 2604 dalorum
478 2568 600 2602 occasio
622 2566 799 2601 exhibetur.

362 2623 382 2670 g
402 2627 435 2657 2.
469 2622 534 2657 Nos
556 2622 658 2668 igitur,
675 2618 856 2655 huiusmodi
879 2618 1062 2653 temerarios

315 2685 444 2712 conatus
479 2676 580 2710 debita
616 2675 755 2710 volentes
788 2672 1061 2709 animadversione

393 2734 467 2764 Ball.
487 2733 562 2764 Rom.
582 2733 636 2763 Vol.
659 2732 686 2762 V.
907 2729 944 2761 82

1081 462 1191 485 norum
1224 448 1413 484 Pontificum
1459 446 1735 493 praedecessorum
1772 457 1829 479 no-

1080 512 1229 543 strorum,
1252 511 1358 537 contra
1382 501 1518 548 aliquem
1546 500 1648 535 dietae
1669 499 1830 534 Ecclesiae

1081 557 1165 592 card.
1189 557 1344 591 hostiliter
1367 555 1580 602 insequentes,
1602 562 1633 589 et
1655 554 1716 589 illis
1740 566 1831 601 prae-

1081 612 1204 655 sentia,
1240 610 1372 645 consilio
1401 617 1453 643 aut
1489 608 1593 642 favore
1621 608 1806 643 assistentes
1825 636 1832 648 ‚

1082 677 1174 700 eosve
1201 665 1335 700 scienter
1359 671 1556 710 receptantes
1578 670 1631 697 aut
1658 661 1834 697 defenden-

1083 728 1140 763 tes,
1162 727 1192 754 et
1215 731 1324 753 eornm
1348 717 1460 752 douios
1481 725 1511 751 et
1537 716 1643 757 aedes,
1667 725 1699 750 ut
1726 728 1832 763 supra,

1085 773 1267 808 invadentes
1304 780 1333 806 et
1356 784 1465 806 eorum
1496 779 1638 818 posteros
1670 778 1701 806 et
1728 770 1834 815 bona,

1084 828 1182 862 editas
1209 827 1470 866 constitutiones,
1492 825 1676 860 anctoritate
1703 833 1834 872 aposto-

1085 883 1154 921 lica,
1178 890 1285 916 tenore
1310 881 1533 928 praesentium,
1550 880 1746 913 innovamus.
1768 878 1834 913 De-

1085 945 1250 971 cernentes
1277 948 1329 970 eas
1371 935 1491 982 ubique
1523 934 1638 968 debere
1673 933 1835 980 perpetuis

1085 992 1199 1027 futuris
1235 989 1432 1037 temporibus
1469 988 1690 1024 inviolabiliter
1716 988 1832 1023 obser-

1087 1046 1162 1080 vari.

1135 1100 1154 1147 g
1173 1102 1204 1134 5.
1233 1098 1271 1133 Et
1289 1097 1493 1132 nihilominus
1509 1097 1751 1132 constitutiones
1766 1108 1837 1131 eas-

1087 1154 1171 1194 dem,
1186 1165 1256 1188 cum
1280 1152 1428 1187 omnibus
1451 1162 1481 1187 et
1503 1153 1637 1197 singulis
1657 1151 1747 1185 ineis
1764 1163 1837 1185 con·

1089 1209 1183 1242 tentis
1218 1207 1360 1241 censuris
1396 1216 1425 1241 et
1462 1207 1583 1253 poenis,
1606 1205 1643 1240 ad
1672 1218 1784 1240 omnes
1806 1213 1837 1240 et

1088 1261 1229 1308 singulas
1270 1273 1433 1308 personas,
1455 1261 1684 1305 cuiuscumque
1717 1268 1839 1299 status,

1088 1315 1279 1352 conditionis
1293 1325 1323 1349 et
1338 1315 1541 1349 excellentiae
1557 1315 1737 1353 existentes,
1760 1325 1842 1360 quae

1089 1371 1224 1406 alicuius
1240 1370 1397 1404 dictorum
1415 1368 1500 1403 card.
1518 1368 1660 1408 domum,
1681 1377 1742 1403 tam
1763 1376 1843 1402 tem-

1068 1458 1071 1479 :
1091 1438 1166 1473 pore
1193 1425 1266 1459 dicti
1290 1423 1468 1465 conclavis,
1491 1423 1584 1457 etiarn
1609 1422 1634 1456 si
1664 1423 1693 1456 in
1716 1421 1844 1457 Roma-

1092 1493 1165 1515 num
1203 1489 1277 1514 tunc
1311 1477 1495 1513 Pontificem
1519 1478 1558 1512 sit
1582 1478 1727 1521 electus,
1748 1489 1841 1525 quam

1091 1537 1165 1570 alias
1201 1534 1467 1583 quandocumque
1506 1541 1536 1566 et
1567 1545 1604 1566 ex
1642 1543 1844 1579 quacumque

1092 1603 1197 1630 cansa,
1220 1596 1335 1623 armata
1357 1601 1451 1622 mauu
1476 1587 1670 1626 invadenteS,
1693 1595 1722 1620 et
1750 1587 1779 1620 in
1808 1598 1842 1620 ea

1093 1645 1261 1684 violenter,
1298 1644 1451 1677 hostiliter
1478 1641 1597 1688 aliquid
1632 1641 1840 1688 diripientes,

1093 1709 1144 1735 aut
1167 1699 1348 1747 quempiam
1372 1709 1408 1731 ex
1433 1696 1508 1730 inibi
1533 1695 1739 1730 existentibus
1773 1694 1842 1728 vul-

1095 1763 1257 1796 nerantes,
1280 1761 1309 1787 et
1335 1764 1443 1786 eornm
1468 1752 1570 1784 socios
1592 1757 1623 1783 et
1644 1750 1697 1796 qui
1722 1748 1752 1783 id
1778 1748 1844 1782 fieri

1095 1808 1311 1844 mandaverint
1345 1807 1393 1840 vel
1421 1805 1539 1839 factum
1576 1816 1683 1838 eorum
1713 1803 1844 1838 nomine

1095 1873 1196 1898 ratum
1214 1861 1392 1901 habuerint,
1409 1872 1443 1894 ac
1457 1860 1532 1906 ipsis
1554 1859 1750 1893 invasoribus
1766 1870 1846 1892 con-

1097 1919 1216 1961 silinm,
1241 1918 1268 1950 in
1295 1915 1491 1963 praemissis,
1515 1913 1564 1948 vel
1588 1912 1723 1948 favorem
1754 1924 1846 1959 prae-

1097 1974 1252 2011 stiterint,
1275 1979 1305 2005 et
1338 1969 1560 2009 defenderint,
1583 1967 1783 2002 extendimus
1817 1974 1848 2001 et

1097 2028 1298 2074 ampliamus.

1146 2082 1166 2129 S
1192 2084 1224 2115 4.
1253 2080 1320 2115 Non
1345 2077 1544 2112 obstantibus
1566 2075 1848 2111 constitutionibus

1098 2145 1127 2171 et
1155 2133 1408 2170 ordinationibus
1445 2131 1623 2178 apostolicis
1651 2130 1848 2177 caeterisque

1099 2190 1263 2225 contrariis
1285 2188 1552 2236 quibuscumque.

1149 2246 1232 2280 Nulli
1257 2256 1331 2287 ergo
1353 2251 1406 2276 etc.

1148 2300 1263 2335 Duum
1289 2298 1407 2332 Romae
1434 2296 1465 2330 in
1493 2294 1618 2342 publica
1641 2294 1793 2334 sessione,
1817 2293 1848 2327 in

1101 2355 1287 2389 Late-fanen.
1304 2359 1502 2387 sacrosancta
1516 2349 1644 2383 basilica
1667 2349 1850 2383 solemniter

1101 2409 1272 2451 celebrata,
1300 2417 1382 2441 anno
1416 2403 1643 2438 Incaruationis
1670 2403 1848 2437 dominicae

1102 2463 1268 2499 millesimo
1278 2457 1529 2508 quingentesimo
1539 2456 1765 2501 sextodecimo,
1777 2467 1848 2490 xvu

1102 2517 1250 2553 kalendas
1276 2514 1394 2562 aprilis,
1418 2511 1618 2560 pontificatus
1640 2510 1738 2546 nostri
1766 2522 1848 2545 anno

1102 2585 1136 2608 1v
1158 2576 1214 2617 (t).
1373 2609 1378 2616 ἡ

1148 2625 1207 2656 Dat.
1230 2625 1276 2655 die
1296 2624 1331 2654 15
1351 2622 1446 2653 martii
1467 2621 1551 2658 1516,
1569 2624 1647 2660 pont.
1670 2628 1745 2649 anno
1763 2627 1799 2649 tv.

1139 2688 1177 2725 (t)
1197 2688 1218 2715 Α
1233 2687 1274 2714 die
1293 2686 1427 2714 electionis
1442 2683 1621 2720 computando
1641 2683 1680 2718 (n.
1697 2681 1748 2717 τ.).

1864 1105 1964 1127 Extensio
1975 1105 1998 1126 ad
2007 1106 2037 1125 tn-

1850 1138 1952 1158 vadentes
1963 1137 2035 1158 domo·

1851 1168 1951 1190 cardinal,

1897 2088 2009 2114 nerogauo

1876 2121 2036 2142 contrariorum.

1883 2240 1968 2262 Sanctio
1992 2243 2046 2268 poo-

1862 2272 1924 2293 natis.
