2281 3251
76 276 126 304 An.
142 276 172 303 C.
191 275 257 303 ¹513

86 878 244 900 Procuratores.

958 273 1020 295 LEO
1042 272 1064 294 X
1086 272 1133 295 ΙΨ.

1688 260 1757 294 589

272 328 382 375 vilegia
397 326 491 362 nullis
506 327 729 374 praerogativis
742 326 909 373 gaudeant;
925 339 1020 363 revo-
1062 327 1100 362 de
1128 337 1281 361 consensu
1315 325 1482 369 auditoris,
1500 335 1530 361 et
1552 333 1626 362 tunc
1644 328 1750 374 copias
1771 327 1809 362 de

272 388 443 425 eamusque
466 376 570 411 omnia
592 376 763 424 privilegia,
791 377 1020 424 cuiuscumque

273 427 389 462 tenoris
410 425 556 470 existant,
571 438 666 474 super
680 426 739 462 lioc
755 427 830 461 alias
852 426 975 466 tradita,
991 435 1019 461 et

270 488 306 511 ex
323 487 420 516 nunc,
437 474 476 510 ad
491 475 635 511 ellectum
653 476 850 521 huiusmodi,
872 476 1020 523 probibe-

271 538 340 560 mus
363 537 417 572 per
438 525 684 572 supplicationes
707 526 786 566 aliis,
810 538 902 573 quam
928 526 1020 561 colle-

269 575 320 621 gio
332 575 555 610 advocatorum
577 575 760 611 huiusmodi
781 575 945 615 committi,
965 575 1020 609 de-

270 633 434 660 cernentes
444 637 482 660 ex
497 637 580 660 nunc
593 626 713 661 irritum
729 635 759 661 et
775 626 877 665 inane,
888 625 913 659 si
929 637 1020 660 secus

269 686 365 721 super
390 674 438 709 his
459 688 474 709 a
496 687 669 723 quoquam,
696 676 806 724 quatis
825 675 1021 718 auct0r7itate

269 724 404 759 scienter
421 725 487 759 vel
482 727 774 780 ignoranter,etiam
790 737 845 773 per
861 737 929 766 nos,
944 736 1020 759 con-

271 774 373 820 tigerit
400 775 558 809 attentari.

318 827 334 866 §
355 824 661 860 29.P1··ocuiatores
684 838 746 860 non
767 835 877 859 omnes
893 823 1020 870 passim,

270 872 324 907 sed
356 873 387 907 hi
428 873 530 909 solum
553 873 589 909 ad
614 874 847 922 procurandum
878 886 906 907 in
921 873 1020 907 Rotae

269 921 425 958 auditorio
439 923 654 966 admittantur,
682 925 735 972 qui
755 923 927 963 doctrinae,
948 934 1020 969 pra-

270 972 349 1007 ticae
363 980 392 1007 et
415 985 538 1008 morum
556 986 687 1009 examen
715 973 899 1016 subiver,int
916 980 945 1007 et
967 984 1021 1019 per

269 1021 470 1068 cappellanos
486 1031 610 1059 nostros
624 1023 745 1058 Rotae
739 1023 836 1070 ipsius
850 1000 1021 1066 auilitores,

269 1071 417 1107 adhibitis
444 1072 569 1108 duobus
597 1073 644 1108 rel
668 1073 768 1108 tribus
791 1071 930 1119 antiquis
946 1083 1020 1118 pro-

269 1121 467 1156 curatoribus
490 1123 535 1157 tel
556 1124 649 1157 etiam
666 1135 680 1157 a
696 1130 936 1177 procuratorum
953 1120 1021 1155 col—

269 1171 349 1217 legio
361 1172 529 1218 deputatis,
550 1172 709 1220 superbis
729 1184 884 1207 unixeisis
905 1182 1021 1217 appro-

269 1221 330 1256 bati
346 1220 480 1256 fuerint:
502 1222 596 1267 unde,
613 1235 637 1256 si
652 1222 704 1269 qui
722 1221 821 1256 tales
816 1234 844 1255 in
870 1220 1021 1268 praemis-

269 1271 311 1305 sis
330 1270 434 1305 idonei
456 1272 568 1319 reperti
587 1283 648 1306 non
672 1279 781 1311 erunt,
809 1280 838 1305 et
864 1270 903 1305 ab
930 1269 1020 1303 audi·

270 1319 390 1355 toribus
404 1328 434 1354 et
447 1329 685 1367 procuratorum
703 1320 834 1367 collegio
856 1318 1019 1366 approbari

270 1382 331 1404 non
356 1379 548 1412 mereantur,
576 1383 591 1405 a
615 1371 826 1418 procurat01is
848 1369 948 1404 officio
970 1380 1021 1403 re-

270 1419 342 1466 pelli
372 1419 536 1465 volumus,
559 1433 615 1467 pro
643 1433 705 1468 quo
728 1420 872 1455 examine
901 1418 1019 1466 aliquid

269 1469 349 1516 exigi
365 1469 412 1504 vel
426 1469 628 1505 solvidebere
644 1483 793 1518 expresse
803 1468 1018 1517 probibemus.

268 1518 338 1553 Non
355 1519 475 1565 possint
487 1527 591 1554 autem
605 1528 719 1567 partes,
730 1521 759 1554 in
775 1520 884 1567 quavis
899 1519 1020 1553 instan-

270 1569 322 1613 tia,
352 1568 523 1604 maioribus
548 1569 762 1605 exactionibus
790 1580 1018 1615 vexare,qnam

269 1618 314 1653 eis
326 1630 381 1665 per
391 1619 632 1655 constitutiones
644 1632 831 1655 concessum
846 1618 949 1662 suerit,
962 1629 1020 1652 nec

270 1669 383 1702 multas
404 1668 496 1703 simul
525 1681 637 1704 causas
660 1669 813 1716 regendas
835 1668 1019 1715 suscipiant,

269 1717 399 1765 quibus,
414 1731 486 1753 cum
502 1720 618 1766 pariter
632 1719 781 1754 omnibus
794 1719 867 1754 satis
877 1730 945 1753 esse
956 1730 1018 1752 non

270 1767 400 1814 possint,
425 1776 489 1803 tum
514 1769 658 1804 confusio
680 1770 794 1815 ingens
815 1776 907 1816 atque
930 1767 1019 1802 intri-

269 1817 350 1852 catio
362 1818 513 1859 nascitur,
527 1827 591 1853 turn
606 1827 708 1866 partes
722 1818 918 1853 intollerabili
933 1829 1018 1852 mora

269 1875 300 1902 et
313 1879 450 1915 expensa
463 1876 661 1916 torquentur
671 1877 699 1903 et
716 1869 821 1903 multae
834 1880 946 1903 causae
958 1879 1020 1901 lna-

269 1917 296 1952 le
313 1917 458 1952 defensae
480 1918 708 1965 periclitantur.
736 1919 783 1953 De
806 1918 948 1973 propinis
962 1929 1017 1952 seu

270 1966 425 2002 bibalibus
438 1967 562 2008 dandis,
573 1968 632 2003 sub
656 1980 755 2016 poena
770 1968 1019 2015 tigintiquinque

269 2015 452 2051 ducatorum
468 2016 602 2053 fabricae
623 2017 827 2053 SanctiPetri
851 2017 1019 2064 applican—

269 2065 395 2110 dorum,
410 2078 442 2101 se
457 2078 519 2101 non
540 2067 727 2115 impediant;
742 2068 795 2102 sed
812 2080 918 2102 curam
940 2067 1020 2101 lianc

270 2093 412 2167 partibds
440 2120 485 2156 vel
514 2133 620 2157 earum
645 2121 902 2157 sollicitatoribus
925 2121 1020 2156 relin-

268 2183 378 2222 quant,
394 2175 517 2222 possint
533 2183 726 2223 tamen,post
738 2175 815 2211 latas
830 2176 1019 2220 sententias,

269 2229 410 2276 partibus
445 2229 483 2265 ad
508 2231 692 2265 memoriam
716 2230 864 2265 reducere
890 2238 923 2265 ut
941 2230 1019 2265 labo*

269 2296 337 2319 rum
360 2283 513 2320 auditoris
539 2285 600 2319 sint
628 2297 793 2320 memores:
818 2285 901 2333 quod
924 2285 949 2320 si
972 2297 1020 2319 se-

270 2338 375 2374 cundo
394 2339 424 2374 in
440 2339 500 2375 hoc
515 2352 618 2375 errare
642 2339 924 2388 praesumpserint,
942 2339 1019 2374 ultra

272 2405 402 2440 poenam
417 2394 617 2440 antedictam,
641 2408 696 2430 sex
718 2395 881 2429 mensibus
895 2394 933 2429 ab
953 2393 1020 2429 offi-

270 2448 319 2482 cio
345 2448 594 2496 suspendantur,
622 2449 645 2484 si
674 2450 787 2493 tertio,
813 2448 851 2483 ab
878 2448 1019 2483 eiusdem

271 2503 417 2539 exercitio
450 2504 576 2552 penitus
609 2512 822 2539 amoveantur.
854 2502 1021 2550 Regiam,

275 2565 439 2605 postquam
455 2558 485 2593 in
499 2558 646 2593 domibus
658 2558 837 2594 auditorum
853 2566 956 2600 erunt,
974 2557 1023 2593 ul-

274 2618 318 2646 tra
334 2624 395 2647 non
416 2614 601 2660 astringant,
624 2621 676 2648 aut
692 2612 816 2648 videant
838 2611 920 2647 dicta
937 2613 1022 2659 regi-

273 2672 336 2700 stra
352 2674 436 2702 extra
451 2667 580 2703 domum
604 2667 755 2703 auditoris
773 2667 937 2715 portando,
962 2667 1021 2702 nisi

1063 377 1193 423 registro
1216 375 1378 411 extrahere
1406 387 1468 410 non
1492 375 1639 418 debeant,
1661 385 1691 412 et
1714 377 1763 412 illa
1779 377 1809 411 in

1064 434 1187 473 tempus
1201 427 1247 461 eis
1264 426 1434 474 praefixum
1452 425 1626 466 restituere,
1637 426 1696 461 sub
1711 438 1810 472 poena

1063 476 1248 511 ducatorum
1277 475 1528 521 vigintiquinque
1550 475 1810 522 applicandorum

1062 525 1198 561 fabricae
1217 525 1323 560 Sancti
1348 525 1442 559 Petri.
1466 525 1512 559 De
1535 533 1628 572 quota
1651 524 1724 567 litis,
1747 525 1812 560 fru-

1064 575 1168 610 ctibus
1182 574 1227 609 vel
1246 574 1402 620 expensis,
1425 582 1478 608 aut
1494 574 1562 609 aliis
1579 574 1812 615 emolumentis,

1066 633 1098 659 ut
1114 624 1267 660 hactenus
1282 624 1347 658 lieri
1365 624 1491 665 dicitur,
1508 636 1580 658 cum
1595 624 1734 671 partibus
1750 636 1811 659 non

1062 675 1259 709 conveniant.
1283 673 1481 720 Pauperibus
1506 673 1573 708 sine
1602 674 1734 721 pecunia
1758 686 1813 721 pa-

1064 724 1230 758 trocinium
1242 730 1411 771 praestent,
1426 731 1455 758 et
1471 735 1568 757 unum
1587 732 1811 771 praeceptorem

1063 773 1212 808 idoneum
1237 785 1292 817 per
1313 785 1422 808 eornm
1443 772 1611 818 collegium
1631 785 1702 808 cum
1725 785 1814 808 com-

1064 824 1181 869 petenti
1205 822 1317 857 salario
1334 822 1371 856 ad
1392 821 1422 856 id
1444 822 1577 868 singulis
1604 823 1695 857 annis
1710 822 1814 870 depu-

1064 881 1129 906 tent
1144 873 1224 907 inter
1247 884 1291 907 se.
1315 872 1396 907 Cum
1420 872 1548 907 notariis
1569 871 1748 907 auditorum
1767 871 1814 907 vel

1062 922 1131 957 aliis
1159 922 1198 956 de
1225 922 1331 968 gratiis
1351 921 1568 967 registrorum,
1592 930 1813 969 praeterquam

1065 971 1094 1005 in
1111 972 1244 1018 partium
1263 971 1483 1018 principalium
1501 971 1667 1006 utilitatem
1684 980 1714 1006 et
1728 984 1816 1006 com-

1064 1021 1206 1061 modum,
1235 1023 1272 1055 ita
1301 1020 1385 1068 quod
1414 1020 1572 1055 evidenter
1590 1030 1738 1068 appareat
1761 1033 1815 1068 per

1064 1071 1308 1105 instrumentum
1329 1070 1503 1117 publicum,
1522 1081 1583 1104 non
1606 1071 1816 1116 paciscantur,

1063 1132 1102 1155 ne
1125 1121 1160 1154 ad
1176 1132 1285 1154 omnes
1298 1128 1385 1154 actus
1397 1119 1552 1165 legitimos
1567 1119 1721 1155 inhabiles
1736 1120 1814 1155 red-

1064 1169 1188 1204 dantur.
1207 1169 1317 1204 Officia
1346 1170 1518 1204 notariatus
1536 1169 1565 1203 in
1577 1168 1657 1204 Rota
1682 1169 1815 1205 velalibi

1064 1231 1168 1254 coram
1193 1219 1429 1263 commissariis,
1454 1226 1673 1265 procuratores
1695 1231 1757 1253 non
1781 1231 1816 1254 e-

1064 1277 1160 1313 mant,
1181 1280 1283 1316 neque
1299 1269 1392 1303 etiam
1410 1269 1439 1302 in
1458 1268 1517 1302 illis
1535 1276 1656 1315 partem
1679 1268 1814 1316 aliquam

1063 1318 1279 1363 liabean17sub
1295 1330 1383 1365 poena
1399 1318 1581 1352 amissionis
1597 1318 1696 1364 ipsius
1711 1318 1815 1363 officii,

1062 1380 1155 1415 quam
1179 1368 1272 1403 etiam
1296 1369 1471 1412 incurrant,
1493 1367 1518 1402 si
1541 1367 1595 1415 qui
1608 1367 1646 1402 ad
1667 1379 1815 1415 praesens

1062 1418 1182 1452 dictum
1210 1417 1347 1453 officium
1376 1417 1423 1453 vel
1451 1426 1570 1465 partem
1595 1417 1663 1452 eius
1691 1426 1814 1463 tenent,

1064 1468 1121 1502 nisi
1139 1468 1217 1502 intra
1235 1468 1315 1502 duos
1330 1479 1454 1502 menses
1469 1480 1483 1502 a
1502 1466 1713 1514 publicatione
1730 1480 1816 1515 prae-

1063 1517 1199 1553 sentium
1223 1517 1359 1552 vendant
1381 1517 1427 1552 rel
1451 1517 1604 1558 alienent;
1633 1517 1707 1552 item
1731 1517 1815 1552 inhi-

1064 1567 1171 1602 beatur
1189 1567 1569 1602 advocatisntseutcntias
1582 1576 1687 1602 contra
1704 1579 1813 1602 eorum

1063 1616 1251 1664 principales
1287 1629 1303 1652 a
1326 1616 1421 1652 Curia
1448 1616 1614 1661 absentes,
1642 1617 1671 1651 in
1699 1617 1815 1665 quibus

1063 1666 1135 1701 licet
1150 1679 1332 1714 provocare,
1354 1667 1384 1701 in
1408 1679 1473 1702 rem
1498 1666 1665 1702 indicatam
1682 1667 1814 1702 transire

1063 1728 1123 1751 non
1149 1717 1344 1764 permittant;
1366 1717 1421 1752 sed
1446 1716 1604 1764 appellare
1631 1725 1661 1751 et
1687 1729 1813 1752 causam

1062 1767 1258 1802 committere
1278 1766 1381 1802 facere
1396 1775 1571 1812 teneantur,
1582 1774 1611 1801 et
1624 1767 1814 1814 principali-

1063 1816 1122 1851 bus
1144 1817 1210 1851 suis
1232 1817 1421 1863 significare,
1443 1824 1473 1851 et
1495 1816 1715 1864 prorogatione
1736 1816 1814 1852 fata-

1061 1866 1136 1901 lium
1150 1866 1248 1901 semel
1267 1875 1383 1921 petere.
1398 1866 1568 1914 Postquam
1593 1866 1726 1901 alicuius
1739 1879 1814 1902 cau-

1061 1928 1112 1950 sae
1128 1916 1335 1971 patrocinium
1352 1924 1573 1963 susceper,unt
1596 1925 1626 1951 et
1643 1928 1724 1951 onus
1741 1929 1813 1964 pro-

1061 1967 1436 2014 curationisreceperunt‚
1446 1966 1812 2001 indefensascausasnon

1061 2015 1231 2057 dimittant,
1254 2016 1307 2051 sed
1331 2029 1441 2051 causas
1457 2016 1540 2063 ipsas
1553 2028 1608 2063 pro
1622 2016 1740 2051 viribus
1756 2015 1814 2052 de-

1063 2065 1208 2107 fendant,
1224 2075 1341 2101 secreta
1366 2078 1529 2101 causarum
1554 2066 1599 2101 eis
1620 2073 1692 2100 nota
1708 2065 1814 2101 adv-er

1062 2119 1151 2154 sariis
1178 2132 1241 2156 non
1270 2121 1408 2155 reielent
1435 2120 1540 2168 aliquo
1568 2127 1730 2167 praetextu
1765 2119 1812 2155 vel

1061 2186 1167 2217 causa,
1189 2175 1249 2210 sub
1266 2175 1410 2210 infamiae
1435 2184 1515 2210 nota.

1111 2230 1131 2278 S
1159 2233 1215 2265 50.
1251 2230 1368 2266 Notarii
1396 2230 1495 2265 Rotae
1522 2229 1717 2265 auditoribus
1744 2230 1812 2265 suis

1062 2286 1124 2321 sint
1151 2285 1363 2333 obsequentes
1389 2293 1417 2320 et
1440 2285 1485 2320 eis
1509 2293 1660 2332 pareant;
1683 2285 1708 2320 si
1731 2285 1811 2320 intra

1063 2340 1138 2376 recti
1163 2348 1193 2376 et
1208 2340 1331 2375 honesti
1361 2340 1510 2374 terminos
1523 2352 1586 2375 non
1601 2340 1808 2382 constiterint,

1062 2404 1093 2431 et
1122 2407 1177 2443 per
1200 2394 1399 2442 cappellanos
1427 2403 1550 2429 nostros
1570 2393 1670 2430 Rotae
1693 2394 1811 2430 audito-

1065 2462 1114 2485 res
1136 2449 1258 2493 moniti,
1282 2461 1343 2483 non
1366 2460 1398 2483 se
1421 2448 1678 2494 emendaverint,
1701 2449 1731 2484 in
1753 2461 1811 2484 eo-

1066 2503 1208 2539 rumdem
1232 2503 1361 2538 arbitrio
1390 2503 1452 2544 sit,
1475 2504 1598 2550 cognita
1621 2504 1700 2538 inter
1722 2516 1755 2539 se
1776 2516 1811 2539 ae

1066 2558 1145 2594 bene
1168 2557 1310 2593 discussa
1333 2557 1439 2605 culpa,
1459 2571 1514 2606 pro
1529 2557 1634 2593 delicti
1653 2557 1812 2605 qualitate,

1067 2613 1160 2648 etiam
1184 2624 1282 2659 usque
1302 2611 1341 2647 ad
1361 2612 1564 2659 privationem
1588 2612 1674 2659 ipsos
1687 2611 1811 2659 punire.

1067 2666 1167 2703 Nemo
1195 2666 1344 2713 deinceps
1365 2666 1402 2701 ad
1426 2666 1597 2702 notariatus
1624 2665 1724 2702 Rotae
1745 2665 1813 2702 offi-

1824 269 1874 296 Αυ.
1892 268 2003 295 01315

1835 2240 1914 2262 Nomii
1932 2238 2005 2261 Rotae.
