2281 3251
506 275 574 309 750

496 341 550 371 iste
563 349 615 380 per
624 339 698 368 alias
713 346 781 367 suas
796 337 895 366 literas
906 335 1089 365 confirmavit
1100 339 1205 365 statuta

496 380 956 417 nationisFlorentinteinUrbe3
978 379 1054 409 —3.
1074 379 1205 410 Etmodo

497 431 600 460 iterum
614 428 775 463 confirmat,
786 443 825 448 —
837 427 865 456 t.
882 424 1032 455 Notarium
1047 425 1142 464 ipsius
1156 434 1206 454 na—

497 474 583 504 tionis
597 473 725 502 decrevit
737 481 793 501 non
809 470 899 500 teneri
913 475 1026 509 portare
1048 474 1109 499 acta
1124 475 1151 499 et
1165 470 1208 499 in-

496 521 656 548 strumenta
671 515 887 545 adarcltivium.
913 531 952 536 —
975 513 1148 550 5.Etnunc‚
1172 516 1206 544 ad

495 561 664 593 instantiam
683 559 818 590 consulis
831 559 899 589 dict.
911 559 1134 595 nationis,-6.
1145 558 1206 589 Non

494 608 681 636 restituentes
700 605 841 643 pecunias
861 608 911 633 etc.
929 603 1064 633 eiusdem
1081 603 1208 633 nationis

495 650 738 684 excommunicare
759 665 798 671 —
817 648 843 678 7.
867 647 1008 677 llomines
1028 647 1056 677 d.
1079 648 1207 678 nationis

494 705 545 736 pro
568 694 692 725 crimine
714 693 925 723 examinandos
948 698 1028 722 certo
1051 693 1138 722 modo
1161 702 1209 723 ex-

494 739 618 770 aminari
638 738 728 775 iubet;
742 755 782 761 —
799 738 826 768 8.
844 737 965 768 Consuli
984 742 1012 767 et
1026 737 1207 768 consiliariis

493 793 642 814 armorum
665 783 842 813 delationem
867 782 1019 822 permittit;
1040 799 1078 804 —
1096 782 1123 813 9.
1142 781 1210 812 Car-

492 838 636 868 ceresque
653 832 826 858 construere
845 836 932 867 posse
950 826 1208 865 ittdulge13—1O.

492 873 668 904 Executores
691 873 781 902 liuius
810 872 909 903 bullae
938 872 1067 912 deputat;
1091 888 1132 895 —-
1158 872 1207 903 11.

492 919 653 950 Contrariis
676 918 806 956 derogat.

254 288 301 315 Αη.
326 287 355 314 C.
373 288 439 316 ¹519

542 995 592 1024 Leo
611 994 751 1031 episcopus
776 999 872 1022 servus
896 999 1037 1022 servorum
1055 992 1118 1026 Dei.

601 1045 636 1073 ad
651 1045 812 1081 perpetuam
832 1043 873 1072 rei
887 1042 1057 1071 memoriam.

502 1116 673 1153 Pastoralis
689 1115 782 1151 offleii
798 1114 940 1149 debitum
965 1113 1057 1149 nobis
1073 1113 1210 1161 desuper

453 1168 658 1203 commissum
687 1177 746 1200 nos
784 1164 934 1199 admonet
968 1172 998 1199 et
1026 1163 1146 1198 inducit
1178 1172 1210 1198 ut

454 1218 650 1264 singularum
675 1227 902 1263 personarum,
931 1214 1116 1261 praesertim
1143 1212 1210 1248 Ro-

456 1279 578 1302 manam
615 1266 744 1300 Curiam
768 1264 971 1311 sequentium
986 1290 996 1307 ,
1019 1263 1099 1297 rotis
1114 1290 1122 1306 ,
1155 1275 1211 1310 per

455 1329 536 1365 quae
566 1315 658 1350 statui
682 1314 872 1362 prosperiori
897 1321 927 1347 et
952 1313 1068 1347 utiliori
1100 1324 1211 1359 perso-

455 1379 565 1401 narum
594 1365 776 1400 earumdem
797 1363 919 1398 consuli
947 1362 1057 1402 valeat,
1077 1362 1212 1397 libenter

456 1427 646 1459 annuamus,
662 1423 691 1449 et
707 1414 744 1448 ad
769 1413 797 1447 id
821 1412 964 1447 eiusdem
989 1412 1082 1447 officii
1108 1420 1211 1459 partes

456 1465 668 1500 favorabiliter
695 1463 926 1511 impendamus.

505 1518 520 1558 Ξ
544 1519 574 1548 t.
598 1513 728 1548 Dudum
757 1513 912 1559 siquidem
942 1523 997 1558 pro
1021 1518 1107 1558 parte
1130 1511 1213 1558 capi-

287 1188 406 1209 Exordium.

268 1580 299 1601 Ad
316 1580 440 1607 petitionem
456 1571 621 1599 taneorum
639 1563 735 1610 partis
750 1561 882 1597 Guell'ae
898 1571 927 1596 et
942 1561 1109 1595 consulum
1123 1574 1213 1595 com-
1233 1583 1235 1613 ἶ
1255 1591 1348 1626 quam
1372 1578 1512 1612 iocorum
1530 1577 1843 1620 circumvicinorum,
1855 1576 2013 1619 assignata

1920 1611 1931 1622 ι

257 1612 350 1632 univers.
385 1616 441 1631 mer-

255 1645 349 1663 catorum
393 1641 442 1663 rto-

254 1677 397 1700 annnorum,

457 1614 619 1648 munitatis
641 1612 776 1648 civitatis
796 1611 989 1652 Florentiae,
1007 1611 1213 1657 qui‚‹lilecto-

457 1677 526 1699 rum
545 1664 679 1698 liliorum
699 1671 910 1696 mercatorum
930 1673 1060 1695 suorum
1083 1660 1215 1695 Floren-

457 1714 593 1748 tinorum
623 1721 653 1747 ct
685 1712 819 1746 aliorum
849 1711 950 1745 dictae
978 1710 1113 1745 civitatis
1135 1710 1213 1745 sub-

456 1763 594 1798 ditorum
618 1763 647 1796 in
671 1761 756 1796 Urbe
779 1769 807 1795 et
829 1760 973 1795 Romana
1001 1758 1094 1794 Curia
1124 1772 1215 1794 com-

457 1862 611 1910 quaedam
647 1861 782 1907 capitula
805 1868 835 1895 et
863 1858 1105 1894 constitutiones
1133 1859 1215 1893 inter

456 1928 512 1952 eos
539 1915 705 1959 servanda,
721 1923 751 1949 et
775 1915 854 1949 iuter
878 1913 937 1948 alia
960 1925 1031 1948 cum
1062 1921 1214 1960 potestate

458 1970 594 2018 eligendi
631 1970 711 2004 inter
738 1981 793 2004 eos
830 1981 928 2003 uuum
952 1967 1117 2002 consulem
1141 1980 1212 2002 cum

459 2024 586 2060 duobus
609 2024 797 2060 consiliariis
820 2032 850 2058 et
874 2035 935 2057 uuo
957 2021 1144 2057 cancellario
1159 2033 1214 2056 seu

460 2082 583 2116 notario
606 2081 747 2128 publico,
777 2086 870 2127 prout
893 2078 923 2112 in
947 2076 1080 2112 diversis
1104 2077 1215 2111 mundi

462 2135 605 2183 partibus
628 2144 821 2170 mercatores
840 2134 943 2168 dictae
965 2133 1100 2168 civitatis
1117 2132 1217 2167 liabe-

461 2192 548 2233 bant,
576 2191 629 2239 qui
653 2190 692 2225 de
719 2202 829 2225 eorum
851 2188 957 2233 rebus,
979 2186 1217 2228 causis,litibus

462 2255 492 2282 et
514 2245 753 2294 quaestiouibus
775 2244 920 2280 civilibus
956 2243 1037 2277 inter
1065 2254 1120 2276 eos
1148 2249 1218 2276 tau-

465 2310 528 2336 tum
552 2307 800 2348 cognoscerent,
823 2299 942 2345 rulgari
971 2308 1119 2333 sermone
1152 2304 1218 2331 sta·
1238 2322 1240 2340 ζ

1238 2350 1361 2397 ζοοηάα
1389 2358 1421 2384 et
1442 2361 1499 2396 per
1525 2349 1629 2396 ipsum
1665 2346 1821 2393 roganda,
1843 2354 1874 2381 et
1910 2346 2016 2381 omnia

1239 2404 1340 2446 alia,
1375 2416 1456 2453 quae
1490 2403 1639 2439 addicti
1677 2402 1850 2438 notariatus
1877 2401 2016 2437 officinm

1239 2454 1241 2508 ἶ
1262 2469 1417 2508 spectant,
1437 2472 1533 2507 penes
1554 2471 1588 2494 se
1610 2467 1642 2494 et
1663 2457 1784 2493 dictum
1802 2469 1858 2505 pro
1873 2465 2015 2504 tempore

464 2364 589 2392 tuerant
611 2363 641 2389 et
664 2354 898 2389 ordinaverant.

514 2411 534 2459 g
555 2414 588 2445 2.
611 2409 676 2444 Nos
699 2422 755 2458 per
783 2409 857 2444 alias
886 2414 1009 2443 nostras
1031 2406 1138 2441 literas
1154 2432 1162 2448 ,
1187 2405 1217 2439 iu

294 2491 390 2512 Pomm
410 2490 451 2511 Μ
465 2466 583 2514 quibus
605 2465 686 2500 dicta
710 2465 858 2512 capitula,
876 2475 957 2511 quae
981 2474 1036 2509 per
1060 2461 1089 2495 in
1114 2460 1218 2507 lingua

1037 281 1224 305 BULLARtum
1248 281 1410 304 Romanum

2022 281 2071 308 An.
2090 280 2118 307 C.
2137 279 2203 308 15¹9

1250 335 1338 370 ritate
1367 334 1540 382 apostolica
1567 334 1812 381 approbavimus
1833 342 1864 368 et
1885 334 2005 369 coufir-

1250 385 1419 425 marimus,
1449 384 1635 431 supplentes
1657 395 1768 418 omncs
1804 391 1835 418 ct
1861 383 2006 430 singulos

1251 443 1313 470 tam
1337 434 1413 469 iuris
1435 445 1528 480 quam
1556 433 1627 468 sacti
1651 433 1806 478 desectus,
1821 433 1846 468 si
1869 434 1922 480 qui
1939 433 2005 468 for-

1250 497 1305 519 san
1329 483 1553 519 intervenerint
1572 483 1602 517 in
1622 483 1755 518 eisdem.

1299 534 1320 582 ἓ
1342 538 1374 568 5.
1405 533 1445 568 Et
1473 533 1692 577 nihilomiuus,
1715 533 1826 580 potiori
1851 544 1906 579 pro
1928 543 2005 567 cau-

1253 583 1330 628 tela,
1352 583 1435 631 quod
1461 591 1536 617 tunc
1557 592 1588 618 et
1618 594 1673 629 pro
1696 590 1838 629 tempore
1865 582 2006 617 existens

1251 634 1375 674 consul,
1398 646 1470 668 cum
1493 633 1585 668 dictis
1606 631 1806 672 consiliariis,
1821 632 1913 666 ctiam
1931 640 2006 667 tuuc

1251 692 1282 718 et
1310 695 1366 731 pro
1394 692 1536 729 tempore
1563 681 1782 722 existentibus,
1798 681 1837 716 de
1855 681 2006 716 omnibus

1251 733 1373 774 causis,
1402 732 1530 776 litibus,
1553 731 1793 779 quaestionibus
1819 738 1850 766 et
1871 739 2007 766 contro-

1254 783 1364 818 versiis
1385 782 1542 821 civilibus,
1573 783 1654 816 iuter
1676 793 1731 816 eos
1754 781 1948 821 tantum,ius
1963 780 2008 815 di-

1252 844 1336 877 cere,
1360 831 1550 880 procedere,
1578 831 1786 874 sententiare,
1809 829 1956 865 decidere
1976 837 2009 866 et

1252 883 1365 929 exequi
1393 881 1546 928 (exceptis
1583 881 1663 926 illis,
1696 881 1726 914 in
1762 879 1880 927 quibus
1902 887 2009 915 esseut

1253 932 1460 967 instrumenta
1489 932 1518 966 in
1553 930 1653 966 forma
1686 929 1839 965 Gamerae
1867 928 2008 977 Aposto-

1252 982 1330 1016 licae
1346 1009 1354 1025 ,
1378 990 1408 1016 et
1430 981 1523 1016 certis
1551 980 1696 1028 personis
1725 988 1799 1014 tuuc
1826 979 2008 1026 expressis,

1252 1032 1305 1079 qui
1330 1041 1522 1066 mercatores
1545 1042 1608 1065 non
1631 1037 1750 1070 essent,
1793 1029 1897 1076 quoad
1925 1041 2008 1076 quos

1254 1081 1332 1116 nibil
1349 1081 1474 1127 penitus
1489 1081 1673 1114 innovatum
1689 1082 1860 1123 censetur),
1871 1079 2008 1123 et,iuxta

1253 1131 1410 1166 dictorum
1423 1130 1634 1177 capitulorum
1649 1138 1786 1170 tenores,
1796 1128 2010 1164 emolumenta

1252 1193 1289 1216 ac
1317 1192 1435 1227 poenas
1461 1189 1491 1214 et
1519 1180 1580 1214 alia
1602 1180 1751 1226 exigere,
1778 1190 1814 1213 ac
1847 1178 1953 1213 omnia
1977 1178 2009 1213 in

1253 1230 1373 1265 eisdem
1401 1230 1501 1265 literis
1530 1239 1700 1270 contenta,
1723 1229 1791 1264 siue
1814 1227 1932 1276 quibus
1953 1239 2011 1263 eo-

1255 1292 1323 1315 rum
1340 1280 1516 1314 iurisdictio
1529 1287 1613 1314 esset
1627 1279 1724 1320 nulla,
1739 1290 1896 1319 exercere,
1913 1277 2012 1325 quod-

1254 1342 1328 1377 que,
1351 1329 1376 1364 si
1405 1341 1460 1376 pro
1482 1330 1671 1364 executione
1703 1328 1929 1363 sententiarum
1955 1339 2011 1374 pro

1255 1389 1396 1426 tempore
1424 1379 1556 1413 latarum
1585 1386 1615 1413 et
1632 1378 1701 1412 aliis
1714 1378 1913 1424 contingeret
1935 1389 2011 1412 exe-

1254 1430 1418 1464 cutionem
1441 1437 1550 1463 contra
1569 1428 1705 1474 aliquem
1722 1440 1776 1462 seu
1794 1427 1916 1474 aliquos
1933 1426 2011 1472 lieri,

1255 1478 1448 1522 carceribus,
1473 1478 1665 1512 marescallis
1681 1505 1688 1517 ,
1711 1476 1858 1511 barisello
1886 1485 1915 1511 et
1942 1475 2012 1511 aliis

1255 1529 1487 1574 cuiuscumque
1510 1527 1615 1562 curiae
1639 1527 1801 1570 ministriS,
1830 1533 1891 1560 tam
1916 1525 2012 1561 Urbis

2021 582 2065 598 rum
2080 576 2204 601 confirmem

1255 1641 1301 1664 ets
1323 1627 1512 1662 condecenti
1543 1626 1710 1670 mercede,
1737 1625 1836 1661 libere
1865 1633 1895 1660 et
1929 1625 2014 1661 licite

1257 1680 1300 1713 uti
1330 1677 1486 1721 valerent,
1509 1676 1651 1723 nullique
1685 1676 1736 1711 alii
1772 1675 1895 1710 iudices
1918 1674 2014 1722 spiri-

1256 1727 1357 1763 tuales
1372 1726 1419 1762 vel
1440 1726 1631 1774 temporales
1653 1725 1756 1760 dictae
1778 1724 1886 1766 Urbis,
1898 1723 1938 1759 de
1954 1723 2015 1760 illis

456 1813 647 1847 morannum
682 1811 808 1845 utilitati
847 1810 1012 1857 consulere
1050 1810 1213 1850 volemes'
1234 1793 1236 1829 ὲ
1256 1790 1300 1812 SlC
1323 1776 1361 1812 ad
1391 1789 1501 1811 coium
1539 1784 1719 1811 tnstattltam
1749 1783 1951 1810 incatcetatts
1979 1785 2013 1809 SC

1258 1827 1480 1866 intromittere,
1500 1825 1559 1860 sub
1580 1824 1918 1861 excommunicationis
1934 1823 2013 1858 latae

1258 1877 1433 1912 sententiae
1463 1887 1575 1922 poena,
1599 1884 1738 1922 possent.

1306 1926 1326 1973 S
1349 1930 1380 1961 4.
1405 1926 1443 1960 Et
1459 1938 1531 1960 cum
1548 1925 1703 1960 dictorum
1718 1932 1928 1959 mercatorum
1947 1921 2015 1969 plu·
2027 1926 2214 1979 Noa-rumpan-

1260 1978 1373 2011 rimnm
1399 1977 1545 2010 intererat
1569 1985 1601 2010 ut
1623 1987 1732 2010 eorum
1754 1974 1878 2020 negotia
1891 1979 2013 2008 secreta
2028 1963 2057 2010 ¹35².
2074 1963 2122 2010 ‘3:2¹5
2143 1962 2216 2010 ιὲιῖἱῖῑ

1259 2034 1478 2067 tractarentur,
1506 2033 1536 2060 ct
1564 2037 1673 2060 eorum
1701 2023 1860 2063 conditio,
1885 2030 2014 2071 propter
2028 2021 2215 2072 ξζζιζῗζωῇἳξέ

1259 2077 1361 2111 dictae
1378 2083 1572 2111 mercaturae
1589 2087 1683 2110 casus
1705 2073 1937 2121 contingentes,
1950 2084 2013 2107 non
2029 2082 2158 2109 archivium

1259 2131 1406 2166 omuibus
1440 2129 1673 2178 publicaretur,
1715 2137 1747 2163 ut
1784 2141 1840 2176 pro
1872 2135 2015 2175 tempore

1261 2187 1408 2222 consules
1431 2194 1460 2221 et
1478 2184 1685 2221 cancellarius
1701 2196 1759 2219 seu
1782 2183 1923 2218 notarius
1937 2181 2013 2217 dicti

1261 2241 1352 2276 oflicii
1375 2248 1456 2284 acta,
1479 2239 1699 2286 obligationes,
1723 2237 1893 2285 protocolla
1908 2245 1938 2273 et
1956 2237 2015 2272 alia

1262 2295 1391 2330 indicto
1414 2294 1516 2330 ollicio
1538 2301 1569 2329 et
1587 2301 1674 2328 extra
1697 2291 1841 2327 facienda
1868 2299 1899 2326 et
1925 2302 2016 2326 exer-

267 2523 372 2550 ¹³⁸¹²¹¹i³⁵
404 2527 452 2542 ⁸⁰³⁵
467 2521 559 2556 latina
585 2520 719 2568 peritum
745 2520 774 2554 in
799 2519 931 2553 latinum
961 2517 1173 2564 interpretari,
1189 2525 1219 2550 et
1240 2511 1242 2524 '
1263 2516 1450 2551 existentem
1473 2514 1567 2550 oflicii
1591 2513 1773 2548 huiusmodi
1798 2512 1952 2547 notarium
1964 2523 2016 2548 re-

268 2554 359 2612 liirenraavsii
375 2558 453 2610 suetidi
470 2590 524 2625 per
545 2577 731 2625 deputatum
754 2575 792 2610 ad
816 2575 875 2609 ltoc
897 2571 1066 2609 examinari
1089 2571 1221 2617 (liligeu-
1240 2562 1243 2607 l
1265 2571 1363 2606 tinere
1392 2578 1518 2618 posset,
1541 2581 1598 2603 nec
1624 2568 1706 2603 dicta
1734 2575 1812 2607 acta,
1835 2575 2016 2602 contractus

269 2622 368 2674 ἲξζᾞὲζζ
383 2620 456 2674 ωῗὲῖζ
470 2639 526 2675 ter,
553 2642 581 2667 et
611 2630 778 2679 praedietis
800 2629 897 2664 literis
920 2627 1013 2663 inseri
1033 2627 1220 2667 feceramus,
1264 2634 1294 2660 et
1315 2626 1373 2660 alia
1398 2627 1478 2660 inter
1499 2624 1600 2659 dictos
1623 2631 1812 2658 mercatores
1835 2621 1912 2657 facta
1925 2629 1955 2656 et
1969 2621 2016 2657 fa·

269 2682 312 2711 ¹³⁰³
470 2693 583 2722 statuta
614 2694 644 2722 et
667 2684 881 2722 ordinationes
903 2681 1088 2720 huiusmodi
1110 2687 1223 2718 aucto-
1267 2680 1391 2728 cienda,
1413 2679 1622 2727 obligationes
1643 2677 1674 2713 in
1697 2677 1792 2714 fidem
1819 2675 1893 2713 alibi
1915 2675 1962 2713 vel
1976 2675 2015 2712 ad

2045 544 2071 566 Et
2085 544 2147 565 modo
2162 545 2206 565 tto·
2247 540 2250 541 ⁷

2256 1580 2270 1678 ...Σ-*αι
2250 1284 2269 1569 ε’·ιιαζωυη-Λμψ-
2259 1248 2262 1253 -
2259 1231 2263 1236 2
2261 1159 2265 1185 ..ἣ

2276 2595 2277 2598 Α
2252 1706 2281 2557 mmmaugfffmfflahan„
2260 1693 2268 1700 ι
