2281 3251
61 273 111 301 An.
129 275 158 302 C.
176 275 244 302 ¹515

946 275 1006 298 LEO
1028 275 1047 297 Χ
1070 275 1117 297 I‘P.

258 328 459 375 registratura
481 327 639 362 literarum
655 327 910 374 apostolicarum,
926 341 1006 376 quae

257 378 287 412 in
308 377 414 412 eadem
431 376 562 411 Camera
579 377 844 423 registrabuntur,
861 378 885 411 si
904 378 1006 413 bullae

258 426 514 473 vigintiquinque
534 438 643 461 versus
665 439 719 461 seu
745 427 842 462 lineas
867 440 927 463 nou
952 440 1007 462 ex—

256 475 380 516 cedant,
404 476 558 522 quinque;
587 476 610 510 si
636 477 833 519 excederent,
863 489 917 524 pro
940 479 1008 524 qni-

255 524 454 572 buscumquc
470 524 578 559 decern
598 526 900 567 versilius‚eai·lenos
916 527 1005 561 duos.

254 573 286 608 Si
311 574 416 608 literae
439 586 536 620 super
559 576 789 621 provisionibus
811 577 1008 611 consistoria-

255 623 326 657 liter
353 623 512 670 expeditis
543 624 602 658 sub
630 638 709 665 una,
733 626 823 666 duos;
847 625 906 659 sub
935 626 1007 672 plu-

255 672 342 707 ribus
367 672 461 707 bullis
484 685 556 708 cuin
581 675 840 709 conclusionibus
864 674 1005 709 informa

255 720 471 757 Cancellariae
494 723 633 770 expediri
657 723 770 764 solitis,
789 732 849 758 tres
872 724 1007 759 tim—onos

254 771 387 818 capiant.
414 771 477 806 Pro
504 773 658 819 exemplis
685 773 749 807 sive
777 773 878 819 copiis
906 773 1007 808 bulla-

254 833 336 866 rum,
364 833 400 856 ex
424 822 564 868 registris
592 822 692 868 ipsius
715 822 866 857 Gamerae
882 834 1028 857 sumen-=

254 869 314 910 dis,
338 870 567 917 quinquaginta
592 884 739 906 versuum
764 884 919 906 summam
943 884 1004 906 non

254 919 495 959 excedentibus,
509 932 635 966 grossos
647 929 784 968 septem;
799 922 824 955 si
841 921 1006 966 excedant,

254 981 310 1016 pro
346 969 544 1016 quibuslibet
581 969 704 1005 (luobus
742 970 838 1015 soliis,
860 983 1005 1017 grossum

254 1031 365 1053 unum.
389 1018 440 1059 Et,
461 1027 493 1053 ut
515 1019 676 1054 literarum
701 1019 884 1054 huiusmodi
908 1032 1007 1067 expe—

253 1067 390 1103 ditiones
414 1069 648 1114 procurantium
667 1069 864 1104 indemnitati
880 1077 910 1104 et
925 1082 1007 1104 com-

254 1117 349 1152 modo
382 1118 576 1159 consulatur,
601 1119 747 1153 volumus
781 1118 866 1166 quod
895 1119 1004 1153 notarii

253 1167 400 1202 antedicti
423 1167 478 1209 eis,
502 1168 556 1214 qui
580 1176 710 1203 anuatas
732 1176 762 1203 et
784 1169 842 1203 alia
861 1168 928 1203 iura
944 1167 1006 1203 Ca—

252 1227 357 1251 merae
385 1228 440 1264 pro
463 1216 720 1263 expeditionibus
754 1217 856 1251 debita
884 1218 1006 1264 persol-

251 1265 364 1306 verint,
387 1266 629 1312 quietantiarum
658 1274 688 1301 et
710 1265 933 1301 liberationum
962 1267 1007 1301 in-

244 1322 423 1360 strumenta
439 1327 536 1362 super
546 1315 758 1350 solutionibus
771 1328 826 1363 per
837 1328 890 1351 eos
905 1316 1005 1361 factis,

252 1364 330 1398 intra
355 1363 508 1410 triduum,
533 1365 615 1399 iuxta
639 1365 800 1412 antiquam
830 1374 1004 1401 consuetu-

251 1412 370 1455 dinem,
394 1414 542 1449 mercede
569 1414 658 1450 solita
688 1423 827 1462 recepta,
851 1415 881 1449 in
906 1415 1004 1450 forma

251 1463 407 1498 antedicta
439 1463 556 1499 habere
590 1464 838 1511 compellantur,
871 1476 925 1499 seu
950 1477 1006 1511 per

251 1524 305 1548 eos
332 1525 396 1547 non
419 1519 478 1548 stet
501 1513 673 1560 quominus
695 1513 888 1560 quietantias
923 1515 1005 1560 ipsas

251 1561 394 1609 partibus
422 1562 554 1607 tradant,
581 1575 642 1597 non
667 1563 822 1598 scribatur
845 1575 900 1610 per
921 1564 1007 1597 sub—

251 1611 376 1646 stitutos
413 1619 554 1653 tantum:
577 1611 693 1655 bullas,
721 1613 841 1647 ratione
870 1625 1004 1659 quarum

251 1668 362 1696 annata
385 1673 439 1696 seu
464 1661 523 1696 alia
547 1662 612 1696 iura
628 1662 705 1696 solvi
723 1662 838 1696 debent
855 1662 1006 1697 Gamerae

250 1710 509 1758 Apostolicae,et
532 1711 600 1746 illas
622 1723 704 1757 quae
731 1720 927 1746 concernunt
952 1712 1006 1745 in—

251 1767 368 1795 teresse
383 1759 484 1795 dictae
503 1759 656 1795 Gamerae
678 1768 731 1795 aut
754 1760 848 1795 Sedis
870 1761 1006 1808 Aposto-

250 1809 328 1844 licae
350 1809 608 1856 quomodolibet,
632 1810 691 1844 sub
715 1811 826 1856 poenis
855 1810 885 1844 in
922 1810 1005 1845 bulla

251 1858 484 1894 reformationis
504 1859 671 1894 contentis.
695 1859 807 1894 Bullae
824 1860 1005 1905 registratae

250 1908 468 1944 auscultentur
490 1921 546 1955 per
570 1922 668 1944 unum
693 1922 729 1943 ex
752 1909 883 1943 notariis
905 1909 1006 1945 dictae

251 1957 415 2003 Gamerae,
450 1958 594 1993 videlicet
628 1971 683 2005 per
715 1959 922 2002 mensurium,
951 1959 1005 2006 qui

252 2008 281 2042 in
295 2007 421 2054 signum
438 2008 676 2043 auscultationis
692 2020 818 2043 manum
843 2020 1004 2055 apponere

252 2058 280 2091 in
305 2057 448 2104 registro⁷
476 2065 505 2091 et
533 2057 571 2092 de
594 2058 674 2092 mala
701 2057 929 2093 auscultatione
959 2067 1006 2093 te-

253 2111 319 2146 neri
354 2111 478 2146 debeat.
510 2111 557 2146 Dc
583 2112 733 2147 restitutis
760 2121 901 2147 servetur
927 2125 1006 2147 con-

251 2165 396 2207 suetudo,
408 2166 562 2213 capiendo
577 2179 672 2201 tinum
696 2179 840 2213 grossum
859 2179 915 2214 pro
931 2180 1008 2202 una-

251 2231 375 2267 quaque
397 2220 494 2265 bulla,
515 2220 595 2255 idest
617 2233 673 2267 pro
696 2221 836 2268 quolibet
863 2221 1005 2267 plumbo,

251 2282 282 2309 et
303 2285 366 2308 non
391 2273 481 2309 ultra.
506 2273 751 2321 Resiguationes
779 2275 1004 2310 beneficiorum

251 2327 282 2362 in
303 2327 381 2363 albis
405 2340 467 2363 non
490 2328 625 2363 scribant
647 2341 705 2363 nec
724 2337 846 2364 secrete
870 2337 1006 2375 teneant,

252 2383 307 2419 sed
331 2383 410 2418 infra
437 2383 618 2430 quindecim
639 2383 705 2418 dics
722 2383 750 2418 iu
769 2384 848 2419 libro
864 2385 1005 2420 scribere

252 2445 428 2478 teneantur,
457 2439 540 2472 iuxta
562 2438 745 2473 mandatum
776 2438 901 2485 praefati
934 2439 1005 2474 lulii

253 2491 506 2539 praedecessoris
540 2492 615 2527 alias
647 2492 762 2527 factum
803 2502 831 2528 et
870 2493 1003 2529 indicta

252 2545 383 2582 Camera
411 2547 624 2593 registr-atum,
648 2548 730 2595 quod
760 2547 948 2583 innovamus
971 2561 1006 2585 ac

254 2600 347 2635 etiam
375 2601 533 2636 observari
572 2602 758 2638 mandamus
793 2603 822 2637 in
859 2603 1004 2646 caeteris,

252 2663 384 2703 excepto
410 2655 493 2691 dicto
516 2656 652 2692 termino
675 2656 857 2703 quindecim
880 2657 1003 2694 dierum

1682 268 1750 300 575

1049 329 1092 363 eis
1120 329 1191 364 dato
1213 341 1249 364 ex
1272 330 1410 376 legitima
1437 342 1541 372 eausa,
1556 338 1679 378 praeter
1702 332 1801 379 ipsius

1052 378 1194 413 sormam.
1209 378 1256 414 De
1269 379 1518 426 obligationibus
1531 388 1634 416 autem
1652 393 1709 428 pro
1732 393 1802 416 mo-

1051 429 1194 463 nasteriis
1225 429 1272 463 vel
1305 430 1448 464 eeclesiis
1478 430 1560 465 idem
1596 442 1719 466 servare
1752 440 1802 466 te-

1051 486 1193 519 neantur,
1214 478 1272 513 sub
1301 479 1480 524 praemissis
1508 479 1628 526 poeuis.
1657 479 1704 515 De
1726 493 1801 516 eae-

1052 537 1115 562 tero
1144 528 1357 563 emolumenta
1385 529 1430 563 eis
1457 528 1574 573 debita,
1597 538 1658 564 tam
1682 530 1801 566 ratione

1050 577 1205 611 examinis
1228 578 1517 624 promovendorum
1531 579 1623 614 etiam
1638 578 1675 613 ad
1694 591 1801 616 sacros

1050 627 1200 670 ordines,
1223 639 1315 673 quam
1341 627 1571 673 registi-ationis
1594 628 1751 664 bullarum
1772 639 1802 665 et

1050 675 1106 710 alia
1131 688 1351 722 quaecumque
1367 677 1447 712 iuter
1461 689 1493 712 se
1516 690 1572 725 pro
1595 685 1680 713 certo
1703 680 1802 725 pretio

1051 733 1102 759 aut
1129 725 1203 760 alias
1231 726 1343 771 quovis
1366 726 1460 762 modo
1479 727 1638 762 arrendari
1655 740 1716 763 uon
1734 741 1804 776 pos-

1049 775 1123 815 sint,
1147 774 1206 808 sub
1230 774 1325 808 simili
1364 788 1474 821 poena.
1503 776 1550 811 De
1578 777 1803 813 emolumentis

1051 836 1106 870 pro
1129 824 1281 858 ordinatis
1312 825 1535 872 percipiendis,
1564 826 1593 860 in
1617 834 1717 861 totum
1747 839 1802 874 per

1050 876 1158 917 eos(t)
1175 873 1364 907 ordinationi
1381 886 1434 921 per
1446 888 1503 910 nos
1516 875 1652 910 factaein
1663 876 1802 924 capitulo

1049 922 1132 956 eirca
1160 922 1356 957 ordinatores
1374 936 1428 970 per
1443 937 1499 959 nos
1514 925 1594 959 sacto
1606 926 1710 960 etsint
1729 938 1803 961 con-

1050 972 1138 1015 teuti,
1157 980 1187 1006 et
1212 972 1341 1006 ulterius
1369 973 1488 1020 aliquid
1513 974 1635 1020 exigere
1659 987 1719 1009 non
1743 975 1802 1010 de-

1049 1020 1153 1064 beant,
1169 1021 1229 1055 sub
1252 1021 1342 1055 dictis
1367 1024 1486 1068 poeuis.
1516 1023 1555 1057 Et
1578 1036 1634 1070 pro
1657 1036 1801 1072 unaqua—

1049 1083 1111 1117 que
1134 1071 1262 1105 materia
1284 1082 1321 1105 ex
1344 1072 1545 1118 supradictis,
1560 1085 1639 1119 quae
1654 1075 1802 1120 superius

1049 1131 1111 1153 non
1135 1128 1215 1154 esset
1239 1120 1267 1153 in
1291 1121 1396 1166 speeie
1419 1133 1577 1168 expressa,
1606 1131 1709 1157 tamen
1745 1123 1802 1158 de-

1050 1169 1202 1215 penderet
1233 1169 1271 1203 ab
1306 1170 1371 1210 eis,
1402 1171 1523 1216 possint
1550 1183 1685 1218 capere,
1709 1181 1802 1219 prout

1049 1230 1142 1265 supra
1166 1227 1212 1253 est
1234 1230 1420 1265 expressum
1445 1232 1461 1254 a
1483 1220 1591 1265 simili,
1614 1220 1802 1263 dummodo,

1049 1267 1138 1302 nullo
1172 1280 1244 1302 casu
1274 1280 1335 1302 non
1367 1280 1529 1316 expresso,
1564 1270 1687 1318 capiant
1723 1271 1801 1306 ultra

1051 1329 1150 1351 unum
1179 1317 1341 1352 ducatum.

1097 1367 1117 1413 g
1141 1368 1196 1401 10.
1228 1367 1406 1402 Causarum
1439 1368 1518 1402 sacri
1541 1367 1652 1403 Palatii
1677 1369 1801 1405 audito-

1050 1416 1144 1456 rium,
1163 1428 1226 1462 quo
1254 1416 1324 1451 lites
1351 1425 1381 1451 et
1399 1418 1632 1453 controversiae
1661 1419 1801 1466 undique

1049 1477 1085 1500 ex
1105 1465 1284 1500 christianis
1301 1466 1479 1511 confluunt,
1491 1475 1625 1513 rectum,
1640 1467 1799 1503 sincerum

1049 1521 1079 1548 et
1102 1527 1213 1561 purum
1240 1515 1268 1548 in
1292 1515 1403 1562 primis
1425 1528 1507 1560 esse,
1529 1529 1564 1552 ac
1586 1517 1725 1564 optimae
1748 1517 1802 1553 sa-

1050 1575 1118 1598 mae
1142 1564 1239 1598 titulis
1263 1565 1407 1610 insigniri
1427 1564 1532 1610 debet,
1555 1578 1594 1600 ne
1618 1565 1702 1601 unde
1729 1568 1801 1602 uni-

1050 1614 1148 1647 versis
1170 1626 1232 1648 non
1257 1615 1355 1659 magis
1378 1613 1486 1648 iudicii
1509 1615 1690 1661 discrimen,
1707 1629 1800 1664 quam

1048 1674 1171 1696 morum
1201 1663 1366 1710 disciplina
1395 1671 1423 1697 et
1446 1665 1627 1712 exemplum
1652 1669 1800 1708 sumnum

1048 1711 1181 1747 alicuius
1212 1712 1291 1747 sorte
1320 1713 1461 1747 criminis
1489 1714 1692 1761 suspectione
1720 1715 1802 1750 inse-

1049 1769 1147 1802 ctum‚
1170 1770 1223 1796 aut
1246 1762 1336 1808 culpa
1353 1762 1590 1809 coinquinatum
1613 1764 1801 1806 inventarum

1049 1822 1134 1851 cum,
1158 1818 1191 1845 ut
1217 1812 1357 1846 omnium
1382 1812 1476 1846 verbo
1498 1813 1560 1848 (lici
1588 1813 1678 1853 solet,
1697 1814 1801 1849 omnis

1050 1861 1138 1907 plane
1160 1861 1225 1895 vitii
1242 1869 1313 1895 nota
1330 1873 1438 1896 carere
1453 1861 1560 1907 debet,
1581 1863 1633 1910 qui
1650 1863 1680 1897 in
1703 1863 1799 1899 alium

1048 1910 1235 1945 sententiam
1260 1910 1364 1945 dicere
1379 1919 1505 1958 paratus
1519 1920 1575 1946 est.
1599 1912 1690 1947 Enim
1716 1925 1799 1957 vero,

1048 1960 1171 2009 qualem
1212 1971 1282 1994 esse
1317 1960 1452 1996 iustitiae
1479 1961 1613 2007 effigiem
1656 1963 1801 2008 congruit

1050 2009 1207 2058 pudicam,
1230 2019 1440 2055 constantem,
1462 2023 1615 2051 severam,
1642 2011 1800 2046 inflexibi-

1048 2062 1122 2106 lem,
1145 2072 1207 2096 non
1231 2060 1392 2108 precibus,
1415 2073 1478 2095 nou
1504 2061 1615 2107 pretio,
1639 2073 1700 2095 nou
1734 2074 1802 2107 gra-

1049 2111 1109 2146 tiae
1127 2110 1306 2155 obnoxiam,
1331 2122 1392 2144 non
1417 2110 1590 2154 blanditiis,
1615 2122 1677 2144 non
1705 2111 1800 2146 minis

1049 2173 1064 2195 a
1088 2161 1161 2195 recti
1191 2160 1314 2196 tramite
1342 2159 1476 2200 deviam,
1504 2160 1580 2194 tales
1599 2159 1715 2195 eteius
1731 2173 1800 2196 esse

1049 2211 1211 2246 ministros
1243 2211 1342 2246 decet.
1366 2210 1437 2251 Quo
1461 2210 1541 2244 cirea
1569 2209 1702 2245 dilectos
1721 2211 1801 2246 lilios

1048 2260 1251 2308 cappellanus
1274 2268 1409 2299 nostros,
1432 2259 1486 2306 qui
1513 2259 1614 2294 Rotae
1637 2260 1715 2294 sacri
1743 2260 1801 2295 Pa-

1047 2310 1110 2344 latii
1129 2310 1266 2344 tribunal
1284 2316 1408 2356 regunt,
1425 2308 1453 2342 iu
1469 2307 1606 2344 Domino
1627 2308 1798 2352 hortamur,

1048 2372 1083 2394 ac
1112 2373 1167 2408 per
1197 2361 1314 2396 viscera
1350 2358 1582 2393 misericordiae
1610 2359 1668 2393 Dei
1702 2361 1799 2394 nostri

1047 2410 1251 2457 astringimus
1278 2418 1306 2444 et
1335 2408 1536 2453 mandamus,
1579 2417 1611 2443 ut
1639 2408 1798 2443 iudicandi

1048 2472 1165 2495 munus
1188 2459 1245 2494 sibi
1282 2458 1485 2494 commissum
1509 2459 1572 2506 pie,
1594 2466 1713 2503 sancte,
1743 2459 1799 2492 in-

1049 2518 1193 2558 corrupte
1216 2521 1242 2544 et
1267 2510 1335 2544 sine
1364 2517 1435 2544 nota
1463 2509 1799 2550 exerceannsatuber-

1049 2560 1143 2595 rimas
1170 2558 1414 2595 constitutiones
1437 2566 1465 2593 et
1487 2558 1694 2594 Summorum
1711 2558 1799 2593 Pon-

1049 2609 1167 2645 tificum
1191 2615 1440 2655 extravagantes,
1455 2607 1536 2644 circa
1559 2608 1699 2655 ipsorum
1723 2607 1799 2643 offi-

1086 2668 1126 2704 (1)
1145 2667 1213 2695 Add.
1235 2666 1253 2695 s.
1270 2670 1356 2694 stetur
1373 2667 1412 2704 (n.
1430 2666 1480 2703 τ.).

1815 277 1867 304 An.
1885 276 1913 303 C.
1931 276 1998 303 15¹3

1877 1381 1938 1402 Rota.
