2281 3251
59 317 106 344 An.
123 315 152 344 C.
171 315 235 343 ¹³2¹

67 870 145 895 Eidem,
159 867 242 894 coniugi

59 905 87 954 :¹11
95 901 143 923 filiis
158 899 242 920 benedi-

929 313 991 337 LEO
1014 314 1035 336 Χ
1063 314 1112 337 ΡΡ.

254 381 344 417 aqua
357 369 509 404 exaltatus
530 368 639 410 fueris,
666 368 774 403 sortior
800 376 830 403 et
853 377 1002 403 constan-

255 419 315 454 tior
336 419 460 462 evades,
482 430 517 452 ac
536 418 565 452 in
589 418 738 462 Domino,
758 417 912 452 bonorum
934 430 1003 452 om-

256 469 340 503 nium
369 467 527 514 largitore,
549 467 726 512 laetaberis,
741 475 929 514 perpetuum
945 467 1004 501 hoe

255 525 285 552 et
312 516 488 552 immortale
522 516 638 563 gloriae
666 525 735 551 tuae
763 524 1002 552 monumentum

256 567 391 614 posteris
432 566 494 601 tuis
534 566 732 612 relinquere,
772 566 896 612 illisque
924 566 1003 600 viam

256 615 423 651 ostendere
440 643 447 657 ,
473 623 515 660 ut,
544 615 568 650 si
598 616 647 650 tali
672 615 761 650 titulo
796 616 854 662 ipsi
877 627 1004 662 quoquc

255 665 400 712 insigniri
418 665 579 712 optabunt,
609 664 678 699 talia
702 665 795 699 ctiam
819 677 913 712 opera
942 664 1006 698 effi-

256 727 338 756 cere,
359 715 578 762 praeclaraque
598 715 767 750 maiestatis
792 722 861 749 tuae
875 714 1004 760 vestigia

257 765 347 812 sequi
375 764 530 798 studeant.

306 814 326 861 S
346 817 379 848 4.
404 813 506 855 Quam
525 841 532 854 ‚
556 821 647 860 prout
669 812 706 847 de
734 812 824 847 nobis
858 820 889 847 et
923 811 1006 846 dicta

257 863 340 899 Sede
363 864 481 910 optime
504 863 613 897 merita
635 870 697 903 est,
723 875 783 897 una
812 874 884 897 cum
912 873 1006 896 uxore

258 921 287 948 ct
315 913 387 948 filiis
421 924 457 947 ac
479 912 641 956 omnibus,
664 912 717 958 qui
746 924 761 946 a
786 920 815 946 te
837 920 867 946 et
889 911 927 946 ab
948 911 1007 945 illis

259 970 437 1006 nascentur,
461 970 565 996 nostra
585 961 803 996 benedictione
819 961 849 995 in
880 960 1007 995 nomine

258 1012 360 1056 Illius,
383 1024 398 1046 a
427 1023 489 1058 quo
523 1011 606 1045 illam
641 1010 836 1046 concedendi
872 1018 1008 1057 potestas

261 1061 350 1096 uobis
384 1061 453 1095 data
488 1067 546 1101 est,
574 1060 656 1106 larga
693 1068 722 1094 et
762 1060 880 1094 liberali
915 1071 1007 1094 manu

261 1110 504 1155 benedicentes,
523 1109 720 1144 Altissimum
750 1109 854 1150 illum,
882 1109 935 1156 qui
959 1108 1009 1143 di-

263 1160 303 1195 xit
327 1162 387 1195 Per
412 1172 458 1194 me
478 1172 560 1205 reyes
586 1166 714 1205 regnant
730 1166 756 1193 et
775 1159 928 1204 principes
950 1160 1010 1192 im-

258 1218 379 1255 perant,
407 1218 436 1245 et
459 1210 488 1244 in
512 1209 602 1245 cuius
630 1221 723 1244 manu
747 1208 839 1243 corda
863 1215 937 1242 sunt
961 1219 1010 1242 re-

1676 304 1743 337 775

1045 381 1131 415 gum,
1160 381 1305 415 rogamus
1328 377 1357 403 et
1379 369 1583 404 obsecramus
1611 377 1644 404 ut
1671 381 1738 403 eam
1763 369 1792 402 in

1045 431 1102 453 suo
1130 427 1237 453 sancto
1267 418 1428 466 proposito
1462 417 1640 459 confirmet,
1662 418 1793 464 eiusque

1046 468 1242 502 devotionem
1272 468 1467 514 multiplicet,
1490 479 1526 502 ac
1549 467 1716 514 praeclaris
1740 479 1794 513 pro

1046 525 1152 552 sancta
1176 517 1235 551 side
1258 517 1358 563 gestis
1381 517 1419 551 ita
1444 516 1587 557 illustret,
1607 529 1642 552 ac
1656 517 1709 551 toti
1725 516 1792 550 orbi

1047 574 1199 601 terrarum
1222 567 1427 613 conspicuam
1446 565 1564 606 reddat,
1580 573 1614 600 ut
1631 565 1794 604 iudicium,

1047 615 1132 662 quod
1155 615 1193 650 de
1228 617 1294 663 ipsa
1327 615 1470 655 fecimus,
1498 627 1565 650 eam
1589 622 1651 650 tam
1681 614 1794 660 insigni

1049 665 1137 699 titulo
1164 665 1370 709 decorantes,
1398 677 1412 698 a
1442 664 1567 700 nemine
1603 664 1716 699 falsum
1744 671 1796 698 aut

1048 727 1161 749 vanum
1191 714 1319 749 iudicari
1353 715 1466 761 possit;
1500 714 1627 749 demum
1657 712 1797 748 mortalis

1048 769 1143 804 liuius
1171 770 1251 804 vitae
1274 769 1359 803 linito
1386 768 1557 813 curriculo,
1585 768 1796 815 sempiternae

1048 824 1137 858 Illius
1158 823 1274 870 gloriae
1286 825 1476 871 ,consortem
1498 831 1592 870 atque
1612 823 1795 870 participem

1050 878 1169 914 reddat.

1098 932 1181 966 Nulli
1205 943 1279 977 ergo
1301 939 1353 965 etc.

1099 987 1213 1021 Datum
1237 986 1357 1021 Romae
1379 985 1461 1032 apud
1487 984 1639 1019 Sanctum
1658 984 1798 1024 Petrum,

1051 1054 1132 1076 anno
1163 1040 1391 1075 Incarnationis
1425 1039 1601 1073 dominicae
1632 1037 1798 1072 millesimo

1051 1094 1305 1142 quingentesimo
1321 1093 1587 1140 vigesimoprimo,
1602 1092 1714 1140 quinto
1731 1091 1801 1125 idus

1052 1149 1200 1194 octobris,
1228 1147 1428 1195 pontificatus
1451 1146 1547 1181 nostri
1576 1157 1657 1180 anno
1678 1157 1725 1179 lx.

1099 1211 1160 1242 Dat.
1177 1211 1222 1240 die
1239 1210 1272 1240 11
1291 1208 1419 1240 octobris
1438 1208 1524 1245 1521,
1540 1211 1617 1247 pont.
1635 1215 1710 1237 anno
1726 1214 1762 1235 ix.

833 1865 942 1901 FINIS
966 1863 1070 1899 TOM!
1097 1862 1253 1905 QUINTI.

1811 314 1860 340 An.
1879 312 1906 338 C.
1925 312 1987 338 ¹52¹

1821 938 1904 961 sancito
1915 944 1996 966 ‚onua-

1813 971 1846 991 lin.
