2281 3251
262 268 310 295 Αη.
330 268 357 294 Ο
376 267 445 296 ¹520

274 1167 441 1189 Contrateruitas

257 1199 355 1225 Rosam,
386 1201 441 1220 anti-

257 1232 326 1258 quitus
342 1238 353 1251 a
370 1231 390 1252 B.
402 1231 443 1252 Do-

257 1264 334 1283 minteo
347 1263 443 1283 instituta

257 1299 304 1314 rnox
320 1299 393 1314 renov.
410 1298 433 1313 es
436 1296 443 1313 t

256 1326 278 1345 in
300 1326 386 1346 civitate
402 1323 443 1345 Co-

257 1354 357 1377 touienni.

509 256 578 291 758

458 323 495 358 ad
511 323 645 358 salubria
670 323 792 370 pietatis
815 333 908 368 opera
932 328 962 355 et
987 322 1213 368 praceipueip-

458 373 523 407 sius
539 373 678 407 Pastoris
707 385 774 406 eius
767 384 838 417 qne
855 371 1056 406 beatissimae
1075 383 1110 406 ac
1127 384 1212 406 sem-

460 435 513 477 per
535 422 672 467 Virginis
700 422 900 455 intenuratae
921 420 1105 464 Genitricis,
1128 421 1210 468 apud

459 472 560 526 ipsum
581 483 636 518 pro
652 471 743 504 nobis
771 470 950 509 atlrochitae
974 470 1092 504 cultum
1116 479 1145 504 et
1161 470 1212 505 de-

458 520 591 555 votionis
621 520 765 554 affectum
779 547 787 562 ,
829 519 949 566 quibus
990 520 1211 555 immarcesci—

459 570 538 605 biles
568 571 597 604 iu
634 569 730 604 coelis
762 569 927 604 thesauros
955 569 1150 612 reconde·,ie
1181 578 1210 603 et

458 620 603 654 coelestis
626 620 742 664 patriae
769 619 853 653 cives
883 619 962 653 ellici
993 619 1125 665 possint,
1148 619 1212 654 fre-

458 677 590 716 quenter
616 669 795 709 invitemus;
811 676 841 702 et
858 668 918 713 liis,
937 680 1019 714 quae
1046 677 1210 716 propterea

459 718 586 763 provide
619 730 768 753 concessa
806 718 904 752 fnisse
927 719 1151 765 percepimus,
1180 727 1211 753 ut

459 769 544 802 lirina
569 775 723 815 perpetuo
745 775 776 802 et
798 767 915 802 illibata
936 768 1115 814 persistant,
1138 780 1210 803 curn

457 830 472 851 a
491 816 592 861 nobis,
609 818 792 863 praesertim
815 829 870 863 per
891 817 1069 852 saeculares
1093 818 1212 864 princi-

459 878 514 912 pes
529 874 556 901 et
581 867 655 901 alias
675 878 827 913 personas
843 865 934 901 nobis
958 874 988 900 et
1011 867 1212 913 Apostolicae

457 915 530 950 Sedi
553 923 657 961 gratas
679 924 707 950 et
730 916 874 959 devotas,
898 915 1061 951 humiliter
1083 917 1211 963 petitur,

460 973 585 1000 nostrae
599 965 836 1012 approbationis
845 973 875 999 et
891 965 1102 1000 innovationis
1117 965 1212 1000 liben-

458 1022 504 1048 ter
519 1014 688 1049 adiicimus
711 1015 902 1055 firmitatem,
919 1023 1012 1062 prout
1029 1014 1057 1048 in
1073 1015 1212 1050 Domino

457 1064 676 1111 conspicimus
697 1064 865 1099 salubriter
888 1064 1049 1111 expedire.

505 1112 525 1160 S
550 1115 581 1148 t.
612 1113 706 1153 Sane,
725 1126 780 1161 pro
803 1122 889 1161 parte
911 1113 1100 1149 dilectorum
1124 1113 1213 1148 filio-

458 1174 527 1197 rum
570 1163 682 1210 prioris
703 1173 734 1198 et
756 1163 886 1198 fratrum
915 1163 1029 1198 domus
1051 1163 1215 1197 Praedica-

457 1220 560 1247 torum
574 1212 813 1248 Coloniensium
836 1225 937 1259 nuper
951 1212 1088 1247 exhibita
1105 1213 1213 1259 petitio

457 1261 637 1297 continebat
666 1262 750 1309 quod
787 1262 874 1301 olim,
899 1270 991 1308 prout
1019 1262 1048 1295 in
1074 1262 1213 1296 bistoriis

458 1310 583 1357 legitur
606 1324 621 1346 a
637 1320 745 1346 sancto
767 1311 936 1346 Dominico
963 1311 1118 1358 quaedam
1136 1323 1213 1346 con·

457 1360 632 1396 fraternitas
657 1362 821 1408 utriusque
848 1373 945 1395 sexus
973 1361 1141 1405 fidelium,
1175 1360 1213 1394 de

456 1409 591 1445 Rosario
617 1410 760 1444 eiusdem
792 1410 907 1445 Beatae
929 1410 1046 1445 Mariae
1072 1409 1214 1456 Virginis

457 1469 649 1506 nuncupata,
672 1460 710 1494 ad
734 1460 887 1495 bonorem
903 1459 1073 1505 Angelicae,
1088 1458 1212 1494 Saluta-

457 1509 552 1543 tionis
567 1509 796 1554 instituta,etin
807 1509 938 1544 diversis
950 1509 1058 1543 muudi
1070 1508 1213 1555 partibus

457 1558 622 1604 praedicata
638 1558 705 1599 fnit,
721 1559 930 1606 sequentibus
941 1559 1051 1604 signis.
1065 1558 1127 1593 Sed
1141 1571 1211 1593 enm

457 1607 524 1654 ipsa
547 1608 799 1653 confraternitas,
809 1608 943 1643 decursu
962 1608 1128 1655 temporis,
1150 1608 1214 1643 fere

458 1657 598 1703 neglecta
613 1657 760 1693 fuissetet
777 1658 1008 1693 inoblivionem
1027 1659 1214 1702 transiisset,

457 1705 496 1741 de
505 1719 587 1742 anno
601 1719 761 1743 mentxxv
783 1708 895 1743 civitas
910 1716 940 1742 et
959 1707 1115 1742 dioecesis
1129 1720 1215 1755 prae—

457 1755 552 1801 dicta,
575 1758 696 1792 meritis
719 1766 748 1792 et
765 1758 1048 1793 intercessionibus
1069 1757 1212 1792 eiusdem

456 1804 595 1853 Virginis
609 1819 625 1841 a
640 1807 729 1842 bellis
743 1807 870 1842 liberata
884 1810 945 1851 (t),
962 1808 991 1841 in
1007 1807 1141 1842 ecclesia
1165 1807 1214 1841 di-

457 1862 526 1890 ctae
553 1856 667 1891 domus
689 1857 835 1892 innovata
858 1865 888 1892 et
908 1856 946 1890 de
965 1869 1045 1891 novo
1074 1857 1213 1891 instituta

458 1904 539 1945 fuit,
570 1917 640 1940 cum
664 1915 750 1941 certo
779 1906 873 1941 modo
900 1906 1027 1950 orandi,
1055 1905 1213 1947 videlicet,

457 1953 543 2000 quod
572 1955 746 1990 confratres
768 1964 798 1990 et
816 1967 940 1990 sorores
968 1955 1109 1990 eiusdem
1134 1968 1214 1990 con-

459 2003 673 2045 fraternitatis,
690 2005 792 2040 tribus
813 2005 927 2040 diebus
948 2005 1116 2039 cuiuslibet
1136 2005 1215 2039 beb-

457 2052 634 2095 domadae,
662 2054 700 2089 ad
732 2054 885 2090 honorem
907 2053 967 2088 Dei
997 2061 1027 2088 et
1059 2054 1214 2101 praefatae

457 2101 611 2149 Virginis,
630 2116 666 2139 ac
687 2113 796 2139 contra
811 2104 1008 2138 imminentia
1032 2103 1142 2137 mundi
1158 2116 1214 2150 pe-

460 2152 558 2187 ricula
591 2153 748 2200 legerent,
775 2153 970 2189 coniunctim
995 2153 1041 2187 vel
1076 2153 1214 2198 divisim,

460 2203 551 2237 toties
578 2202 763 2249 Angelicam
789 2203 1018 2238 Salutationem
1040 2210 1117 2250 quot
1140 2211 1213 2237 sunt

460 2251 570 2298 psalmi
591 2252 620 2286 in
630 2252 782 2288 Psalterio
793 2252 1212 2299 Davidico,singulisdecem

459 2301 702 2337 salutationibus
732 2302 914 2338 huiusmodi
942 2301 1126 2337 Orationem
1154 2302 1214 2336 Do-

460 2351 607 2386 minicam
637 2352 735 2386 semel
759 2352 1002 2400 praeponendo3
1030 2360 1060 2387 et
1084 2352 1212 2386 modum

495 2422 534 2457 (l)
552 2422 636 2457 Ripoll
652 2423 699 2456 sic,
718 2424 818 2458 integra
835 2423 956 2458 apposita
977 2423 1117 2458 pericope,
1144 2422 1214 2449 bunc

461 2461 546 2489 locum
564 2463 637 2497 legit:
658 2472 688 2489 nc
702 2472 772 2490 nium
790 2471 919 2490 ntcnrxxv
935 2466 1030 2489 cit-itas
1055 2466 1078 2489 et
1095 2465 1214 2488 dioecesis

461 2505 621 2530 Coloniensis
632 2506 754 2536 gli-aribus
767 2505 836 2529 bellis
848 2507 1027 2536 premeretur,
1045 2505 1133 2529 cartem
1153 2511 1214 2528 con-

460 2545 631 2577 fraternitas,
643 2547 676 2570 art
687 2546 790 2570 taudem
803 2548 826 2570 et
838 2547 964 2570 honorem
973 2546 1112 2576 praefatae
1122 2544 1214 2576 1ἰίᾪί-

463 2585 513 2615 nis,
525 2587 554 2610 ut
566 2587 656 2610 civitas
665 2588 689 2610 et
700 2587 819 2610 dioecesis
829 2586 969 2616 proedicta,
982 2586 1084 2609 meritis
1095 2587 1118 2609 et
1131 2586 1215 2609 inter-

462 2625 618 2650 cessionibus
629 2626 742 2650 et'usdem
754 2624 888 2657 Vtrosssts,
900 2626 932 2650 ab
943 2626 978 2650 eis
991 2625 1064 2650 beu-‘s
1081 2625 1213 2650 liberare-

464 2666 525 2695 tur²
542 2667 592 2689 etc.
615 2664 653 2699 (n.
670 2663 720 2699 τ.).

1038 267 1098 291 nm
1100 266 1227 291 mmm!
1253 266 1416 290 nonnum!

1254 321 1362 355 orandi
1393 321 1574 357 huiusmodi
1598 322 1785 358 psalterium
1808 322 1874 358 sive
1895 322 2006 358 Rosa-

1255 371 1334 404 rium
1363 371 1504 406 eiusdem
1535 372 1650 407 Beatae
1675 372 1817 420 Virginis
1839 373 2008 420 vulgariter

1253 420 1457 466 appellatum.

1301 471 1376 516 32.
1399 469 1502 511 Quam
1520 470 1648 516 quidem
1673 471 1981 507 confraternitatem'
1974 483 2005 506 in
2021 478 2209 536 §flagiggtisngx

2021 541 2147 563 inGerman.
2159 546 2206 562 eun

1253 568 1327 602 dum
1353 568 1453 603 bonae
1477 570 1648 604 memoriae
1675 570 1854 605 Alexander
1880 573 2147 618 episco-‘⁸¹·⁰0⁸'¹²=

1253 518 1333 553 dicta
1348 519 1478 553 ecclesia
1495 519 1534 553 de
1551 532 1630 555 novo
1648 521 1840 565 institutam,
1865 529 2007 569 postmo-

1255 630 1312 664 pus
1337 617 1573 662 Foroliriensis,
1596 628 1671 654 tnnc
1693 620 1894 666 Apostolicae
1914 619 2008 654 Sedis

1253 679 1324 701 cum
1349 675 1504 714 potestate
1528 668 1618 711 levati
1647 668 1686 703 de
1713 669 1810 704 latere
1834 681 1889 716 per
1910 677 2005 703 totam

1253 716 1456 751 Germaniam
1482 718 1640 762 nuncius,
1668 718 1818 764 singulari
1842 718 2009 753 devotione

1254 774 1428 813 permotus,
1444 775 1473 801 et
1497 779 1529 801 se
1553 767 1580 800 in
1601 767 1744 802 eamdem
1761 767 2008 802 confraternita-

1255 823 1315 849 tem
1332 816 1428 863 recipi
1447 824 1540 862 atqne
1551 817 1708 851 conscribi
1726 818 1834 851 volens
1844 826 1873 851 et
1888 825 2008 864 petens,

1253 864 1290 899 ad
1309 877 1417 912 preces
1431 866 1532 900 clarae
1554 866 1725 901 memoriae
1747 866 1889 901 Federici
1909 866 2009 907 tertii,

1253 913 1388 949 Romani
1407 915 1618 962 imperatoris,
1636 917 1820 950 auctoritate
1837 915 2009 963 apostolica

1253 964 1451 1011 approbavit,
1475 965 1672 1000 confirmavit
1694 974 1723 1000 et
1745 966 1922 1000 ratificavit.

1302 1014 1322 1060 ἓ
1351 1017 1382 1048 5.
1406 1013 1453 1048 Ac
1475 1015 1623 1049 omnibns
1641 1024 1671 1050 et
1693 1015 1828 1062 singulis
1845 1015 2010 1062 utriusque

1254 1074 1348 1097 sexus
1366 1063 1511 1098 fidelibus
1538 1064 1640 1099 dictae
1659 1064 1924 1099 confraternitatis
1939 1076 2009 1098 eon-

1255 1111 1403 1147 fratribns
1417 1121 1447 1147 et
1461 1113 1699 1153 consororibus,
1715 1114 1746 1148 in
1764 1114 1898 1160 singulis
1913 1114 2011 1161 quiu-

1254 1174 1315 1208 que
1351 1163 1450 1209 ipsius
1486 1162 1686 1198 beatissimae
1720 1163 1837 1198 Mariae
1868 1163 2009 1210 Virginis

1257 1212 1434 1258 praecipuis
1463 1212 1699 1256 festivitatibus,
1722 1213 1843 1247 scilicet
1866 1212 2011 1246 Annun-

1255 1261 1411 1303 ciationis,
1430 1261 1638 1306 Visitationis,
1657 1262 1909 1309 Assumpdonis,
1926 1261 2011 1296 Nati-

1256 1310 1368 1354 vitatis,
1387 1310 1632 1349 Purificationis,
1656 1320 1802 1351 centnm3
1830 1319 1860 1346 et
1884 1311 2010 1358 quoties

1257 1371 1358 1405 perse
1374 1361 1419 1395 vel
1437 1372 1491 1406 per
1503 1360 1598 1395 alium
1614 1361 1733 1395 dictum
1744 1360 1911 1396 Rosarinm
1925 1361 2010 1406 lege-

1256 1417 1324 1443 rent
1346 1409 1393 1443 vel
1416 1410 1474 1455 legi
1499 1410 1649 1450 facerent,
1671 1423 1726 1445 seu
1750 1410 1890 1445 sabbatis
1917 1418 1947 1445 et
1963 1409 2012 1445 se-

1255 1458 1341 1493 stivis
1350 1458 1461 1494 diebus
1471 1459 1681 1494 decantationi
1692 1461 1786 1495 Salve
1797 1461 1927 1505 Reqina,
1939 1471 2011 1506 quae

1257 1516 1324 1553 post
1344 1508 1587 1555 completorium
1609 1509 1637 1543 in
1663 1509 1745 1544 dicta
1773 1509 1903 1544 ecclesia
1924 1509 2011 1544 eius-

1255 1556 1326 1591 dem
1355 1557 1553 1593 beatissimae
1575 1557 1727 1605 Virginis,
1751 1558 1803 1593 ubi
1828 1559 1909 1593 dicta
1937 1570 2011 1594 con-

1255 1605 1431 1642 fraternitas
1451 1608 1592 1643 instituta
1620 1609 1731 1646 extitit,
1758 1615 1789 1643 et
1820 1620 1914 1655 qnam
1944 1608 2011 1655 ipsc

1256 1657 1394 1692 nuncius
1417 1666 1507 1692 antea
1530 1665 1786 1702 consecraverat,
1809 1657 2010 1702 cantabatur,

1257 1707 1458 1746 interessent,
1485 1719 1528 1742 ει
1550 1707 1619 1743 dies
1643 1707 1912 1755 indulgentiarum
1931 1719 2012 1743 cou-

1255 1765 1364 1790 cessit.

1304 1806 1324 1852 §
1346 1808 1378 1840 4.
1409 1805 1448 1840 Et
1476 1815 1545 1854 post
1567 1819 1641 1842 vero
1660 1807 1760 1842 felicis
1781 1806 2008 1842 recordationis

1255 1854 1369 1890 Sixtus
1391 1855 1475 1903 Papa
1491 1856 1871 1904 quartus,praedecessor
1890 1865 2008 1897 noster,

1256 1913 1387 1952 accepto
1410 1918 1466 1952 per
1492 1918 1564 1941 enm
1589 1907 1674 1954 quod
1694 1906 1935 1942 confraternitas
1948 1906 2011 1941 hu-

1256 1954 1392 1989 iusmodi
1412 1956 1442 1988 in
1466 1955 1547 1990 dicta
1567 1956 1700 1991 ecclesia
1715 1956 1763 1991 sic
1779 1956 1817 1991 de
1833 1968 1912 1990 novo
1926 1956 2010 1991 insti-

1256 2011 1319 2038 tuta
1337 2004 1447 2043 fuerat,
1462 2005 1559 2040 voluit
1575 2013 1605 2040 et
1621 2006 1776 2040 ordinavit
1799 2005 1883 2053 quod
1898 2017 2010 2040 omnes

1255 2061 1285 2087 et
1301 2054 1415 2099 singuli
1438 2055 1611 2090 confratres
1626 2056 1793 2102 utriusque
1810 2067 1916 2095 sexus,
1931 2067 2010 2090 con-

1257 2106 1480 2142 fraternitatem
1503 2109 1694 2156 praedictam
1710 2116 1885 2153 servantes,
1902 2116 1961 2143 tam
1978 2108 2010 2143 in

1256 2161 1337 2196 dicta
1361 2162 1486 2197 civitate
1521 2162 1733 2208 Coloniensi,
1755 2175 1850 2211 quam
1880 2170 1910 2197 et
1936 2161 2010 2196 alibi

1258 2215 1449 2264 ubicumque
1472 2216 1613 2252 locorum
1640 2225 1713 2252 tunc
1733 2225 1764 2252 et
1785 2228 1841 2265 pro
1869 2223 2010 2263 tempore

1255 2270 1438 2314 existentes,
1474 2283 1546 2306 vere
1574 2272 1772 2318 poenitentes
1799 2278 1829 2305 et
1863 2269 2010 2316 confessi,

1256 2324 1309 2370 qui
1325 2324 1510 2360 Orationem
1526 2325 1727 2361 Dominicam
1742 2334 1771 2360 et
1781 2323 2010 2360 Salutationem

1256 2378 1443 2425 Ange-licam
1473 2380 1662 2427 praedictam
1705 2379 1799 2414 modo
1838 2378 2011 2426 praemisso

1256 2431 1398 2468 dicerent
1421 2434 1450 2468 in
1474 2434 1610 2480 singulis
1631 2432 2010 2477 Nativitatis,Annuncia·

1257 2487 1361 2527 tionis,
1376 2487 1614 2534 Assumptionis
1635 2487 1780 2523 eiusdem
1799 2487 1914 2522 Beatae
1935 2485 2010 2520 Vir-

1255 2541 1336 2586 ginis
1364 2541 1480 2577 Mariae
1508 2542 1745 2583 festivitatibus,
1779 2540 2008 2587 indulgentiam

1256 2604 1376 2642 septem
1401 2608 1556 2631 annorum
1580 2605 1609 2631 et
1633 2596 1761 2632 totidem
1789 2595 2010 2643 quadragena·-

1257 2662 1324 2684 rum
1348 2657 1631 2698 consequerentur.

2021 267 2071 294 An.
2089 268 2117 295 C.
2139 267 2206 296 ¹520

2042 1024 2208 1053 contrari-thum.

2023 1056 2131 1082 indulgen.
2156 1062 2210 1078 con·

2023 1089 2096 1109 cessit.

2035 1812 2087 1835 Sixt.
2113 1812 2140 1835 {V
2163 1819 2210 1836 eun

2023 1845 2118 1866 extendit
2130 1846 2155 1867 nd
2166 1850 2209 1866 om-

2023 1877 2058 1897 nia
2072 1876 2113 1897 alia
2127 1876 2188 1902 locu
