2281 3251
276 251 328 279 Aa,
346 252 373 279 c,
390 254 456 281 ηπ
530 244 575 275 74
1059 254 1247 277 eruanimi
1276 255 1437 278 nonum
2049 261 2099 288 An.
2117 261 2147 289 c,
2166 262 2233 290 thaz

479 309 586 342 vinum
601 308 701 342 etalia
718 308 754 342 ad
780 308 894 343 victum
909 309 1099 348 necessaria,
1119 318 1148 342 et
1167 309 1233 343 ubi·
1277 311 1454 357 dragesimo
1478 312 1584 356 tertio,
1607 321 1715 347 octavo
1738 312 1807 347 idus
1829 312 2031 359 septembris,

477 370 627 403 cumque,
655 370 726 391 cuin
761 359 861 393 saccis
896 368 925 392 et
954 359 1070 405 sportis
1107 358 1233 404 publice
1277 361 1479 406 pontificatus
1513 362 1611 396 nostri
1633 373 1717 396 anno
1745 362 1976 397 tertiodecimo.

477 407 691 441 mendicando
713 420 865 461 quaesere
887 420 922 442 ²¹⁰
942 419 1091 454 P‘l'c'llffl'e·
1214 457 1219 462 .
1295 422 1355 452 Dat.
1372 422 1420 452 die
1432 423 1450 453 ὓ
1465 423 1644 462 septembris
1661 423 1745 460 1443,
1762 428 1840 463 pont.
1857 433 1934 453 anno
1950 433 2011 454 xut.

525 456 544 503 ἓ
572 459 624 490 15.
651 456 688 490 Et
711 469 735 490 si
761 456 889 491 forsitan
916 458 977 491 ullo
1006 466 1159 503 tempore,
1181 457 1231 491 ali-

280 512 444 539 congressum..
475 518 569 552 quam
594 519 650 540 scu
680 505 800 552 aliquas
828 506 955 541 fratrum
997 506 1070 540 dicti
1099 506 1231 541 Ordinis

272 546 394 570 praedict-xe
438 549 458 565 οι

272 576 320 595 ..Μ
336 577 361 595 ae
383 556 657 596 Ub‘w-Socjfflamm
702 556 746 589 γρ,
789 556 968 599 societates,
1005 555 1065 590 sub
1094 557 1228 602 regular,
1287 546 1436 589 Sequitur
1457 546 1627 580 declaratio
1648 547 1747 580 dictae
1772 547 2008 580 constt‘tutwm‘s.

271 604 668 660 &22:22U2212JJobservantia
697 605 840 660 eiusdem
873 604 1005 660 Qrdinis
1032 605 1228 661 degent-ium,
1542 624 1757 656 SUMMMHUM

272 673 328 688 mm
474 654 659 689 huiusmodi
680 663 820 688 societati
846 667 925 688 uniri
947 664 976 689 et
995 666 1155 701 aggregari
1173 668 1229 703 pro

280 1555 450 1582 Quibuscnmquc

346 1586 451 1607 ubstanti-

276 2352 380 2374 [mutatio
400 2353 447 2374 bul-

262 2385 294 2405 lae
304 2390 447 2412 prorumpere

262 2417 374 2437 ‹tumtun-u
408 2424 419 2435 o

262 2449 382 2468 »eri-antiae

473 714 614 752 tempore
649 705 829 749 contigerit,
865 704 949 751 quod
986 705 1030 739 sic
1068 705 1227 740 unitarum

471 755 656 788 societatum
674 754 795 793 fratres,
827 765 862 788 ac
887 755 973 800 ipsae
998 754 1102 789 unitae
1125 757 1228 790 socie-

472 812 550 838 tates
573 803 722 837 oinnibus
745 811 774 837 et
803 803 939 850 singulis
958 804 1227 851 exemptionibus,

470 852 743 891 concessionibus,
771 853 1050 898 assignationibus,
1078 854 1227 889 indultis-

469 915 530 948 que
568 901 735 948 praedit-tis
784 914 818 935 ac
855 903 1075 949 praesentibus
1112 905 1227 939 nostris

471 952 566 986 literis
588 960 617 985 et
649 952 677 984 in
715 952 759 985 cis
786 953 944 987 contentis
981 954 1023 987 uti
1058 955 1175 1001 pariter
1197 964 1226 989 et

469 1001 606 1047 gaudere
631 1001 727 1035 libere
761 1009 790 1034 et
807 1002 892 1036 licite
913 1004 1033 1049 possint
1048 1013 1077 1038 et
1094 1003 1225 1044 valeant,

469 1050 590 1085 eisdem
619 1050 804 1085 auctoritate
846 1060 875 1085 et
909 1053 1038 1087 scientia
1074 1063 1226 1100 perpetuo

469 1101 652 1144 statuimus,
680 1101 884 1136 decernimus
906 1110 936 1136 et
966 1102 1162 1144 ordinamus;
1189 1116 1225 1138 ac

470 1149 620 1184 fratribus
634 1151 795 1185 societatis
809 1150 1003 1191 huiusmodi,
1020 1153 1226 1200 praesentibus

469 1208 499 1234 et
521 1199 648 1240 futuris,
664 1199 816 1247 quamdiu
840 1201 900 1235 sub
922 1201 1004 1236 dicta
1027 1202 1224 1237 observantia

470 1249 614 1289 vixerint,
645 1249 801 1296 praedicta
825 1262 860 1285 ac
882 1251 920 1285 de
950 1264 1030 1286 novo
1063 1252 1166 1287 omnia
1195 1261 1225 1286 et

468 1300 591 1345 singula
615 1300 844 1346 exemptiones,
879 1302 1116 1342 concessiones,
1145 1302 1225 1337 assi-

467 1349 646 1393 gnationes,
667 1349 782 1395 gratias
803 1360 833 1383 et
856 1350 976 1386 indulta
994 1363 1050 1398 per
1073 1364 1130 1386 nos
1146 1364 1224 1387 con-

468 1398 588 1433 firmata
611 1398 808 1439 huiusmodi,
824 1400 1029 1436 concedimus
1052 1401 1168 1449 pariter
1194 1410 1223 1436 et

469 1448 675 1494 indulgemus
704 1460 759 1495 per
782 1458 973 1495 praesentes.

516 1498 536 1545 g
562 1499 616 1532 16.
640 1497 709 1532 Non
726 1498 925 1534 obstantibus
943 1500 1225 1536 constitutionibus

467 1556 497 1582 et
515 1547 780 1587 ordinationibus,
803 1560 838 1583 ac
872 1549 968 1584 literis
998 1558 1027 1584 et
1051 1551 1224 1597 privilegiis

467 1597 676 1644 apostolicis,
703 1598 905 1644 generalibus
938 1600 983 1634 vel
1018 1599 1221 1646 specialibus,

466 1648 588 1682 etiamsi
611 1647 649 1682 de
673 1646 746 1690 illis,
769 1659 905 1695 quorum
925 1650 1067 1684 omnium
1084 1658 1222 1695 tenores,

466 1697 559 1732 etiam
584 1697 804 1744 praesentibus
839 1697 946 1733 baberi
986 1698 1132 1734 volumus
1165 1713 1222 1747 pro

465 1747 648 1794 expressis,
677 1747 824 1793 specialis
846 1757 876 1783 et
903 1760 1052 1795 expressa
1071 1776 1079 1789 ‚
1113 1761 1149 1785 ac
1183 1750 1222 1785 de

466 1796 561 1831 verbo
599 1797 635 1831 ad
675 1796 807 1831 verbum
845 1798 964 1833 mentio
997 1798 1142 1834 habenda
1170 1800 1222 1844 sit,

465 1858 587 1881 necnon
612 1846 686 1881 dieti
710 1845 841 1881 Ordinis
869 1847 1049 1883 iuramento
1065 1876 1073 1889 ‚
1104 1849 1222 1884 confir-

465 1896 602 1930 matione
630 1896 814 1943 apostolica,
849 1897 894 1931 vel
929 1898 1039 1944 quavis
1075 1898 1221 1933 firmitate

462 1945 519 1980 alia
545 1946 697 1980 roboratis
720 1946 846 1981 statutis
868 1955 898 1981 et
921 1948 1220 1993 consuetudiniluis,

462 2006 498 2030 ac
517 1995 618 2029 literis
645 1995 802 2042 generalis
844 1997 958 2043 prioris
985 1997 1060 2032 dicti
1089 1997 1221 2032 Ordinis

463 2056 518 2090 pro
547 2052 688 2091 tempore
718 2046 909 2090 existentis,
945 2055 974 2081 et
999 2047 1038 2081 de
1061 2059 1218 2082 consensu

460 2095 619 2140 generalis
641 2095 769 2142 capituli
791 2096 888 2142 ipsius
907 2095 1050 2137 Ordinis,
1064 2097 1124 2132 sub
1146 2110 1221 2145 qua-

461 2156 600 2191 cumque
623 2144 721 2179 forma
750 2144 854 2180 forsan
880 2146 909 2180 in
947 2155 1108 2192 posterum
1132 2160 1220 2182 ema-

463 2193 597 2237 nandis,
620 2196 798 2242 ceterisque
815 2196 982 2231 contrariis
1004 2196 1219 2244 quibuscum-

461 2255 534 2290 que.

510 2298 525 2336 ς’
552 2295 605 2326 Π.
632 2293 788 2329 Volumus
813 2303 917 2329 autem
941 2295 1026 2343 quod
1056 2296 1103 2340 si,
1131 2297 1216 2344 quod

461 2342 553 2387 absit,
575 2342 772 2379 observantia
803 2345 986 2380 huiusmodi
1010 2345 1041 2380 in
1066 2345 1149 2381 dicta
1165 2359 1218 2382 so-

436 2393 574 2432 ‚cietate
601 2406 725 2428 cessare
753 2395 930 2441 contigerit,
965 2405 1146 2442 praesentes
1174 2397 1218 2431 li—

462 2451 546 2477 terae
571 2443 690 2479 nullius
717 2445 780 2478 sint
804 2445 926 2480 roboris
950 2445 994 2480 vel
1020 2448 1182 2481 momenti.

511 2492 596 2528 Nulli
620 2505 695 2539 ergo
721 2502 774 2528 etc.

510 2542 543 2577 Si
567 2543 640 2590 quis
661 2552 766 2578 autem
795 2553 847 2578 etc.

510 2592 625 2628 Datum
650 2592 765 2638 Senis,
787 2605 870 2629 anno
905 2593 1135 2630 lucarnationis
1157 2595 1216 2630 do-

460 2642 593 2678 minicae
621 2642 793 2679 millesimo
807 2643 1124 2692 quadringentesimo
1136 2657 1216 2692 qua·

1272 691 1440 721 Exordium.
1456 709 1495 714 —
1512 693 1537 721 1.
1553 692 1646 722 Dubia
1664 693 1805 723 nonnulla
1823 694 1945 723 excitata
1962 699 2030 724 snnt

1311 746 1401 775 super
1419 737 1607 775 praecedenti
1625 742 1719 767 const.
1736 754 1775 759 --
1790 737 1819 768 ΕΞ.
1834 737 1921 768 Dubii
1942 739 2029 778 primi

1311 782 1479 811 declaratio.
1498 798 1538 803 —
1559 782 1586 811 3.
1605 781 1693 812 Dubii
1713 783 1835 812 secundi
1856 783 2027 813 declaratio.

1310 843 1348 847 —
1369 827 1397 856 t.
1416 826 1502 856 Dubii
1527 827 1603 856 tertii
1624 827 1794 857 declaratio.
1816 845 1855 850 —
1873 828 1900 857 5.
1924 827 2029 858 Prohi-

1310 871 1381 901 liitio
1400 872 1500 901 utendi
1520 872 1623 909 gratiis
1642 877 1691 901 aut
1710 873 1913 912 consequendi
1931 873 2029 912 digni-

1310 921 1381 945 tates
1406 922 1483 946 extra
1504 917 1687 952 societatem,
1709 916 1823 946 abscue
1842 916 1971 947 licentia.
1989 933 2029 940 —

1308 962 1335 990 ti.
1358 960 1592 990 Communicatio
1615 961 1776 997 gratiarum
1810 962 2027 1001 cuiuscumque

1308 1006 1428 1036 alterius
1459 1006 1696 1044 congregationis
1729 1006 1887 1036 uniendae.
1924 1022 1963 1028 —
2000 1006 2026 1036 7.

1308 1050 1384 1080 Bona
1399 1051 1522 1081 fratrum
1539 1052 1574 1080 ad
1592 1051 1852 1089 congregationem
1867 1056 2027 1080 transeun-

1308 1096 1379 1124 tium
1400 1100 1468 1124 suut
1491 1095 1741 1133 congregationis.
1760 1112 1798 1118 —
1817 1096 1843 1125 8.
1867 1095 2026 1126 Clausulae

1308 1140 1521 1178 derogatoriae.

1465 1215 1599 1251 lugemus
1618 1216 1688 1252 rapa
1708 1215 1750 1249 lv.
1771 1217 1824 1245 etc.

1316 1287 1365 1321 Ad
1401 1287 1472 1328 boc,
1508 1289 1590 1322 circa
1627 1288 1782 1335 regularis
1805 1287 2025 1323 observantiae
2073 1297 2192 1320 Exordium.

1268 1337 1474 1384 professores,
1501 1350 1538 1373 eo
1559 1338 1777 1384 diligentiores
1791 1346 1938 1385 paternae
1953 1337 2024 1373 soli-

1266 1387 1417 1422 citudinis
1440 1388 1524 1422 vices
1547 1388 1783 1435 impendimus,
1810 1400 1874 1435 quo
1898 1387 2024 1423 foecun-

1266 1436 1338 1471 dius
1367 1438 1490 1472 illorum
1519 1437 1647 1483 Religio
1667 1437 1803 1472 fructum
1833 1438 1862 1471 in
1888 1449 1943 1472 eos
1977 1437 2025 1472 af-

1265 1486 1343 1521 ferat
1360 1488 1546 1531 salutarem,
1566 1495 1597 1522 et
1612 1487 1823 1522 laudabilibus
1839 1487 1870 1521 in
1886 1485 2023 1522 Domino

1267 1537 1388 1584 possint
1411 1537 1525 1583 iugiter
1547 1537 1699 1584 prolicere
1723 1537 1940 1572 incrementis.

1315 1586 1422 1633 Nuper
1444 1587 1602 1634 siquidem
1634 1600 1688 1634 per
1711 1599 1769 1621 nos
1789 1595 1843 1620 etc.
1875 1589 1932 1631 (Ἰ).

1314 1636 1334 1683 S
1358 1639 1388 1670 1.
1418 1636 1500 1671 Cum
1533 1645 1651 1676 autem,
1676 1637 1757 1671 sicut
1774 1637 1914 1671 exhibita
1933 1636 2022 1671 nobis
2046 1644 2224 1667 nubi-nonnull-

1266 1698 1367 1733 nuper
1382 1699 1438 1733 pro
1462 1694 1548 1734 parte
1569 1687 1709 1734 priorum
1733 1695 1764 1721 et
1786 1687 1917 1721 fratrum
1936 1698 2022 1734 prae·
2037 1682 2224 1738 ξζῖἑζζζζζᾋῗζ,

1264 1735 1421 1771 dictorum
1465 1737 1572 1783 petitio
1612 1736 1818 1775 continebat,
1845 1735 1930 1783 quod
1960 1735 2019 1784 ipsi
2037 1743 2200 1765 eonsssuutone·

1265 1786 1384 1832 priores
1411 1794 1441 1820 et
1468 1786 1578 1821 fratres
1600 1785 1758 1826 dubitent,
1781 1797 1822 1821 ne
1843 1787 2022 1821 concessio-

1265 1848 1332 1872 nes,
1361 1837 1611 1882 assignationes,
1639 1843 1777 1875 statuta,
1805 1835 2022 1871 ordinationes

1265 1885 1421 1931 praedicta
1446 1885 1552 1920 etalia
1576 1886 1606 1919 in
1627 1884 1720 1920 dictis
1743 1885 1842 1920 literis
1860 1894 2021 1927 contenta,

1263 1947 1300 1968 ex
1331 1934 1553 1982 frequentibus
1588 1935 1714 1969 statutis
1754 1947 1809 1981 per
1843 1935 2020 1982 capitulum

1262 1984 1421 2019 societatis
1450 1984 1650 2024 huiusmodi,
1687 1993 1741 2019 aut
1779 1984 1956 2025 vicarium,
1990 1992 2021 2019 et

1263 2033 1446 2070 definitores
1475 2035 1631 2081 praefatos
1654 2034 1785 2069 forsitan
1816 2033 1970 2069 faciendis
1989 2034 2019 2068 in

1262 2082 1394 2118 abusum
1419 2084 1546 2125 vadant,
1583 2084 1697 2131 illaque
1734 2096 1789 2131 per
1823 2096 1887 2118 non
1925 2096 2019 2118 usum

1261 2132 1471 2180 abrogentur;
1499 2144 1531 2168 et
1553 2146 1568 2168 a
1592 2133 1753 2168 nonnullis
1779 2145 1907 2181 quoque
1930 2145 2022 2169 revo-

1261 2191 1350 2218 cetur
1391 2184 1419 2218 in
1457 2184 1627 2227 dubium,
1665 2196 1702 2218 an
1739 2183 1818 2218 aliae
1852 2182 2020 2218 societates

1262 2232 1391 2268 fratrum
1434 2234 1509 2269 dicti
1554 2233 1686 2269 Ordinis
1720 2233 1823 2268 eidem
1856 2232 2019 2272 societati,

1261 2282 1381 2330 absque
1403 2284 1559 2329 generalis
1595 2284 1710 2331 prioris
1738 2281 1866 2330 praefati
1888 2282 2019 2318 Ordinis

1261 2332 1307 2367 vel
1338 2333 1468 2369 alterius
1501 2334 1638 2373 licentia,
1674 2345 1708 2367 se
1732 2333 1841 2374 uniri,
1880 2331 2019 2380 dictique

1262 2382 1381 2428 priores
1404 2392 1433 2418 et
1461 2383 1570 2418 fratres
1596 2383 1630 2419 S.
1664 2382 1793 2418 Antonii
1821 2394 1916 2430 supra
1944 2381 2020 2416 Bal-

1261 2444 1356 2467 neum
1381 2432 1509 2468 Petrioli
1538 2442 1568 2468 et
1608 2433 1641 2468 S.
1683 2432 1801 2467 Mariae
1836 2432 1875 2467 de
1910 2431 2018 2468 Monte

1259 2481 1397 2529 Specltio
1419 2483 1532 2518 domos
1555 2482 1733 2530 praedictas
1760 2482 1923 2517 dimittere
1943 2493 2018 2529 pos-

1259 2540 1341 2577 sent,
1356 2533 1476 2580 absque
1499 2532 1602 2568 dictae
1621 2531 1713 2567 Sedis
1736 2532 1860 2567 lieentia
1874 2530 2016 2579 speciali;

1295 2612 1333 2647 (t)
1350 2612 1488 2640 Omittitur
1504 2612 1613 2640 insertio
1630 2611 1726 2645 bullae,
1743 2613 1805 2647 quia
1822 2613 1876 2648 ipsa
1896 2616 1936 2641 est
1947 2620 2016 2648 quae

1259 2657 1402 2692 praecedit.
