<?xml version="1.0" encoding="UTF-8"?>
<!DOCTYPE html PUBLIC "-//W3C//DTD XHTML 1.0 Transitional//EN"
    "http://www.w3.org/TR/xhtml1/DTD/xhtml1-transitional.dtd">
<html xmlns="http://www.w3.org/1999/xhtml" xml:lang="en" lang="en">
 <head>
  <title>
</title>
<meta http-equiv="Content-Type" content="text/html;charset=utf-8" />
  <meta name='ocr-system' content='tesseract 3.04.00' />
  <meta name='ocr-capabilities' content='ocr_page ocr_carea ocr_par ocr_line ocrx_word'/>
</head>
<body>
  <div class='ocr_page' id='page_1' title='image "./bullarumdiplomat05cath_0012.png"; bbox 0 0 2281 3251; ppageno 0'>
   <div class='ocr_carea' id='block_1_1' title="bbox 508 264 541 290">
    <p class='ocr_par' dir='ltr' id='par_1_1' title="bbox 508 264 541 290">
     <span class='ocr_line' id='line_1_1' title="bbox 508 264 541 290; baseline -0.03 0"><span class='ocrx_word' id='word_1_1' title='bbox 508 264 541 290; x_wconf 73' lang='grc' dir='ltr'><em>Ν</em></span> 
     </span>
    </p>
   </div>
   <div class='ocr_carea' id='block_1_2' title="bbox 504 333 2054 2378">
    <p class='ocr_par' dir='ltr' id='par_1_2' title="bbox 506 333 2054 532">
     <span class='ocr_line' id='line_1_2' title="bbox 507 333 2054 391; baseline -0.005 -11"><span class='ocrx_word' id='word_1_2' title='bbox 507 340 660 391; x_wconf 86' lang='lat' dir='ltr'>denique</span> <span class='ocrx_word' id='word_1_3' title='bbox 695 353 759 379; x_wconf 90' lang='lat' dir='ltr'>nec</span> <span class='ocrx_word' id='word_1_4' title='bbox 795 339 990 379; x_wconf 79' lang='lat' dir='ltr'>conflandis</span> <span class='ocrx_word' id='word_1_5' title='bbox 1019 337 1259 377; x_wconf 67' lang='lat' dir='ltr'>voluminibus</span> <span class='ocrx_word' id='word_1_6' title='bbox 1297 343 1376 388; x_wconf 83' lang='lat' dir='ltr'>apte</span> <span class='ocrx_word' id='word_1_7' title='bbox 1405 335 1651 386; x_wconf 85' lang='lat' dir='ltr'>concinneque</span> <span class='ocrx_word' id='word_1_8' title='bbox 1685 333 1873 389; x_wconf 68' lang='lat' dir='ltr'>distributa</span> <span class='ocrx_word' id='word_1_9' title='bbox 1906 335 2054 374; x_wconf 90' lang='lat' dir='ltr'>materia</span> 
     </span>
     <span class='ocr_line' id='line_1_3' title="bbox 506 405 2053 460; baseline -0.002 -12"><span class='ocrx_word' id='word_1_10' title='bbox 506 411 619 450; x_wconf 62' lang='lat' dir='ltr'>videri</span> <span class='ocrx_word' id='word_1_11' title='bbox 643 413 683 449; x_wconf 87' lang='lat' dir='ltr'>iis</span> <span class='ocrx_word' id='word_1_12' title='bbox 707 410 834 453; x_wconf 82' lang='lat' dir='ltr'>debet,</span> <span class='ocrx_word' id='word_1_13' title='bbox 862 411 920 460; x_wconf 84' lang='lat' dir='ltr'>qui</span> <span class='ocrx_word' id='word_1_14' title='bbox 947 409 1029 448; x_wconf 82' lang='lat' dir='ltr'>nihil</span> <span class='ocrx_word' id='word_1_15' title='bbox 1055 410 1089 447; x_wconf 93' lang='lat' dir='ltr'>in</span> <span class='ocrx_word' id='word_1_16' title='bbox 1115 408 1149 446; x_wconf 94' lang='lat' dir='ltr'>id</span> <span class='ocrx_word' id='word_1_17' title='bbox 1173 420 1286 458; x_wconf 89' lang='lat' dir='ltr'>genus</span> <span class='ocrx_word' id='word_1_18' title='bbox 1310 405 1478 457; x_wconf 77' lang='lat' dir='ltr'>operibus</span> <span class='ocrx_word' id='word_1_19' title='bbox 1502 418 1573 444; x_wconf 94' lang='lat' dir='ltr'>non</span> <span class='ocrx_word' id='word_1_20' title='bbox 1591 406 1802 456; x_wconf 86' lang='lat' dir='ltr'>castigatum</span> <span class='ocrx_word' id='word_1_21' title='bbox 1827 405 1873 444; x_wconf 89' lang='lat' dir='ltr'>ad</span> <span class='ocrx_word' id='word_1_22' title='bbox 1894 418 2053 457; x_wconf 87' lang='lat' dir='ltr'>unguem</span> 
     </span>
     <span class='ocr_line' id='line_1_4' title="bbox 507 480 1021 532; baseline -0.006 -13"><span class='ocrx_word' id='word_1_23' title='bbox 507 482 610 532; x_wconf 79' lang='lat' dir='ltr'>aequi</span> <span class='ocrx_word' id='word_1_24' title='bbox 644 480 797 531; x_wconf 75' lang='lat' dir='ltr'>bonique</span> <span class='ocrx_word' id='word_1_25' title='bbox 832 481 1021 530; x_wconf 79' lang='lat' dir='ltr'>accipiunt.</span> 
     </span>
    </p>

    <p class='ocr_par' dir='ltr' id='par_1_3' title="bbox 504 546 2054 2013">
     <span class='ocr_line' id='line_1_5' title="bbox 560 546 2049 591; baseline -0.002 -2"><span class='ocrx_word' id='word_1_26' title='bbox 560 552 648 590; x_wconf 88' lang='lat' dir='ltr'>Cum</span> <span class='ocrx_word' id='word_1_27' title='bbox 682 565 767 589; x_wconf 70' lang='lat' dir='ltr'>xero</span> <span class='ocrx_word' id='word_1_28' title='bbox 796 549 942 588; x_wconf 78' lang='lat' dir='ltr'>crebrae</span> <span class='ocrx_word' id='word_1_29' title='bbox 976 549 1019 587; x_wconf 86' lang='lat' dir='ltr'>ad</span> <span class='ocrx_word' id='word_1_30' title='bbox 1054 548 1379 586; x_wconf 80' lang='lat' dir='ltr'>Eininentissimum</span> <span class='ocrx_word' id='word_1_31' title='bbox 1408 546 1448 585; x_wconf 87' lang='lat' dir='ltr'>S.</span> <span class='ocrx_word' id='word_1_32' title='bbox 1486 547 1528 585; x_wconf 83' lang='lat' dir='ltr'>R.</span> <span class='ocrx_word' id='word_1_33' title='bbox 1562 547 1601 585; x_wconf 90' lang='lat' dir='ltr'>E.</span> <span class='ocrx_word' id='word_1_34' title='bbox 1643 547 1869 586; x_wconf 87' lang='lat' dir='ltr'>Cardinalem</span> <span class='ocrx_word' id='word_1_35' title='bbox 1905 547 2049 591; x_wconf 53' lang='grc' dir='ltr'>(ἕψω-ζ,</span> 
     </span>
     <span class='ocr_line' id='line_1_6' title="bbox 507 617 2053 672; baseline -0.001 -13"><span class='ocrx_word' id='word_1_36' title='bbox 507 623 623 672; x_wconf 79' lang='lat' dir='ltr'>operis</span> <span class='ocrx_word' id='word_1_37' title='bbox 652 629 839 672; x_wconf 83' lang='lat' dir='ltr'>patronum</span> <span class='ocrx_word' id='word_1_38' title='bbox 870 620 1196 670; x_wconf 70' lang='lat' dir='ltr'>xigilantissimum,</span> <span class='ocrx_word' id='word_1_39' title='bbox 1229 632 1248 657; x_wconf 91' lang='lat' dir='ltr'>a</span> <span class='ocrx_word' id='word_1_40' title='bbox 1278 617 1379 656; x_wconf 86' lang='lat' dir='ltr'>nobis</span> <span class='ocrx_word' id='word_1_41' title='bbox 1417 618 1568 656; x_wconf 82' lang='lat' dir='ltr'>Romam</span> <span class='ocrx_word' id='word_1_42' title='bbox 1600 619 1729 657; x_wconf 90' lang='lat' dir='ltr'>missae</span> <span class='ocrx_word' id='word_1_43' title='bbox 1757 619 1926 670; x_wconf 90' lang='lat' dir='ltr'>epistolae</span> <span class='ocrx_word' id='word_1_44' title='bbox 1958 619 2053 657; x_wconf 92' lang='lat' dir='ltr'>haud</span> 
     </span>
     <span class='ocr_line' id='line_1_7' title="bbox 508 689 2054 730; baseline -0.001 0"><span class='ocrx_word' id='word_1_45' title='bbox 508 693 590 730; x_wconf 79' lang='lat' dir='ltr'>satis</span> <span class='ocrx_word' id='word_1_46' title='bbox 623 705 700 730; x_wconf 68' lang='lat' dir='ltr'>esse</span> <span class='ocrx_word' id='word_1_47' title='bbox 735 692 940 730; x_wconf 70' lang='lat' dir='ltr'>xiderentur</span> <span class='ocrx_word' id='word_1_48' title='bbox 972 698 1007 728; x_wconf 91' lang='lat' dir='ltr'>ut</span> <span class='ocrx_word' id='word_1_49' title='bbox 1047 692 1165 729; x_wconf 86' lang='lat' dir='ltr'>omnia</span> <span class='ocrx_word' id='word_1_50' title='bbox 1203 690 1246 728; x_wconf 89' lang='lat' dir='ltr'>ad</span> <span class='ocrx_word' id='word_1_51' title='bbox 1286 690 1376 728; x_wconf 84' lang='lat' dir='ltr'>hane</span> <span class='ocrx_word' id='word_1_52' title='bbox 1409 689 1670 728; x_wconf 87' lang='lat' dir='ltr'>Taurinensem</span> <span class='ocrx_word' id='word_1_53' title='bbox 1703 690 1895 729; x_wconf 72' lang='lat' dir='ltr'>editionem</span> <span class='ocrx_word' id='word_1_54' title='bbox 1929 703 2054 729; x_wconf 90' lang='lat' dir='ltr'>ornan-</span> 
     </span>
     <span class='ocr_line' id='line_1_8' title="bbox 507 761 2053 813; baseline 0 -12"><span class='ocrx_word' id='word_1_55' title='bbox 507 763 588 801; x_wconf 89' lang='lat' dir='ltr'>dam</span> <span class='ocrx_word' id='word_1_56' title='bbox 620 763 882 813; x_wconf 61' lang='lat' dir='ltr'>expeditissima</span> <span class='ocrx_word' id='word_1_57' title='bbox 915 762 1029 800; x_wconf 82' lang='lat' dir='ltr'>forent</span> <span class='ocrx_word' id='word_1_58' title='bbox 1058 765 1139 812; x_wconf 78' lang='lat' dir='ltr'>(nec</span> <span class='ocrx_word' id='word_1_59' title='bbox 1169 762 1263 799; x_wconf 88' lang='lat' dir='ltr'>enim</span> <span class='ocrx_word' id='word_1_60' title='bbox 1287 767 1400 811; x_wconf 88' lang='lat' dir='ltr'>potest</span> <span class='ocrx_word' id='word_1_61' title='bbox 1434 761 1552 799; x_wconf 89' lang='lat' dir='ltr'>omnia</span> <span class='ocrx_word' id='word_1_62' title='bbox 1585 761 1732 812; x_wconf 88' lang='lat' dir='ltr'>epistola</span> <span class='ocrx_word' id='word_1_63' title='bbox 1768 762 1872 811; x_wconf 72' lang='lat' dir='ltr'>sari).v</span> <span class='ocrx_word' id='word_1_64' title='bbox 1905 775 2053 801; x_wconf 90' lang='lat' dir='ltr'>romano</span> 
     </span>
     <span class='ocr_line' id='line_1_9' title="bbox 508 830 2053 883; baseline 0.001 -13"><span class='ocrx_word' id='word_1_65' title='bbox 508 834 635 870; x_wconf 89' lang='lat' dir='ltr'>iterum</span> <span class='ocrx_word' id='word_1_66' title='bbox 665 846 727 871; x_wconf 82' lang='lat' dir='ltr'>nus</span> <span class='ocrx_word' id='word_1_67' title='bbox 751 833 994 871; x_wconf 82' lang='lat' dir='ltr'>connnisimus</span> <span class='ocrx_word' id='word_1_68' title='bbox 1018 832 1147 874; x_wconf 75' lang='lat' dir='ltr'>itineri,</span> <span class='ocrx_word' id='word_1_69' title='bbox 1173 832 1366 882; x_wconf 69' lang='lat' dir='ltr'>sapientiae</span> <span class='ocrx_word' id='word_1_70' title='bbox 1390 830 1589 881; x_wconf 79' lang='lat' dir='ltr'>pontificiae</span> <span class='ocrx_word' id='word_1_71' title='bbox 1611 831 1732 869; x_wconf 88' lang='lat' dir='ltr'>latices</span> <span class='ocrx_word' id='word_1_72' title='bbox 1760 833 1888 870; x_wconf 88' lang='lat' dir='ltr'>iterum</span> <span class='ocrx_word' id='word_1_73' title='bbox 1911 845 1954 871; x_wconf 77' lang='lat' dir='ltr'>ex</span> <span class='ocrx_word' id='word_1_74' title='bbox 1978 833 2053 883; x_wconf 88' lang='lat' dir='ltr'>ipso</span> 
     </span>
     <span class='ocr_line' id='line_1_10' title="bbox 507 898 2052 954; baseline 0.002 -15"><span class='ocrx_word' id='word_1_75' title='bbox 507 904 695 953; x_wconf 75' lang='lat' dir='ltr'>purissimo</span> <span class='ocrx_word' id='word_1_76' title='bbox 719 904 812 941; x_wconf 82' lang='lat' dir='ltr'>sonte</span> <span class='ocrx_word' id='word_1_77' title='bbox 837 903 1001 941; x_wconf 78' lang='lat' dir='ltr'>haustum</span> <span class='ocrx_word' id='word_1_78' title='bbox 1023 898 1068 939; x_wconf 32' lang='lat'><strong>¹¹¹¹.</strong></span> <span class='ocrx_word' id='word_1_79' title='bbox 1097 902 1314 940; x_wconf 77' lang='lat' dir='ltr'>Sanctissimi</span> <span class='ocrx_word' id='word_1_80' title='bbox 1339 902 1371 939; x_wconf 90' lang='lat' dir='ltr'>in</span> <span class='ocrx_word' id='word_1_81' title='bbox 1397 902 1520 952; x_wconf 86' lang='lat' dir='ltr'>primis</span> <span class='ocrx_word' id='word_1_82' title='bbox 1545 902 1588 939; x_wconf 88' lang='lat' dir='ltr'>D.</span> <span class='ocrx_word' id='word_1_83' title='bbox 1616 902 1659 939; x_wconf 75' lang='lat' dir='ltr'>N.</span> <span class='ocrx_word' id='word_1_84' title='bbox 1684 902 1733 940; x_wconf 88' lang='lat' dir='ltr'>Pn</span> <span class='ocrx_word' id='word_1_85' title='bbox 1759 903 1827 940; x_wconf 75' lang='grc' dir='ltr'>ΡΙ).</span> <span class='ocrx_word' id='word_1_86' title='bbox 1856 903 1901 941; x_wconf 81' lang='lat' dir='ltr'>lx</span> <span class='ocrx_word' id='word_1_87' title='bbox 1920 904 2052 954; x_wconf 57' lang='lat' dir='ltr'>(Quem</span> 
     </span>
     <span class='ocr_line' id='line_1_11' title="bbox 507 971 2052 1023; baseline 0.002 -14"><span class='ocrx_word' id='word_1_88' title='bbox 507 971 565 1010; x_wconf 89' lang='lat' dir='ltr'>diu</span> <span class='ocrx_word' id='word_1_89' title='bbox 590 973 766 1011; x_wconf 84' lang='lat' dir='ltr'>Ecclesiae</span> <span class='ocrx_word' id='word_1_90' title='bbox 794 985 878 1011; x_wconf 84' lang='lat' dir='ltr'>suae</span> <span class='ocrx_word' id='word_1_91' title='bbox 907 972 999 1010; x_wconf 84' lang='lat' dir='ltr'>hono</span> <span class='ocrx_word' id='word_1_92' title='bbox 1030 973 1175 1023; x_wconf 85' lang='lat' dir='ltr'>sospitet</span> <span class='ocrx_word' id='word_1_93' title='bbox 1207 972 1320 1019; x_wconf 72' lang='lat' dir='ltr'>Deus)</span> <span class='ocrx_word' id='word_1_94' title='bbox 1345 972 1431 1010; x_wconf 83' lang='lat' dir='ltr'>haec</span> <span class='ocrx_word' id='word_1_95' title='bbox 1448 1003 1456 1016; x_wconf 76' lang='grc'>,</span> <span class='ocrx_word' id='word_1_96' title='bbox 1489 973 1579 1010; x_wconf 89' lang='lat' dir='ltr'>inter</span> <span class='ocrx_word' id='word_1_97' title='bbox 1606 979 1747 1017; x_wconf 84' lang='lat' dir='ltr'>cetera,</span> <span class='ocrx_word' id='word_1_98' title='bbox 1778 971 1951 1012; x_wconf 77' lang='lat' dir='ltr'>beneficia</span> <span class='ocrx_word' id='word_1_99' title='bbox 1979 974 2052 1012; x_wconf 86' lang='lat' dir='ltr'>sue-</span> 
     </span>
     <span class='ocr_line' id='line_1_12' title="bbox 507 1043 2053 1096; baseline 0.002 -15"><span class='ocrx_word' id='word_1_100' title='bbox 507 1051 605 1082; x_wconf 90' lang='lat' dir='ltr'>runt:</span> <span class='ocrx_word' id='word_1_101' title='bbox 633 1058 721 1095; x_wconf 88' lang='lat' dir='ltr'>opus</span> <span class='ocrx_word' id='word_1_102' title='bbox 751 1052 924 1087; x_wconf 76' lang='lat' dir='ltr'>nostruin,</span> <span class='ocrx_word' id='word_1_103' title='bbox 951 1044 1052 1082; x_wconf 85' lang='lat' dir='ltr'>cuius</span> <span class='ocrx_word' id='word_1_104' title='bbox 1080 1056 1112 1081; x_wconf 79' lang='lat' dir='ltr'>iv</span> <span class='ocrx_word' id='word_1_105' title='bbox 1136 1043 1305 1081; x_wconf 68' lang='lat' dir='ltr'>xolumen</span> <span class='ocrx_word' id='word_1_106' title='bbox 1334 1044 1472 1094; x_wconf 89' lang='lat' dir='ltr'>ipsimet</span> <span class='ocrx_word' id='word_1_107' title='bbox 1496 1045 1535 1082; x_wconf 90' lang='lat' dir='ltr'>Ei</span> <span class='ocrx_word' id='word_1_108' title='bbox 1560 1043 1778 1089; x_wconf 80' lang='lat' dir='ltr'>obtulimus,</span> <span class='ocrx_word' id='word_1_109' title='bbox 1815 1045 1933 1083; x_wconf 88' lang='lat' dir='ltr'>denuo</span> <span class='ocrx_word' id='word_1_110' title='bbox 1972 1057 2053 1096; x_wconf 90' lang='lat' dir='ltr'>apo-</span> 
     </span>
     <span class='ocr_line' id='line_1_13' title="bbox 505 1114 2054 1166; baseline 0.002 -15"><span class='ocrx_word' id='word_1_111' title='bbox 505 1114 626 1153; x_wconf 84' lang='lat' dir='ltr'>stolica</span> <span class='ocrx_word' id='word_1_112' title='bbox 661 1114 906 1154; x_wconf 83' lang='lat' dir='ltr'>benedictione</span> <span class='ocrx_word' id='word_1_113' title='bbox 939 1115 1094 1153; x_wconf 65' lang='lat' dir='ltr'>fulcivit:</span> <span class='ocrx_word' id='word_1_114' title='bbox 1131 1115 1248 1165; x_wconf 88' lang='lat' dir='ltr'>operis</span> <span class='ocrx_word' id='word_1_115' title='bbox 1278 1114 1458 1153; x_wconf 90' lang='lat' dir='ltr'>adiutores</span> <span class='ocrx_word' id='word_1_116' title='bbox 1486 1115 1675 1165; x_wconf 81' lang='lat' dir='ltr'>sociosque</span> <span class='ocrx_word' id='word_1_117' title='bbox 1714 1115 1869 1154; x_wconf 79' lang='lat' dir='ltr'>editores</span> <span class='ocrx_word' id='word_1_118' title='bbox 1908 1122 2054 1166; x_wconf 88' lang='lat' dir='ltr'>paterna</span> 
     </span>
     <span class='ocr_line' id='line_1_14' title="bbox 505 1186 2054 1238; baseline 0.001 -14"><span class='ocrx_word' id='word_1_119' title='bbox 505 1186 711 1237; x_wconf 66' lang='lat' dir='ltr'>complexus</span> <span class='ocrx_word' id='word_1_120' title='bbox 743 1186 957 1237; x_wconf 86' lang='lat' dir='ltr'>benignitate</span> <span class='ocrx_word' id='word_1_121' title='bbox 990 1194 1062 1225; x_wconf 88' lang='lat' dir='ltr'>est:</span> <span class='ocrx_word' id='word_1_122' title='bbox 1100 1187 1278 1224; x_wconf 70' lang='lat' dir='ltr'>unixersis</span> <span class='ocrx_word' id='word_1_123' title='bbox 1311 1186 1494 1225; x_wconf 76' lang='lat' dir='ltr'>catholicis</span> <span class='ocrx_word' id='word_1_124' title='bbox 1532 1186 1756 1238; x_wconf 83' lang='lat' dir='ltr'>praesulibus</span> <span class='ocrx_word' id='word_1_125' title='bbox 1794 1188 1915 1238; x_wconf 69' lang='lat' dir='ltr'>(vivae</span> <span class='ocrx_word' id='word_1_126' title='bbox 1955 1188 2054 1226; x_wconf 76' lang='lat' dir='ltr'>vocis</span> 
     </span>
     <span class='ocr_line' id='line_1_15' title="bbox 507 1257 2053 1309; baseline 0.001 -14"><span class='ocrx_word' id='word_1_127' title='bbox 507 1257 650 1296; x_wconf 86' lang='lat' dir='ltr'>oraculo</span> <span class='ocrx_word' id='word_1_128' title='bbox 687 1258 971 1297; x_wconf 87' lang='lat' dir='ltr'>Eminentissimo</span> <span class='ocrx_word' id='word_1_129' title='bbox 1007 1258 1051 1296; x_wconf 92' lang='lat' dir='ltr'>D.</span> <span class='ocrx_word' id='word_1_130' title='bbox 1087 1257 1265 1296; x_wconf 89' lang='lat' dir='ltr'>Cardinali</span> <span class='ocrx_word' id='word_1_131' title='bbox 1302 1258 1456 1296; x_wconf 89' lang='lat' dir='ltr'>Patrono</span> <span class='ocrx_word' id='word_1_132' title='bbox 1494 1258 1704 1309; x_wconf 86' lang='lat' dir='ltr'>impertito)</span> <span class='ocrx_word' id='word_1_133' title='bbox 1733 1277 1747 1291; x_wconf 88' lang='lat'>«</span> <span class='ocrx_word' id='word_1_134' title='bbox 1779 1265 1905 1309; x_wconf 87' lang='lat' dir='ltr'>sponte</span> <span class='ocrx_word' id='word_1_135' title='bbox 1929 1257 2053 1297; x_wconf 90' lang='lat' dir='ltr'>luben-</span> 
     </span>
     <span class='ocr_line' id='line_1_16' title="bbox 506 1329 2054 1381; baseline 0.001 -14"><span class='ocrx_word' id='word_1_136' title='bbox 506 1335 630 1379; x_wconf 84' lang='lat' dir='ltr'>terque</span> <span class='ocrx_word' id='word_1_137' title='bbox 658 1329 801 1368; x_wconf 73' lang='lat' dir='ltr'>indulsit</span> <span class='ocrx_word' id='word_1_138' title='bbox 828 1337 865 1368; x_wconf 82' lang='lat' dir='ltr'>ut</span> <span class='ocrx_word' id='word_1_139' title='bbox 897 1331 925 1367; x_wconf 87' lang='lat' dir='ltr'>si</span> <span class='ocrx_word' id='word_1_140' title='bbox 958 1330 1046 1368; x_wconf 80' lang='lat' dir='ltr'>forte</span> <span class='ocrx_word' id='word_1_141' title='bbox 1075 1329 1233 1368; x_wconf 69' lang='lat' dir='ltr'>aretin-ia</span> <span class='ocrx_word' id='word_1_142' title='bbox 1265 1330 1476 1369; x_wconf 88' lang='lat' dir='ltr'>consulendi</span> <span class='ocrx_word' id='word_1_143' title='bbox 1508 1342 1548 1368; x_wconf 87' lang='lat' dir='ltr'>ac</span> <span class='ocrx_word' id='word_1_144' title='bbox 1580 1330 1774 1381; x_wconf 86' lang='lat' dir='ltr'>diplomata</span> <span class='ocrx_word' id='word_1_145' title='bbox 1798 1331 1832 1369; x_wconf 91' lang='lat' dir='ltr'>in</span> <span class='ocrx_word' id='word_1_146' title='bbox 1857 1330 1963 1369; x_wconf 86' lang='lat' dir='ltr'>huius</span> <span class='ocrx_word' id='word_1_147' title='bbox 1982 1330 2054 1369; x_wconf 90' lang='lat' dir='ltr'>edi-</span> 
     </span>
     <span class='ocr_line' id='line_1_17' title="bbox 506 1400 2052 1440; baseline 0.001 -2"><span class='ocrx_word' id='word_1_148' title='bbox 506 1400 608 1438; x_wconf 89' lang='lat' dir='ltr'>tionis</span> <span class='ocrx_word' id='word_1_149' title='bbox 641 1413 745 1439; x_wconf 85' lang='lat' dir='ltr'>usum</span> <span class='ocrx_word' id='word_1_150' title='bbox 776 1400 983 1439; x_wconf 63' lang='lat' dir='ltr'>extrahendi</span> <span class='ocrx_word' id='word_1_151' title='bbox 1015 1413 1146 1438; x_wconf 79' lang='lat' dir='ltr'>munus</span> <span class='ocrx_word' id='word_1_152' title='bbox 1177 1400 1281 1439; x_wconf 85' lang='lat' dir='ltr'>alicui</span> <span class='ocrx_word' id='word_1_153' title='bbox 1309 1414 1328 1439; x_wconf 92' lang='lat' dir='ltr'>e</span> <span class='ocrx_word' id='word_1_154' title='bbox 1355 1401 1535 1439; x_wconf 87' lang='lat' dir='ltr'>canonicis</span> <span class='ocrx_word' id='word_1_155' title='bbox 1568 1402 1653 1439; x_wconf 61' lang='lat' dir='ltr'>siris</span> <span class='ocrx_word' id='word_1_156' title='bbox 1686 1402 1761 1440; x_wconf 67' lang='lat' dir='ltr'>six-e</span> <span class='ocrx_word' id='word_1_157' title='bbox 1793 1400 2052 1440; x_wconf 76' lang='lat' dir='ltr'>cathedralium</span> 
     </span>
     <span class='ocr_line' id='line_1_18' title="bbox 504 1469 2052 1523; baseline 0.001 -14"><span class='ocrx_word' id='word_1_158' title='bbox 504 1471 579 1509; x_wconf 64' lang='lat' dir='ltr'>sive</span> <span class='ocrx_word' id='word_1_159' title='bbox 601 1471 867 1522; x_wconf 75' lang='lat' dir='ltr'>collegiatarum</span> <span class='ocrx_word' id='word_1_160' title='bbox 894 1469 1124 1510; x_wconf 79' lang='lat' dir='ltr'>ecelesiarum</span> <span class='ocrx_word' id='word_1_161' title='bbox 1160 1484 1308 1511; x_wconf 84' lang='lat' dir='ltr'>suarum</span> <span class='ocrx_word' id='word_1_162' title='bbox 1344 1473 1566 1511; x_wconf 87' lang='lat' dir='ltr'>committere</span> <span class='ocrx_word' id='word_1_163' title='bbox 1602 1471 1766 1516; x_wconf 72' lang='lat' dir='ltr'>luberet,</span> <span class='ocrx_word' id='word_1_164' title='bbox 1809 1473 1931 1523; x_wconf 82' lang='lat' dir='ltr'>ipsos,</span> <span class='ocrx_word' id='word_1_165' title='bbox 1965 1472 2052 1510; x_wconf 89' lang='lat' dir='ltr'>dum</span> 
     </span>
     <span class='ocr_line' id='line_1_19' title="bbox 506 1541 2054 1593; baseline 0.001 -14"><span class='ocrx_word' id='word_1_166' title='bbox 506 1548 585 1580; x_wconf 88' lang='lat' dir='ltr'>actu</span> <span class='ocrx_word' id='word_1_167' title='bbox 609 1541 724 1580; x_wconf 81' lang='lat' dir='ltr'>oslicio</span> <span class='ocrx_word' id='word_1_168' title='bbox 748 1542 795 1580; x_wconf 93' lang='lat' dir='ltr'>illi</span> <span class='ocrx_word' id='word_1_169' title='bbox 819 1541 984 1581; x_wconf 86' lang='lat' dir='ltr'>obeundo</span> <span class='ocrx_word' id='word_1_170' title='bbox 1008 1555 1153 1593; x_wconf 82' lang='lat' dir='ltr'>operam</span> <span class='ocrx_word' id='word_1_171' title='bbox 1177 1543 1454 1593; x_wconf 78' lang='lat' dir='ltr'>impendissent,</span> <span class='ocrx_word' id='word_1_172' title='bbox 1481 1556 1501 1582; x_wconf 88' lang='lat' dir='ltr'>a</span> <span class='ocrx_word' id='word_1_173' title='bbox 1529 1543 1682 1581; x_wconf 86' lang='lat' dir='ltr'>choralis</span> <span class='ocrx_word' id='word_1_174' title='bbox 1711 1544 1846 1582; x_wconf 65' lang='lat' dir='ltr'>sel‘x‘itii</span> <span class='ocrx_word' id='word_1_175' title='bbox 1870 1555 1979 1582; x_wconf 91' lang='lat' dir='ltr'>onere</span> <span class='ocrx_word' id='word_1_176' title='bbox 2007 1543 2054 1581; x_wconf 85' lang='lat' dir='ltr'>ita</span> 
     </span>
     <span class='ocr_line' id='line_1_20' title="bbox 506 1612 2054 1665; baseline 0.001 -15"><span class='ocrx_word' id='word_1_177' title='bbox 506 1624 569 1663; x_wconf 90' lang='lat' dir='ltr'>pro</span> <span class='ocrx_word' id='word_1_178' title='bbox 590 1625 714 1650; x_wconf 84' lang='lat' dir='ltr'>eorum</span> <span class='ocrx_word' id='word_1_179' title='bbox 738 1612 881 1651; x_wconf 87' lang='lat' dir='ltr'>arbitrio</span> <span class='ocrx_word' id='word_1_180' title='bbox 905 1613 1109 1664; x_wconf 80' lang='lat' dir='ltr'>dispensare</span> <span class='ocrx_word' id='word_1_181' title='bbox 1132 1613 1306 1658; x_wconf 60' lang='lat' dir='ltr'>valerent,</span> <span class='ocrx_word' id='word_1_182' title='bbox 1329 1626 1368 1652; x_wconf 85' lang='lat' dir='ltr'>ac</span> <span class='ocrx_word' id='word_1_183' title='bbox 1389 1615 1417 1652; x_wconf 79' lang='lat' dir='ltr'>si</span> <span class='ocrx_word' id='word_1_184' title='bbox 1441 1627 1565 1665; x_wconf 85' lang='lat' dir='ltr'>reapse</span> <span class='ocrx_word' id='word_1_185' title='bbox 1589 1614 1699 1652; x_wconf 81' lang='lat' dir='ltr'>choro</span> <span class='ocrx_word' id='word_1_186' title='bbox 1723 1615 1948 1652; x_wconf 85' lang='lat' dir='ltr'>interessent.</span> <span class='ocrx_word' id='word_1_187' title='bbox 1976 1613 2054 1662; x_wconf 86' lang='lat' dir='ltr'>Qua</span> 
     </span>
     <span class='ocr_line' id='line_1_21' title="bbox 507 1682 2054 1735; baseline 0.001 -15"><span class='ocrx_word' id='word_1_188' title='bbox 507 1682 651 1733; x_wconf 84' lang='lat' dir='ltr'>quidem</span> <span class='ocrx_word' id='word_1_189' title='bbox 675 1696 713 1722; x_wconf 94' lang='lat' dir='ltr'>re</span> <span class='ocrx_word' id='word_1_190' title='bbox 736 1683 887 1735; x_wconf 86' lang='lat' dir='ltr'>plurima</span> <span class='ocrx_word' id='word_1_191' title='bbox 911 1684 1081 1723; x_wconf 77' lang='lat' dir='ltr'>haetenus</span> <span class='ocrx_word' id='word_1_192' title='bbox 1105 1685 1139 1722; x_wconf 92' lang='lat' dir='ltr'>in</span> <span class='ocrx_word' id='word_1_193' title='bbox 1163 1685 1254 1723; x_wconf 83' lang='lat' dir='ltr'>hanc</span> <span class='ocrx_word' id='word_1_194' title='bbox 1273 1685 1416 1723; x_wconf 91' lang='lat' dir='ltr'>Bullarii</span> <span class='ocrx_word' id='word_1_195' title='bbox 1441 1685 1633 1724; x_wconf 87' lang='lat' dir='ltr'>editionem</span> <span class='ocrx_word' id='word_1_196' title='bbox 1653 1684 1808 1724; x_wconf 67' lang='lat' dir='ltr'>exhibita</span> <span class='ocrx_word' id='word_1_197' title='bbox 1831 1684 2054 1735; x_wconf 89' lang='lat' dir='ltr'>Apostolicae</span> 
     </span>
     <span class='ocr_line' id='line_1_22' title="bbox 506 1752 2054 1808; baseline 0.001 -16"><span class='ocrx_word' id='word_1_198' title='bbox 506 1752 731 1805; x_wconf 80' lang='lat' dir='ltr'>benignitatis</span> <span class='ocrx_word' id='word_1_199' title='bbox 755 1763 988 1805; x_wconf 76' lang='lat' dir='ltr'>argumenta,</span> <span class='ocrx_word' id='word_1_200' title='bbox 1016 1769 1108 1795; x_wconf 68' lang='lat' dir='ltr'>novo</span> <span class='ocrx_word' id='word_1_201' title='bbox 1141 1769 1255 1807; x_wconf 84' lang='lat' dir='ltr'>eoque</span> <span class='ocrx_word' id='word_1_202' title='bbox 1283 1757 1501 1808; x_wconf 87' lang='lat' dir='ltr'>amplissimo</span> <span class='ocrx_word' id='word_1_203' title='bbox 1530 1764 1697 1808; x_wconf 83' lang='lat' dir='ltr'>paternae</span> <span class='ocrx_word' id='word_1_204' title='bbox 1725 1757 1972 1796; x_wconf 84' lang='lat' dir='ltr'>sollicitudinis</span> <span class='ocrx_word' id='word_1_205' title='bbox 2004 1757 2054 1808; x_wconf 89' lang='lat' dir='ltr'>pi-</span> 
     </span>
     <span class='ocr_line' id='line_1_23' title="bbox 508 1824 2054 1879; baseline 0.003 -16"><span class='ocrx_word' id='word_1_206' title='bbox 508 1837 619 1876; x_wconf 85' lang='lat' dir='ltr'>gnore</span> <span class='ocrx_word' id='word_1_207' title='bbox 643 1827 738 1864; x_wconf 64' lang='lat' dir='ltr'>auxit</span> <span class='ocrx_word' id='word_1_208' title='bbox 766 1833 871 1876; x_wconf 83' lang='lat' dir='ltr'>atque</span> <span class='ocrx_word' id='word_1_209' title='bbox 899 1827 1093 1865; x_wconf 69' lang='lat' dir='ltr'>eumulaxit</span> <span class='ocrx_word' id='word_1_210' title='bbox 1121 1846 1135 1861; x_wconf 81' lang='lat'>»</span> <span class='ocrx_word' id='word_1_211' title='bbox 1165 1824 1216 1866; x_wconf 52' lang='lat'><em>&lt;²¹³2</em></span> <span class='ocrx_word' id='word_1_212' title='bbox 1244 1828 1391 1866; x_wconf 90' lang='lat' dir='ltr'>demum</span> <span class='ocrx_word' id='word_1_213' title='bbox 1414 1841 1586 1879; x_wconf 88' lang='lat' dir='ltr'>magnum</span> <span class='ocrx_word' id='word_1_214' title='bbox 1610 1841 1760 1867; x_wconf 88' lang='lat' dir='ltr'>aureum</span> <span class='ocrx_word' id='word_1_215' title='bbox 1785 1829 1963 1867; x_wconf 86' lang='lat' dir='ltr'>numisma</span> <span class='ocrx_word' id='word_1_216' title='bbox 1989 1839 2054 1866; x_wconf 86' lang='lat' dir='ltr'>sua</span> 
     </span>
     <span class='ocr_line' id='line_1_24' title="bbox 509 1896 2054 1950; baseline 0.001 -16"><span class='ocrx_word' id='word_1_217' title='bbox 509 1896 663 1947; x_wconf 76' lang='lat' dir='ltr'>imagine</span> <span class='ocrx_word' id='word_1_218' title='bbox 687 1897 861 1935; x_wconf 78' lang='lat' dir='ltr'>caelatum</span> <span class='ocrx_word' id='word_1_219' title='bbox 891 1897 1006 1941; x_wconf 66' lang='lat' dir='ltr'>nohis,</span> <span class='ocrx_word' id='word_1_220' title='bbox 1043 1899 1181 1949; x_wconf 77' lang='lat' dir='ltr'>insigne</span> <span class='ocrx_word' id='word_1_221' title='bbox 1211 1899 1476 1938; x_wconf 85' lang='lat' dir='ltr'>munificentiae</span> <span class='ocrx_word' id='word_1_222' title='bbox 1503 1900 1743 1950; x_wconf 78' lang='lat' dir='ltr'>egregiaeque</span> <span class='ocrx_word' id='word_1_223' title='bbox 1769 1901 1804 1938; x_wconf 90' lang='lat' dir='ltr'>in</span> <span class='ocrx_word' id='word_1_224' title='bbox 1829 1912 1894 1938; x_wconf 86' lang='lat' dir='ltr'>nos</span> <span class='ocrx_word' id='word_1_225' title='bbox 1930 1898 2054 1938; x_wconf 77' lang='lat' dir='ltr'>volun-</span> 
     </span>
     <span class='ocr_line' id='line_1_25' title="bbox 507 1967 990 2013; baseline 0.006 -9"><span class='ocrx_word' id='word_1_226' title='bbox 507 1967 586 2005; x_wconf 85' lang='lat' dir='ltr'>tatis</span> <span class='ocrx_word' id='word_1_227' title='bbox 607 1967 800 2013; x_wconf 74' lang='lat' dir='ltr'>indicium,</span> <span class='ocrx_word' id='word_1_228' title='bbox 833 1969 990 2007; x_wconf 70' lang='lat' dir='ltr'>donaxit.</span> 
     </span>
    </p>

    <p class='ocr_par' dir='ltr' id='par_1_4' title="bbox 507 2037 2053 2378">
     <span class='ocr_line' id='line_1_26' title="bbox 559 2037 2053 2093; baseline 0.002 -18"><span class='ocrx_word' id='word_1_229' title='bbox 559 2037 883 2078; x_wconf 81' lang='lat' dir='ltr'>Eminentissimuni</span> <span class='ocrx_word' id='word_1_230' title='bbox 918 2047 1038 2091; x_wconf 85' lang='lat' dir='ltr'>postca</span> <span class='ocrx_word' id='word_1_231' title='bbox 1070 2042 1265 2080; x_wconf 83' lang='lat' dir='ltr'>Patronum</span> <span class='ocrx_word' id='word_1_232' title='bbox 1297 2041 1423 2093; x_wconf 84' lang='lat' dir='ltr'>(quem</span> <span class='ocrx_word' id='word_1_233' title='bbox 1457 2041 1630 2092; x_wconf 79' lang='lat' dir='ltr'>singulari</span> <span class='ocrx_word' id='word_1_234' title='bbox 1659 2041 1724 2080; x_wconf 92' lang='lat' dir='ltr'>Dei</span> <span class='ocrx_word' id='word_1_235' title='bbox 1754 2040 1928 2080; x_wconf 81' lang='lat' dir='ltr'>beneficio</span> <span class='ocrx_word' id='word_1_236' title='bbox 1960 2039 2053 2078; x_wconf 88' lang='lat' dir='ltr'>nacti</span> 
     </span>
     <span class='ocr_line' id='line_1_27' title="bbox 507 2109 2048 2163; baseline 0.001 -16"><span class='ocrx_word' id='word_1_237' title='bbox 507 2109 648 2159; x_wconf 77' lang='lat' dir='ltr'>sumus)</span> <span class='ocrx_word' id='word_1_238' title='bbox 671 2110 860 2151; x_wconf 70' lang='lat' dir='ltr'>adiximus.</span> <span class='ocrx_word' id='word_1_239' title='bbox 888 2111 981 2162; x_wconf 89' lang='lat' dir='ltr'>apud</span> <span class='ocrx_word' id='word_1_240' title='bbox 1004 2125 1111 2163; x_wconf 82' lang='lat' dir='ltr'>quem</span> <span class='ocrx_word' id='word_1_241' title='bbox 1135 2114 1250 2151; x_wconf 90' lang='lat' dir='ltr'>omnis</span> <span class='ocrx_word' id='word_1_242' title='bbox 1273 2113 1390 2163; x_wconf 85' lang='lat' dir='ltr'>operis</span> <span class='ocrx_word' id='word_1_243' title='bbox 1414 2112 1591 2163; x_wconf 89' lang='lat' dir='ltr'>dirigendi</span> <span class='ocrx_word' id='word_1_244' title='bbox 1615 2125 1756 2151; x_wconf 87' lang='lat' dir='ltr'>summa</span> <span class='ocrx_word' id='word_1_245' title='bbox 1779 2125 1865 2152; x_wconf 85' lang='lat' dir='ltr'>eura</span> <span class='ocrx_word' id='word_1_246' title='bbox 1893 2111 2025 2150; x_wconf 87' lang='lat' dir='ltr'>residet</span> <span class='ocrx_word' id='word_1_247' title='bbox 2039 2124 2048 2156; x_wconf 91' lang='lat'>;</span> 
     </span>
     <span class='ocr_line' id='line_1_28' title="bbox 507 2181 2048 2235; baseline 0.002 -18"><span class='ocrx_word' id='word_1_248' title='bbox 507 2181 713 2229; x_wconf 88' lang='lat' dir='ltr'>praesertim</span> <span class='ocrx_word' id='word_1_249' title='bbox 737 2194 818 2219; x_wconf 85' lang='lat' dir='ltr'>cum</span> <span class='ocrx_word' id='word_1_250' title='bbox 844 2183 884 2219; x_wconf 79' lang='lat' dir='ltr'>n.</span> <span class='ocrx_word' id='word_1_251' title='bbox 913 2182 951 2219; x_wconf 90' lang='lat' dir='ltr'>P.</span> <span class='ocrx_word' id='word_1_252' title='bbox 979 2183 1022 2220; x_wconf 91' lang='lat' dir='ltr'>D.</span> <span class='ocrx_word' id='word_1_253' title='bbox 1050 2183 1216 2235; x_wconf 58' lang='lat' dir='ltr'>Atoysius</span> <span class='ocrx_word' id='word_1_254' title='bbox 1245 2185 1476 2229; x_wconf 72' lang='lat' dir='ltr'>Tomasseffi,</span> <span class='ocrx_word' id='word_1_255' title='bbox 1511 2185 1655 2222; x_wconf 85' lang='lat' dir='ltr'>antistes</span> <span class='ocrx_word' id='word_1_256' title='bbox 1679 2184 1807 2223; x_wconf 88' lang='lat' dir='ltr'>domus</span> <span class='ocrx_word' id='word_1_257' title='bbox 1830 2181 2048 2234; x_wconf 80' lang='lat' dir='ltr'>pontificiae,</span> 
     </span>
     <span class='ocr_line' id='line_1_29' title="bbox 507 2249 2052 2307; baseline 0.002 -20"><span class='ocrx_word' id='word_1_258' title='bbox 507 2249 645 2300; x_wconf 88' lang='lat' dir='ltr'>collegii</span> <span class='ocrx_word' id='word_1_259' title='bbox 669 2251 794 2290; x_wconf 81' lang='lat' dir='ltr'>adlecti</span> <span class='ocrx_word' id='word_1_260' title='bbox 818 2253 950 2291; x_wconf 82' lang='lat' dir='ltr'>Romae</span> <span class='ocrx_word' id='word_1_261' title='bbox 974 2267 1130 2304; x_wconf 73' lang='lat' dir='ltr'>praeses,</span> <span class='ocrx_word' id='word_1_262' title='bbox 1163 2255 1283 2294; x_wconf 83' lang='lat' dir='ltr'>multis</span> <span class='ocrx_word' id='word_1_263' title='bbox 1307 2257 1458 2306; x_wconf 84' lang='lat' dir='ltr'>negotiis</span> <span class='ocrx_word' id='word_1_264' title='bbox 1481 2255 1709 2307; x_wconf 87' lang='lat' dir='ltr'>praepeditus</span> <span class='ocrx_word' id='word_1_265' title='bbox 1732 2253 1925 2304; x_wconf 87' lang='lat' dir='ltr'>multisque</span> <span class='ocrx_word' id='word_1_266' title='bbox 1957 2252 2052 2292; x_wconf 88' lang='lat' dir='ltr'>euris</span> 
     </span>
     <span class='ocr_line' id='line_1_30' title="bbox 508 2319 2052 2378; baseline 0.004 -20"><span class='ocrx_word' id='word_1_267' title='bbox 508 2319 707 2366; x_wconf 72' lang='lat' dir='ltr'>distentus,</span> <span class='ocrx_word' id='word_1_268' title='bbox 750 2325 909 2373; x_wconf 79' lang='lat' dir='ltr'>nequiret</span> <span class='ocrx_word' id='word_1_269' title='bbox 943 2324 1090 2364; x_wconf 80' lang='lat' dir='ltr'>ulterius</span> <span class='ocrx_word' id='word_1_270' title='bbox 1124 2339 1270 2377; x_wconf 89' lang='lat' dir='ltr'>operam</span> <span class='ocrx_word' id='word_1_271' title='bbox 1315 2340 1418 2366; x_wconf 88' lang='lat' dir='ltr'>suam</span> <span class='ocrx_word' id='word_1_272' title='bbox 1463 2326 1684 2378; x_wconf 88' lang='lat' dir='ltr'>impendere.</span> <span class='ocrx_word' id='word_1_273' title='bbox 1723 2325 1924 2364; x_wconf 49' lang='lat' dir='ltr'>Appen-meis</span> <span class='ocrx_word' id='word_1_274' title='bbox 1959 2324 2052 2364; x_wconf 88' lang='lat' dir='ltr'>ordi-</span> 
     </span>
    </p>
   </div>
   <div class='ocr_carea' id='block_1_3' title="bbox 505 2480 2052 2651">
    <p class='ocr_par' dir='ltr' id='par_1_5' title="bbox 506 2480 2052 2555">
     <span class='ocr_line' id='line_1_31' title="bbox 542 2480 2052 2520; baseline 0.002 -14"><span class='ocrx_word' id='word_1_275' title='bbox 542 2480 581 2515; x_wconf 88' lang='lat' dir='ltr'>(t)</span> <span class='ocrx_word' id='word_1_276' title='bbox 602 2481 638 2506; x_wconf 81' lang='lat' dir='ltr'>De</span> <span class='ocrx_word' id='word_1_277' title='bbox 656 2481 740 2515; x_wconf 69' lang='lat' dir='ltr'>primu</span> <span class='ocrx_word' id='word_1_278' title='bbox 761 2480 792 2507; x_wconf 83' lang='lat' dir='ltr'>ad</span> <span class='ocrx_word' id='word_1_279' title='bbox 810 2480 906 2507; x_wconf 73' lang='lat' dir='ltr'>[them</span> <span class='ocrx_word' id='word_1_280' title='bbox 925 2482 1016 2509; x_wconf 69' lang='lat' dir='ltr'>itinere</span> <span class='ocrx_word' id='word_1_281' title='bbox 1037 2482 1138 2518; x_wconf 75' lang='lat' dir='ltr'>loquuti</span> <span class='ocrx_word' id='word_1_282' title='bbox 1158 2492 1251 2511; x_wconf 83' lang='lat' dir='ltr'>sumus</span> <span class='ocrx_word' id='word_1_283' title='bbox 1271 2485 1296 2511; x_wconf 88' lang='lat' dir='ltr'>in</span> <span class='ocrx_word' id='word_1_284' title='bbox 1316 2485 1405 2520; x_wconf 82' lang='lat' dir='ltr'>operis</span> <span class='ocrx_word' id='word_1_285' title='bbox 1431 2485 1652 2516; x_wconf 38' lang='lat' dir='ltr'>Pnocniinmtira</span> <span class='ocrx_word' id='word_1_286' title='bbox 1675 2483 1747 2518; x_wconf 86' lang='lat' dir='ltr'>quod</span> <span class='ocrx_word' id='word_1_287' title='bbox 1771 2482 1895 2510; x_wconf 84' lang='lat' dir='ltr'>dedimus</span> <span class='ocrx_word' id='word_1_288' title='bbox 1919 2482 2052 2518; x_wconf 81' lang='lat' dir='ltr'>Augustae</span> 
     </span>
     <span class='ocr_line' id='line_1_32' title="bbox 506 2524 1109 2555; baseline 0.007 -6"><span class='ocrx_word' id='word_1_289' title='bbox 506 2524 694 2555; x_wconf 68' lang='lat' dir='ltr'>Taurinorum,</span> <span class='ocrx_word' id='word_1_290' title='bbox 712 2525 763 2551; x_wconf 77' lang='lat' dir='ltr'>kal.</span> <span class='ocrx_word' id='word_1_291' title='bbox 780 2526 881 2552; x_wconf 75' lang='lat' dir='ltr'>sextilis</span> <span class='ocrx_word' id='word_1_292' title='bbox 897 2534 939 2552; x_wconf 77' lang='lat' dir='ltr'>an.</span> <span class='ocrx_word' id='word_1_293' title='bbox 958 2534 1109 2553; x_wconf 66' lang='lat' dir='ltr'>›incccm’w</span> 
     </span>
    </p>

    <p class='ocr_par' dir='ltr' id='par_1_6' title="bbox 505 2568 2049 2651">
     <span class='ocr_line' id='line_1_33' title="bbox 540 2568 2049 2605; baseline 0.003 -11"><span class='ocrx_word' id='word_1_294' title='bbox 540 2568 580 2603; x_wconf 84' lang='grc'>(·.))</span> <span class='ocrx_word' id='word_1_295' title='bbox 601 2569 731 2603; x_wconf 69' lang='lat' dir='ltr'>Excerpta</span> <span class='ocrx_word' id='word_1_296' title='bbox 753 2577 786 2596; x_wconf 74' lang='lat' dir='ltr'>cx</span> <span class='ocrx_word' id='word_1_297' title='bbox 808 2569 938 2604; x_wconf 78' lang='lat' dir='ltr'>Encyclus</span> <span class='ocrx_word' id='word_1_298' title='bbox 958 2571 1162 2598; x_wconf 80' lang='lat' dir='ltr'>Eininentissimi</span> <span class='ocrx_word' id='word_1_299' title='bbox 1179 2572 1324 2600; x_wconf 79' lang='lat' dir='ltr'>Cardinalis</span> <span class='ocrx_word' id='word_1_300' title='bbox 1347 2573 1440 2601; x_wconf 61' lang='lat' dir='ltr'>Gicnss</span> <span class='ocrx_word' id='word_1_301' title='bbox 1463 2572 1531 2601; x_wconf 83' lang='lat' dir='ltr'>datis</span> <span class='ocrx_word' id='word_1_302' title='bbox 1547 2573 1656 2605; x_wconf 80' lang='lat' dir='ltr'>nomae,</span> <span class='ocrx_word' id='word_1_303' title='bbox 1678 2572 1754 2599; x_wconf 83' lang='lat' dir='ltr'>nonis</span> <span class='ocrx_word' id='word_1_304' title='bbox 1774 2571 1826 2598; x_wconf 89' lang='lat' dir='ltr'>iulii</span> <span class='ocrx_word' id='word_1_305' title='bbox 1843 2579 1886 2599; x_wconf 87' lang='lat' dir='ltr'>an.</span> <span class='ocrx_word' id='word_1_306' title='bbox 1904 2579 2049 2605; x_wconf 76' lang='lat' dir='ltr'>mocccux,</span> 
     </span>
     <span class='ocr_line' id='line_1_34' title="bbox 505 2612 1576 2651; baseline 0.007 -13"><span class='ocrx_word' id='word_1_307' title='bbox 505 2612 537 2638; x_wconf 77' lang='lat' dir='ltr'>ad</span> <span class='ocrx_word' id='word_1_308' title='bbox 555 2613 730 2646; x_wconf 61' lang='lat' dir='ltr'>Paniai-elias,</span> <span class='ocrx_word' id='word_1_309' title='bbox 747 2614 885 2646; x_wconf 79' lang='lat' dir='ltr'>l&#39;riinates,</span> <span class='ocrx_word' id='word_1_310' title='bbox 901 2614 1132 2651; x_wconf 71' lang='lat' dir='ltr'>Aschiepiscopus‚</span> <span class='ocrx_word' id='word_1_311' title='bbox 1149 2620 1200 2643; x_wconf 89' lang='lat' dir='ltr'>etc.</span> <span class='ocrx_word' id='word_1_312' title='bbox 1220 2617 1337 2645; x_wconf 82' lang='lat' dir='ltr'>universi</span> <span class='ocrx_word' id='word_1_313' title='bbox 1354 2618 1427 2645; x_wconf 81' lang='lat' dir='ltr'>orbis</span> <span class='ocrx_word' id='word_1_314' title='bbox 1443 2618 1576 2646; x_wconf 85' lang='lat' dir='ltr'>catholici.</span> 
     </span>
    </p>
   </div>
  </div>
 </body>
</html>
