2281 3251
115 310 166 337 Αιι.
184 311 212 339 C.
234 312 297 339 ΗΔΞΙι

363 365 476 399 Datum
509 363 628 398 Romat
655 362 737 410 apud
760 362 909 397 Sanctum
944 362 1062 409 bryso-

312 427 452 462 gonum,
493 426 576 448 anno
616 412 844 447 Incaiuatioiiis
885 413 1023 447 dominii·
1028 425 1061 445 ιιι

312 476 532 507 mccccxxxiv,
560 474 603 497 xv
628 462 802 497 kalendas
797 462 895 507 iunii,
930 461 1061 509 pontiti-

313 523 401 549 catus
424 513 522 548 nostri
545 524 629 547 anno
656 521 778 559 quarto.

363 575 424 606 Dat.
447 575 494 605 die
511 574 547 604 18
567 574 633 604 maii
656 574 741 612 1434,
761 574 863 612 pontis.
882 583 958 604 anno
975 582 1011 603 iv.

669 747 708 782 X.

317 830 489 873 Ampli'ali'o
511 829 628 862 indulti
650 841 669 862 a
694 828 842 872 Greqorio
865 829 912 862 IX
936 828 1066 860 concessi

366 890 464 912 eremo
494 878 735 916 camaldulensi,
758 879 975 912 monachorum
1001 877 1064 910 Or-

366 928 448 961 dinis
474 929 508 961 S.
532 928 704 970 Benedicti,
725 928 890 972 recipiendi
908 927 1064 970 reliqi'osos

367 979 499 1011 alioruin
524 977 678 1011 Ordinum
701 979 754 1020 (l).

587 1053 799 1085 SUtttttti-ttttUM

319 1121 485 1152 Exordium.
504 1139 542 1144 —
561 1122 586 1151 1.
606 1121 714 1151 Prioris
737 1120 934 1150 camaldulen.
955 1120 1064 1158 petitio.

358 1184 396 1190 —-
425 1167 454 1197 2.
478 1166 592 1196 liidulto
615 1165 745 1203 Gregorii
769 1164 801 1194 lx
824 1165 893 1203 quid
917 1164 1065 1201 obstaret,

359 1215 484 1240 enarrat.
505 1227 544 1232 --
565 1210 592 1240 3.
615 1209 686 1239 lllud
709 1209 843 1248 explicat,
866 1209 1063 1249 extenditque.

356 1273 394 1278 —-
410 1256 438 1285 4.
460 1255 620 1285 Contrariis
642 1254 771 1292 derogat.

315 1331 447 1367 eugenius
459 1331 599 1366 episcopus
616 1337 710 1359 servus
728 1335 868 1358 servorum
881 1329 936 1362 Det.
956 1329 1067 1359 dilectis

360 1380 425 1408 filiis
451 1380 538 1416 priori
555 1381 586 1408 et
600 1379 733 1408 universis
744 1378 881 1407 fratribus
901 1379 996 1407 domus
1009 1378 1068 1408 fra-

360 1432 432 1459 trum
457 1431 541 1458 eremi
559 1429 788 1463 camaldulensis.
814 1428 1004 1465 praesentibus
1040 1430 1068 1458 et

360 1480 477 1513 futuris.
499 1480 617 1508 salutem
635 1480 665 1508 ot
694 1478 873 1515 apostolicam
903 1479 1066 1507 benedictio-

359 1537 432 1558 nem.

364 1597 417 1632 Illa
454 1609 534 1645 quae
564 1609 619 1644 pro
654 1596 822 1644 tranquillo
859 1608 1065 1644 personarum

316 1647 376 1682 suh
404 1646 580 1694 Religionis
616 1647 724 1681 lialntii
748 1647 884 1681 Domino
923 1646 1066 1681 famulari

316 1696 585 1738 desiderantium,
621 1697 725 1731 studio
760 1697 830 1744 piae
854 1697 951 1741 vitae,
984 1705 1065 1731 statu

317 1746 446 1795 provide
475 1746 552 1781 sacta
575 1755 661 1787 sunt,
686 1755 717 1780 ut
740 1747 856 1781 illibata
887 1747 1067 1794 peisistant,

315 1809 387 1831 cnm
411 1808 426 1831 a
457 1796 548 1831 nobis
576 1796 702 1844 petitur,
730 1796 924 1852 apostolicae
951 1797 1068 1831 contii-

317 1846 464 1881 mationis
482 1846 594 1881 robore
617 1846 865 1891 communimus
887 1858 987 1893 eaque
1004 1859 1069 1881 am-

317 1895 457 1951 pliamus.
468 1903 497 1930 et
519 1895 733 1937 extendimus,
757 1904 849 1943 proiit
873 1896 903 1931 in
923 1895 991 1931 Deo
1007 1896 1066 1931 lioc

317 1958 532 1992 conspicimus
554 1945 722 1981 salubriter
744 1945 906 1993 expedire.

367 1995 386 2042 g
411 1997 442 2029 1.
465 1995 550 2031 Sane
577 1995 763 2030 dilectorum
793 1995 928 2031 filiorum
955 1995 1068 2042 prioris

132 2053 304 2091 Priorisciitimt—
317 2053 347 2079 et
377 2045 506 2080 l'ratrum
535 2044 650 2080 domus
677 2045 774 2080 eremi
803 2044 1067 2085 Camatdutensis,

120 2086 286 2114 ⁶⁰¹²⁰ ⁹⁹¹¹²‘⁰'
319 2106 375 2141 per
398 2094 533 2142 priorem
556 2094 667 2130 solitae
688 2094 871 2141 gubernari,
895 2107 996 2143 nuper
1012 2095 1068 2129 lia-

319 2144 379 2179 bita
408 2144 517 2192 petitio
539 2143 732 2190 continebat,
755 2144 840 2191 quod
864 2145 937 2179 olim
968 2144 1069 2180 felicis

318 2193 544 2229 recordationis
565 2193 739 2241 Gregorius
759 2194 843 2251 Papa
860 2194 917 2234 lx,
935 2195 1069 2243 praede-

319 2256 425 2279 cessor
458 2252 583 2289 noster,
613 2244 741 2299 priori,
758 2245 811 2292 qni
835 2253 909 2280 tunc
935 2253 1011 2287 erat,
1038 2253 1069 2280 et

319 2293 467 2329 fratribus
509 2293 611 2329 dictae
645 2293 764 2336 eremi,
801 2307 856 2342 pro
894 2307 1002 2331 eorum
1038 2303 1068 2330 et

319 2344 420 2392 ipsius
441 2344 538 2380 eremi
562 2344 772 2390 incremento,
794 2345 946 2393 quasdam
965 2346 1069 2380 literas

319 2395 476 2430 concessit
499 2394 528 2429 in
553 2394 630 2430 liaeo
652 2394 744 2430 verba
767 2396 823 2440 (⁶2),

369 2448 439 2488 52.
470 2443 550 2480 Cum
574 2453 692 2490 autem,
720 2445 801 2480 sicut
823 2444 934 2480 eadem
963 2445 1069 2493 petitio

136 2508 220 2531 tudulto
251 2509 307 2531 ore·
321 2494 551 2541 subiungebat,
589 2502 717 2543 propter
750 2495 871 2530 diversa
911 2495 1068 2543 privilegia

124 2541 178 2568 ⁸⁰⁸⁴
205 2541 232 2562 'x
259 2541 306 2569 ΨΜ
321 2553 351 2579 et
373 2544 496 2579 indulta
527 2544 660 2580 diversis
682 2544 985 2592 congregationibus
1015 2545 1070 2580 di-

148 1650 266 1672 Exordium.

358 2615 397 2651 (ί)
413 2614 530 2650 Gregorii
547 2616 586 2642 tx
602 2615 733 2644 indultum
750 2616 844 2652 legitur
862 2620 927 2643 toin.
948 2625 989 2649 ιιι,
1008 2625 1068 2652 pag.

322 2656 382 2682 11023.
422 2655 460 2691 (2)
477 2656 547 2683 Haec
566 2656 637 2684 bulla
658 2665 709 2684 nou
725 2657 861 2689 inseritur,
882 2658 1006 2692 quoniam
1024 2657 1070 2684 lia-

322 2695 368 2723 bes
383 2703 440 2723 eam
458 2696 514 2723 loco
530 2697 554 2723 in
574 2697 775 2723 Coiicordantiis
795 2698 885 2724 citato.

400 2740 474 2771 Bull.
491 2739 567 2771 Rom.
588 2740 642 2771 Vol.
665 2741 693 2771 V.
914 2741 932 2771 3

934 307 1075 330 less-miti
1079 308 1091 328 S

1120 307 1209 328 tv'ti

1755 300 1796 331 17

1105 374 1262 396 νοιιειιιιιιι
1285 361 1450 397 domorum
1468 369 1498 396 et
1513 363 1794 408 motiasttiioiQnm
1809 376 1844 398 ox

1105 420 1173 458 post
1207 424 1261 458 per
1291 412 1503 459 Apostolicain
1532 412 1647 447 Sedtm
1676 425 1846 453 concessa,

1105 474 1225 496 necnon
1261 461 1399 496 diversas
1426 461 1502 497 alias
1542 463 1784 497 constitutiones
1818 471 1845 497 et

1105 511 1317 546 ordinationes
1348 511 1463 552 editas,
1490 512 1686 546 concessioni
1720 512 1846 559 praefati

1107 561 1356 607 praedecessoris
1387 561 1483 596 nostri
1513 561 1681 609 plurimum
1716 561 1849 607 deroga-

1106 620 1170 644 tuin
1194 611 1306 651 existit,
1340 619 1466 658 propter
1487 611 1571 658 quod
1601 611 1711 652 multi,
1735 612 1788 658 qui
1819 612 1847 645 in

1105 660 1185 694 dicta
1217 672 1323 694 eremo
1341 660 1504 695 Altissimo
1527 660 1668 695 famulari
1692 661 1849 702 affectant,

1104 709 1143 743 ab
1175 721 1284 744 corum
1314 709 1472 757 proposito
1500 710 1714 752 retrahuntur,
1741 723 1850 758 qnare,

1106 770 1162 805 pro
1181 767 1267 805 parte
1286 759 1441 794 dictorum
1463 759 1575 806 prioris
1592 769 1620 794 et
1635 759 1776 801 fratrum,
1794 772 1850 794 no-

1106 808 1155 841 bis
1187 807 1243 842 suit
1276 808 1436 844 humiliter
1467 810 1702 856 supplicatum,
1738 818 1771 844 ut
1807 809 1851 844 eis

1105 857 1273 912 superlioc
1295 866 1473 912 opportune
1495 859 1671 905 providere
1687 859 1852 906 dictaeque

1106 907 1302 941 concessioni
1340 908 1434 942 robur
1460 909 1649 954 apostolicae
1682 908 1852 943 confirma·-

1106 956 1199 990 tionis
1225 956 1373 997 adiicere,
1407 966 1436 992 et
1458 958 1564 1001 etiam,
1592 965 1743 1005 quantum
1772 970 1852 1005 opus

1105 1013 1163 1043 est,
1192 1006 1288 1052 ipsam
1313 1005 1461 1053 ampliare
1489 1006 1528 1040 de,
1556 1007 1746 1053 benignitate
1769 1019 1853 1055 apo-

1106 1055 1212 1090 stolica
1236 1055 1446 1101 dignaremur.

1155 1105 1221 1150 §3-
1244 1104 1308 1139 Nos
1331 1105 1445 1152 itaque,
1467 1105 1505 1139 de
1529 1106 1708 1152 praemissis
1731 1106 1853 1153 plenius

1107 1154 1282 1195 informati,
1311 1155 1424 1201 prioris
1457 1163 1486 1189 et
1510 1155 1638 1190 fratrum
1675 1155 1853 1203 praedicto-

1108 1216 1177 1239 rum
1206 1204 1494 1251 supplicationibus
1526 1204 1687 1245 inclinati,
1715 1217 1853 1241 conces-

1107 1254 1229 1288 sionem
1250 1254 1453 1300 praedictam,
1477 1266 1599 1290 necnon
1616 1254 1715 1289 dictas
1739 1255 1855 1300 literas,

1107 1312 1138 1338 et
1159 1315 1380 1351 quaecumque
1408 1304 1438 1339 in
1467 1305 1513 1338 eis
1544 1312 1706 1346 contenta,
1736 1313 1797 1339 rata
1825 1313 1856 1340 et

1107 1362 1192 1400 grata
1223 1353 1383 1399 habentem,
1407 1366 1441 1390 ea
1469 1355 1654 1389 auctoritate
1683 1355 1855 1403 apostolica

1108 1403 1347 1448 confirmamus,
1371 1412 1400 1438 et
1424 1404 1597 1451 praesentis
1619 1405 1726 1452 scripti
1751 1412 1857 1452 patro-

1109 1453 1194 1488 cinio
1217 1454 1464 1488 communimus.
1489 1453 1663 1502 Vobisque‚
1687 1463 1719 1488 ut
1746 1466 1857 1489 omnes

1108 1511 1138 1538 et
1156 1503 1299 1549 singulos
1321 1504 1553 1551 cuiuscumque
1572 1503 1704 1538 Ordinis
1722 1504 1858 1538 existant

1109 1562 1139 1588 et
1169 1553 1208 1587 de
1240 1553 1497 1600 quibuscumque
1534 1553 1856 1600 congregationibus,

1109 1602 1258 1637 domibus
1280 1615 1335 1638 seii
1360 1603 1572 1645 monasteriis,
1591 1605 1657 1638 sive
1673 1603 1857 1638 mendican-

1110 1653 1186 1687 tium
1211 1653 1274 1687 sive
1294 1666 1355 1687 non
1380 1653 1641 1693 mendicantium,
1665 1653 1755 1688 etiam
1779 1652 1858 1688 Car-

1110 1703 1281 1738 tlitisiensis
1296 1703 1436 1748 Ordinis,
1457 1703 1611 1743 venerint,
1630 1703 1683 1751 qni
1703 1703 1732 1738 in
1752 1715 1857 1738 eremo

1111 1761 1230 1798 testra,
1262 1753 1322 1787 snb
1345 1752 1457 1787 ordine
1486 1761 1516 1787 et
1544 1753 1651 1787 liabitu
1683 1762 1802 1793 iestro
1827 1754 1856 1787 iii

1110 1803 1177 1850 ipsa
1206 1815 1314 1838 eremo
1340 1803 1506 1838 Altissimo
1530 1810 1682 1858 perpetuo
1715 1803 1856 1837 famulari

1109 1853 1280 1908 elegerint,
1317 1853 1518 1900 superiorum
1557 1865 1697 1900 ipsorum
1734 1852 1856 1887 licentii

1110 1903 1220 1950 petita,
1240 1902 1311 1937 licet
1335 1914 1397 1937 non
1421 1902 1561 1943 obtenta,
1584 1903 1653 1937 sine
1671 1902 1856 1949 cuiusquam

1110 1952 1368 1997 contradictione,
1384 1961 1413 1987 et
1431 1952 1506 1986 alias
1527 1953 1702 1987 secundum
1728 1951 1855 1999 praelati

1112 2001 1366 2050 praedecessoris
1387 2002 1484 2037 nostri
1509 2002 1537 2036 in
1555 2002 1647 2036 dictis
1669 2001 1768 2036 literis
1786 2013 1858 2036 con-

1110 2060 1227 2087 tentam
1261 2052 1471 2096 voluntatem,
1504 2052 1643 2099 recipere
1665 2061 1694 2086 et
1724 2051 1856 2085 retinere

1111 2101 1247 2149 possitis,
1270 2109 1377 2136 tenore
1393 2102 1617 2149 praesentium,
1641 2100 1854 2147 indulgemus.

1159 2151 1179 2199 S
1201 2155 1233 2186 4.
1262 2151 1329 2185 Non
1354 2151 1552 2186 obstantibus
1573 2150 1857 2186 constitutionibus

1110 2209 1140 2236 et
1167 2201 1430 2246 ordinationibus,
1460 2200 1632 2248 privilegiis
1664 2209 1694 2235 et
1727 2200 1857 2235 indultis

1110 2251 1380 2299 quibuscumque,
1402 2251 1462 2286 sub
1489 2251 1599 2299 quavis
1619 2250 1715 2286 forma
1744 2250 1858 2285 vei-bo-

1112 2319 1179 2341 ium
1204 2307 1234 2341 in
1263 2306 1454 2341 contrarium
1483 2305 1586 2341 forsan
1616 2305 1704 2341 factis
1726 2318 1781 2340 seii
1810 2303 1857 2339 sa-

1111 2361 1242 2397 ciendis.
1266 2361 1312 2396 De
1338 2360 1454 2409 quibus
1475 2361 1567 2395 etiam
1591 2368 1620 2395 et
1652 2373 1760 2395 eorum
1783 2359 1858 2400 totis

1112 2416 1285 2459 tenoribus,
1309 2417 1338 2450 in
1363 2415 1584 2463 praesentibus
1605 2422 1685 2449 esset
1715 2412 1856 2448 habenda

1113 2471 1231 2506 mentio
1253 2470 1410 2518 specialis.
1434 2470 1519 2505 Nulli
1547 2482 1622 2516 ergo
1640 2477 1692 2503 etc.

1162 2524 1277 2559 Datum
1308 2524 1496 2568 Florentiae,
1519 2536 1600 2558 anno
1633 2521 1857 2557 incarnationis

1113 2580 1239 2615 Domini
1259 2591 1470 2624 mcccxxxv,
1485 2591 1545 2613 vtii
1563 2577 1708 2611 kalendas
1730 2576 1858 2610 decem-

1114 2635 1188 2675 bris,
1217 2633 1419 2681 pontificatus
1442 2632 1538 2667 nostri
1562 2643 1642 2665 anno
1670 2630 1791 2677 quinto.

1143 2695 1203 2726 Dat.
1219 2696 1265 2725 die
1281 2695 1318 2725 ⁶24
1335 2693 1501 2724 novembris
1518 2693 1603 2730 1435,
1616 2696 1693 2732 pont.
1710 2701 1784 2721 anno
1800 2700 1826 2721 v.

1863 307 1910 333 Αιι
1929 306 1957 333 C
1974 307 2042 333 tusis

1861 368 1920 388 ι1ιιιι
1923 372 1961 394 ret,
1979 374 2003 389 eii
2007 375 2042 389 ιι-

1861 405 1898 422 rat.

1881 1118 1932 1138 lllnd
1949 1119 2049 1145 explicat,

1867 1151 2010 1176 extenditque,

1883 2165 1998 2186 Contrariis
2015 2164 2056 2185 de-

1871 2200 1936 2223 rogat.
