2281 3251
225 245 273 269 An.
292 242 321 267 C.
342 241 409 268 tti72

241 695 278 717 sslc
291 698 350 722 igitur
361 695 414 716 Pou-

229 727 268 750 ΗΕ,
279 729 312 754 qui
321 728 340 747 d.
351 728 413 748 Ordi-

229 760 261 779 n‘is
270 760 337 779 nitu·
351 759 414 778 utini-

229 793 273 810 tter
301 790 414 815 generatis,

245 820 401 840 ob·erv·uiiuu

230 853 249 872 d.
270 852 338 872 bullae
361 852 415 872 Gra·-

230 884 283 908 μοι-Η
300 882 324 903 ΧΙ
343 884 414 903 utilem

228 919 278 935 esu
294 914 400 939 cognovit,

475 232 545 266 20ss

1009 241 1196 264 urLLARtmt
1226 241 1386 264 ammaum

427 296 1176 343 praefatiOrdinisadsuospraelatosohedientia
1196 311 1200 328 ι
1219 295 1379 335 debitum,
1417 307 1477 340 ea,
1512 308 1592 343 quae
1626 308 1681 343 pro
1709 296 1810 344 ipsius
1844 296 1977 333 Ordinis

425 347 691 386 submovebatur2
725 346 809 381 unde
837 345 1105 393 perturbationes,
1129 333 1200 400 ἠμί

1220 345 1339 391 quiete,
1359 356 1446 392 pace,
1460 344 1684 392 tranquillitate
1707 354 1738 381 et
1756 346 1974 393 prosperitate,

425 397 643 431 convenientia
673 395 782 440 multa,
807 396 934 430 inutiles
962 395 1090 430 fratrum
1119 394 1179 430 dis·
1197 417 1201 449 Ι
1220 406 1236 428 a
1260 393 1415 429 Romanis
1438 394 1648 430 Pontiticibus
1681 395 1978 442 praedecessoribus

425 458 537 480 rursus
559 454 587 480 et
610 446 713 492 gravia
732 444 879 480 scandala
908 445 1029 479 fueraut
1054 453 1178 488 exorta,

427 496 456 528 iu
473 507 616 542 maguam
631 495 868 542 ipsiusOrdinis
885 495 1180 541 iacturam,praeiu-

425 545 541 579 dicium
569 553 598 579 et
621 544 858 587 detrimentum,
887 544 990 578 literas
1017 544 1180 590 sequentis

427 594 524 629 t-‹tidit
547 595 664 628 tenoris
679 598 733 637 tt).

477 643 552 691 §⁶2-
581 642 644 678 Nos
671 651 800 686 autem,
828 655 913 683 cum,
946 643 976 677 iu
1006 643 1181 678 minoribus

428 693 602 729 constituti,
620 693 720 739 ipsius
733 692 862 727 Ordinis
883 692 1039 739 generalis
1062 704 1135 728 cura
1151 701 1180 727 et

429 742 657 777 administratio
685 742 895 782 incumberet,
924 741 1180 780 saluberrimum,

430 800 643 838 opportunum
672 799 702 825 et
726 792 939 826 necessarium
963 792 1048 826 dicto
1070 791 1181 826 Ordini

430 853 498 875 esse
532 841 770 886 conspeximus,
804 850 838 875 ut
868 849 1074 888 protectores„
1101 841 1181 875 ultra

431 890 598 937 praefixam
622 889 660 923 ab
673 889 815 924 eiusdem
836 889 966 925 Ordinis
981 889 1102 935 Regula
1126 894 1182 934 (2),

430 951 492 974 non
503 939 719 974 extenderent.
735 938 814 974 Nam
831 939 949 986 experti
966 951 1078 974 sumus
1093 948 1122 974 et
1136 940 1183 973 vi-

429 989 532 1023 dimus
548 996 664 1035 quanta
684 1001 754 1035 pax,
769 988 869 1035 quies,
892 988 1021 1032 utilitas,
1043 997 1183 1035 quanta-

429 1051 492 1084 que
518 1037 684 1072 commoda
713 1038 850 1084 praefato
880 1037 993 1072 Ordini
1030 1046 1059 1072 et
1088 1037 1184 1073 fratri-

431 1088 490 1122 lius
512 1087 654 1122 eiusdem
690 1099 727 1121 ex
757 1088 843 1121 firma
871 1095 901 1122 et
929 1087 1118 1122 inconcussa
1141 1087 1186 1122 di-

430 1147 551 1171 ctarum
567 1136 726 1171 literarum
743 1136 941 1171 observantia
967 1138 1183 1184 provenerint;

431 1197 512 1233 qnae
535 1194 566 1220 et
587 1194 723 1232 quantae
746 1186 1011 1233 perturbationes,
1034 1187 1185 1231 iacturae,

432 1235 645 1279 incommoda,
666 1235 779 1270 damna
807 1243 837 1269 et
858 1235 962 1281 gravia
984 1234 1130 1270 scandala
1154 1236 1184 1270 in

431 1286 516 1319 dicto
538 1283 657 1319 Ordine
680 1285 826 1320 suscitata
849 1293 940 1329 sunt,
962 1285 1088 1332 quoties
1110 1285 1184 1320 dicti

431 1334 562 1369 Ordinis
597 1342 804 1382 protectores,
830 1346 906 1370 suae
933 1335 1129 1369 auctoritatis
1147 1334 1186 1368 li-

433 1384 525 1419 mites
546 1383 700 1418 excedere
717 1391 920 1428 attentantes,
934 1384 965 1418 in
995 1383 1188 1431 particulari-

433 1433 575 1468 liusdicti
590 1432 724 1467 Ordinis
737 1440 768 1467 et
783 1432 912 1468 fratrum
927 1433 1069 1468 eiusdem
1082 1433 1186 1468 causis

432 1493 461 1516 rt
485 1483 618 1528 negotiis
640 1494 674 1516 se
701 1483 932 1527 intromittere,
959 1490 1009 1527 et,
1037 1490 1185 1529 usurpata

432 1533 492 1567 sibi
518 1532 714 1575 auctoritate,
728 1543 764 1566 ea
781 1532 901 1577 videre,
919 1543 1127 1578 cognoscere,
1144 1533 1188 1566 iu-

433 1582 538 1617 dicare
560 1589 591 1615 et
605 1581 784 1616 discernere
806 1581 984 1617 voluerunt.
1011 1580 1187 1627 Cupientes

433 1639 467 1666 ut
488 1629 612 1676 Religio
635 1638 664 1665 et
691 1629 778 1666 Ordo
801 1631 972 1678 praefatus,
987 1642 1082 1677 quem
1106 1630 1187 1665 ass'e-

433 1680 632 1716 ctuosissima
659 1680 810 1715 charitate
840 1680 1100 1727 complectimur,
1137 1689 1188 1714 ut-

434 1739 505 1778 pote
526 1729 612 1776 quod
640 1729 670 1764 in
693 1741 731 1764 eo
746 1741 762 1764 a
787 1731 902 1764 teneris
929 1730 1020 1764 annis
1042 1730 1187 1768 enutriti,

433 1789 463 1815 et
484 1779 627 1814 doctrina
662 1791 698 1813 ac
732 1780 930 1825 regularibus
957 1778 1130 1825 disciplinis
1157 1787 1188 1813 et

435 1828 575 1864 moribus
590 1827 724 1863 instituti
746 1828 876 1873 fuimus,
898 1841 934 1863 ac
956 1829 998 1862 uti
1016 1828 1104 1863 firma
1128 1828 1188 1863 sule

435 1888 594 1920 tenemus,
622 1877 871 1925 certissimisque
895 1879 926 1912 in
951 1877 1041 1912 uobis
1063 1878 1188 1924 experi-

435 1928 551 1963 mentis
573 1927 754 1967 didicimus,
777 1927 813 1962 ad
837 1927 937 1962 oflicia
961 1935 990 1961 et
1005 1926 1188 1973 dignitates,

433 1977 470 2012 ad
494 1988 572 2024 quas
600 1977 629 2011 in
655 1976 832 2011 minoribus
852 1976 985 2023 promoti
1014 1988 1136 2019 sumus,
1158 1986 1187 2012 et

433 2026 471 2061 ad
494 2027 578 2062 hunc
600 2025 724 2061 Summi
748 2025 954 2061 Ponuticatus
967 2025 1101 2072 apicem,
1127 2038 1189 2060 me-

435 2076 502 2110 ritis
527 2084 558 2109 et
589 2075 738 2123 precibus
764 2075 918 2122 seraphici
948 2074 1031 2108 illius
1062 2075 1188 2121 patriar-

434 2126 511 2160 chae
532 2124 705 2168 Francisci,
727 2124 870 2160 eiusdem
893 2123 1024 2159 Ordinis
1047 2124 1143 2170 patris
1158 2132 1186 2158 ct

436 2174 623 2219 fundatoris,
638 2174 776 2222 provecti
800 2173 928 2217 fuimus,
951 2173 1057 2220 quieto
1080 2173 1188 2207 cousi-

435 2232 522 2259 stens
536 2232 630 2263 statu,
650 2223 818 2258 virtutibus
839 2232 870 2259 et
893 2223 1014 2257 meritis
1035 2232 1189 2268 augeatur

435 2281 464 2307 vt
500 2273 748 2320 multiplicetur,
785 2280 815 2308 et
850 2272 922 2307 fidei
955 2272 1127 2307 catholicae
1159 2281 1188 2307 et

435 2322 623 2357 christianae
666 2321 855 2369 reipublicae
902 2329 1110 2368 augmentum
1159 2330 1188 2356 et

437 2371 600 2418 multiplex
638 2383 674 2406 ac
708 2371 843 2406 solidum
882 2370 1121 2405 fundamentum
1151 2382 1187 2405 ex

436 2420 577 2456 eiusdem
598 2420 729 2456 Ordinis
744 2420 873 2455 fratrum
890 2420 1041 2467 operibus
1059 2418 1088 2455 et
1105 2432 1188 2466 prae-

436 2469 649 2506 dicationibus
678 2471 871 2517 proveniant,
895 2470 1131 2517 promptissimo
1159 2477 1188 2504 et

438 2520 556 2555 liberali
585 2520 712 2564 animo,
741 2527 774 2553 ut
807 2519 938 2566 dignum
966 2531 1133 2554 censemus
1159 2526 1187 2553 ct

472 2586 857 2622 (t)Omittiturinsertiobull.‚
871 2586 933 2621 quia
941 2590 1060 2622 estsup.,
1073 2589 1137 2613 tom.
1149 2594 1186 2617 tv,

438 2625 567 2663 pag.3s›2.
585 2625 624 2661 (Ξ)
643 2625 743 2653 Adden
763 2625 806 2653 hic
821 2629 879 2661 put.
893 2626 1187 2660 auctoritatemt‘n.‘r.).

1222 443 1337 478 uostris
1365 443 1492 490 provide
1517 453 1630 479 statuta
1653 453 1683 479 et
1715 444 1858 479 ordinata
1886 453 1978 486 sunt,

1223 502 1255 527 ut
1293 491 1410 528 illibata
1449 494 1643 540 perdurent,
1666 503 1790 529 nostrae
1817 494 1977 541 approba-

1223 542 1318 576 tionis
1333 542 1509 577 munimine
1521 542 1708 587 solidamus,
1735 543 1979 589 interpretamur

1222 599 1254 624 rt
1279 590 1497 635 declaramus,
1514 602 1607 638 prout
1631 592 1732 639 ipsius
1752 592 1884 627 Ordinis
1898 601 1980 628 tran-

1223 640 1368 686 quillitati
1393 641 1609 687 conspicimus
1624 641 1792 676 salubriter
1818 642 1977 689 expedire.
2007 653 2180 679 &mttemigtun

1272 689 1293 735 ,ξ
1315 691 1347 723 5.
1371 688 1412 724 Ut
1436 690 1530 735 igitur
1558 689 1597 724 de
1625 698 1729 725 cetero
1752 690 1853 738 ipsius
1881 690 1979 726 Ordi-
1994 685 2080 737 ξῖῗω·
2100 689 2179 711 ⁸¹²⁹*

1226 737 1273 771 uis
1306 738 1538 784 professoribus
1575 740 1679 773 omnis
1707 740 1856 786 evagandi
1893 749 1978 776 extra

1227 786 1425 833 Religionem
1449 788 1571 822 occasio
1594 788 1732 833 tollatur,
1755 797 1786 822 et
1820 801 1891 824 vera
1913 789 1980 825 suis

1228 837 1373 880 praelatis
1405 837 1603 881 obedientia,
1636 838 1666 871 iu
1698 850 1760 885 qua
1794 838 1892 884 ipsius
1915 837 1981 874 Re-

1227 885 1354 931 ligionis
1377 887 1482 921 verius
1512 896 1541 921 et
1574 886 1710 922 solidum
1746 888 1979 922 firmamentum

1226 943 1255 967 et
1278 934 1374 969 robur
1389 935 1546 975 consistit,
1568 935 1765 976 exhibeatur,
1790 937 1981 984 praefatique

1227 983 1359 1018 Ordinis
1390 993 1421 1019 et
1454 984 1584 1020 fratrum
1613 985 1754 1020 eiusdem
1792 986 1920 1033 negocia
1951 994 1981 1021 et

1228 1045 1342 1068 causae
1370 1046 1430 1068 non
1454 1033 1540 1077 alibi,
1567 1046 1670 1081 neque
1700 1047 1755 1082 per
1784 1035 1861 1069 alios
1887 1047 1981 1082 quam

1229 1083 1256 1116 iu
1281 1084 1350 1130 ipso
1372 1082 1492 1118 Ordine
1508 1092 1538 1118 et
1560 1084 1660 1130 ipsius
1677 1084 1832 1130 praelatos
1849 1092 1983 1119 tracten-

1229 1140 1289 1176 tur,
1311 1132 1486 1177 agitentur,
1508 1132 1691 1168 iudicentur
1713 1141 1744 1168 et
1765 1133 1983 1169 determinen-

1228 1190 1289 1222 tur,
1323 1180 1429 1216 dilecti
1463 1181 1519 1216 filii
1555 1182 1676 1217 Zauetti
1709 1182 1750 1218 de
1785 1182 1899 1223 Utino,
1933 1195 1985 1230 ge-

1229 1231 1342 1265 neralis
1388 1230 1463 1265 dicti
1494 1230 1624 1266 Ordinis
1657 1232 1793 1267 ministri
1830 1240 1860 1266 et
1887 1233 1984 1267 totius

1228 1279 1387 1326 generalis
1409 1280 1550 1327 capituli,
1572 1281 1602 1315 in
1626 1281 1684 1317 hac
1707 1289 1806 1329 parte,
1822 1281 1984 1329 supplica-

1230 1329 1371 1364 tionibus
1394 1329 1553 1370 inclinati,
1577 1330 1799 1366 inhibitionem
1821 1339 1852 1365 et
1879 1331 1984 1367 literas

1230 1378 1405 1425 praedictas
1428 1379 1678 1426 praedecessoris
1701 1379 1845 1428 praefati,
1872 1388 1985 1416 ancto-

1230 1429 1319 1462 ritate
1340 1428 1524 1474 apostolica,
1547 1430 1761 1475 praesentium
1786 1438 1906 1473 tenore,
1927 1442 1984 1478 ap-

1231 1476 1421 1523 probamus,
1444 1486 1475 1512 et
1501 1478 1598 1513 robur
1626 1487 1797 1526 perpetuae
1826 1478 1984 1514 firmitatis

1230 1526 1372 1561 obtinere
1394 1526 1608 1562 decernimus.
2012 1543 2110 1565 net—imi
2130 1547 2184 1571 quo-

1279 1575 1353 1622 §4-
1383 1575 1422 1609 Et
1458 1589 1513 1623 per
1540 1588 1592 1612 eas
1622 1578 1790 1625 protectori
1820 1575 2185 1632 praefato‚{,¹¹,?⁸¹¹⁰'¹‘¹'¹‘

1230 1626 1283 1672 qui
1306 1625 1337 1659 iu
1368 1633 1512 1672 tempore
1533 1627 1604 1671 erit,
1627 1628 1685 1662 nisi
1710 1628 1740 1661 in
1768 1627 1831 1662 illis
1857 1626 1984 1663 casibus
2031 1621 2036 1631 ¹

1231 1682 1260 1708 et
1295 1674 1435 1709 articulis
1458 1675 1489 1709 in
1513 1675 1637 1722 Regula
1665 1676 1823 1711 dictorum
1852 1676 1982 1712 fratrum

1231 1724 1389 1770 expressis
1411 1732 1441 1759 et
1470 1725 1598 1772 praefati
1616 1726 1869 1773 praedecessoris
1885 1727 1985 1762 literis

1230 1772 1415 1817 declaratis,
1447 1785 1549 1821 neque
1578 1775 1698 1815 inillis,
1721 1775 1796 1810 dum
1821 1787 1883 1810 nou
1912 1776 1985 1810 uni-

1231 1823 1326 1862 versi,
1348 1823 1404 1858 sed
1427 1823 1524 1871 aliqui
1548 1824 1646 1870 ipsius
1674 1824 1805 1859 Ordinis
1829 1824 1985 1872 professo-

1232 1884 1291 1915 res,
1315 1872 1346 1906 in
1370 1874 1481 1919 quovis
1505 1885 1636 1908 numero
1659 1885 1676 1908 a
1704 1873 1775 1908 fidei
1806 1874 1924 1909 unitate
1954 1881 1985 1908 et

1231 1930 1449 1956 sacrosanctae
1469 1922 1630 1957 Romanae
1655 1923 1818 1958 Ecclesiae
1839 1923 1986 1958 obedieu-

1232 1971 1271 2004 tia
1295 1970 1468 2015 deviarent,
1485 1972 1530 2005 vel
1550 1971 1704 2017 Regulam
1729 1972 1898 2019 praefatam
1923 1985 1984 2007 non

1231 2029 1390 2054 servarent
1409 2048 1416 2060 ,
1470 2019 1509 2055 de
1557 2021 1741 2056 eorumdem
1791 2021 1983 2056 deviantium

1231 2077 1258 2103 et
1280 2081 1341 2103 non
1356 2069 1590 2104 observantium
1607 2069 1762 2117 Regulam
1791 2071 1985 2106 correctione

1232 2127 1285 2152 aut
1308 2118 1493 2153 reductione
1516 2131 1550 2153 ac
1573 2119 1641 2154 aliis
1663 2119 1855 2166 quibuslibet
1881 2120 1986 2155 causis

1231 2177 1259 2201 et
1284 2168 1426 2214 negociis
1440 2169 1514 2203 dicti
1530 2168 1663 2203 Ordinis
1677 2181 1711 2204 se
1725 2169 1889 2216 impediat,
1906 2169 1986 2204 iulii-

1232 2217 1332 2251 bitum
1357 2218 1435 2257 fore,
1463 2217 1546 2253 dicta
1568 2219 1754 2254 auctoritate
1782 2218 1984 2254 decernimus

1231 2276 1261 2301 et
1283 2266 1492 2302 declaramus.

1280 2316 1300 2363 ἓ
1323 2318 1355 2350 5.
1385 2316 1619 2364 Hortamurque
1642 2317 1743 2357 illum,
1771 2317 1823 2365 qui
1847 2316 1885 2351 ad
1915 2317 1984 2352 offi-

1231 2366 1316 2400 cium
1328 2367 1534 2413 protectionis
1549 2367 1730 2402 huiusmodi
1743 2367 1841 2414 (quod
1857 2367 1886 2400 in
1899 2379 1985 2414 prae-

1231 2416 1382 2457 sentium,
1400 2428 1454 2463 per
1467 2416 1588 2451 obitum
1601 2416 1701 2451 bonae
1716 2417 1886 2452 memoriae
1902 2416 1984 2452 Bes·
1998 2430 2038 2448 iur-

1231 2466 1365 2500 sarionis
1383 2465 1734 2513 episcopiSabiueusis,
1757 2465 1831 2501 dicti
1854 2465 1984 2502 Ordinis

1232 2514 1305 2549 olim
1331 2516 1528 2562 protectoris,
1547 2527 1648 2563 nuper
1670 2515 1730 2551 vita
1758 2515 1868 2561 functi,
1888 2519 1984 2560 vacat)

1232 2565 1350 2598 assumi
1380 2572 1409 2599 et
1438 2564 1582 2611 deputari
1610 2565 1796 2612 contigerit;
1825 2573 1857 2600 ct
1883 2565 1985 2612 ipsius

1232 2625 1432 2649 successores
1466 2614 1541 2649 dicti
1568 2613 1699 2650 Ordinis
1727 2621 1921 2662 protectores
1948 2625 1984 2650 ac

2011 2301 2180 2330 Proiectum-aq.

1998 2338 2036 2360 pro
2043 2336 2108 2360 temp.
2116 2332 2185 2354 adot-

1997 2366 2053 2386 dini·
2083 2370 2184 2392 pruni·-

1993 244 2044 270 Αιι.
2062 246 2090 269 Γ..
2112 244 2179 273 tan
2231 237 2242 259 ’λ

1998 2397 2104 2417 urionem
2114 2396 2186 2417 hortn-
2227 2419 2231 2423 ,
