2281 3251
97 242 147 269 An.
169 241 197 269 C.
214 241 279 268 1508

111 1389 211 1409 Ordinum
231 1387 281 1408 Prae*

102 1421 192 1440 dicator.
208 1421 229 1438 et
247 1417 282 1438 tti-

107 1456 173 1469 icirttui
194 1448 282 1475 praelati

101 1480 167 1505 Papae
183 1485 228 1504 sup,
245 1485 282 1505 pro

101 1511 218 1531 huiusmodi
246 1510 283 1529 011-

100 1542 281 1563 nuendum-reto,

122 2280 180 2307 Quod
191 2279 293 2303 tetiginst.

112 2311 189 2337 absque
201 2309 294 2335 superin-

111 2347 155 2362 rum
168 2341 249 2364 tit-enit,
261 2344 294 2359 ex-

113 2374 144 2392 tra
153 2375 237 2391 suorum
244 2369 293 2389 Ord.

113 2405 185 2424 domos
206 2407 295 2423 commo-

113 2435 154 2455 rari
179 2439 219 2454 nun
243 2438 297 2460 pos-

114 2468 163 2486 sint.

945 239 1049 261 tt'LtFS

294 295 477 331 eorumdem
506 293 686 338 Ordinum,
713 305 912 340 quacumque
940 305 1044 334 causa,

295 347 386 381 etiam
410 343 507 380 studii
530 355 584 378 seu
608 342 665 378 alia
689 343 866 386 occasione,
889 343 935 377 vel
964 354 1047 377 recc-

295 396 380 436 ‹tei-e,
393 394 511 440 absque
533 392 656 427 licentia
680 392 878 437 superiorum
902 404 1044 432 suorum,

295 445 340 480 vel
372 452 441 491 post
468 442 608 477 eiusdem
638 441 781 476 licentiae
815 442 1043 476 revocationem

294 502 377 528 extra
387 492 498 528 domos
512 491 667 526 dictorum
680 491 836 525 Ordinum
854 492 965 526 morari
983 503 1043 525 non

296 542 428 590 possint;
450 540 815 576 nihilominusnonnulli
840 552 876 574 cx
899 540 1045 574 fratribus

294 592 448 627 dictorum
464 590 634 633 Ordinum,
657 590 820 625 occasione
840 597 869 624 et
884 596 1042 636 praetextu

293 641 402 684 studii,
424 639 461 674 ad
482 639 671 683 studiorum,
701 639 881 684 pracsertim
901 639 1045 673 Salman-

295 691 406 729 ticen.,
426 689 664 732 Universitates,
677 688 873 722 obedientiae
895 688 1046 733 regularis

295 739 404 774 laxatis
422 738 566 779 habenis,
578 737 696 783 absque
709 737 831 771 licentia
845 738 1043 782 superiorum

294 789 489 832 huiusmodi,
500 799 555 822 seu
571 786 681 822 eadem
695 786 818 821 licentia
831 794 982 825 revocata,
998 798 1046 820 ac-

293 838 405 874 cedere
419 837 532 872 etinibi
546 836 658 871 morari
672 844 889 882 praesuinunt;
899 848 946 879 ac,
960 835 1043 881 quod

294 887 434 922 deterius
451 894 508 926 est,
521 885 693 933 privilegiis
709 884 969 918 Universitatibus
985 885 1046 918 bu-

295 936 430 972 iusmodi
456 936 642 981 illarumque
658 934 854 968 scholaribus
875 934 1046 978 concessis,

295 994 326 1021 ut
349 986 481 1021 liberius
497 986 527 1018 in
544 997 597 1019 sua
621 983 765 1018 damnata
791 983 1045 1030 praesumptione

295 1047 482 1083 permanere
505 1041 642 1080 possint,
662 1045 695 1067 se
717 1040 796 1066 tueri
822 1032 975 1073 nituntur,
991 1044 1046 1066 ex-

293 1083 587 1120 communicationis
609 1091 638 1117 et
661 1081 736 1116 alias
757 1082 941 1125 sententias,
965 1094 1047 1116 cen-

294 1146 384 1169 suras
396 1140 426 1168 et
440 1145 569 1180 poenas,
587 1133 670 1166 iuxta
686 1132 854 1165 canonicas
869 1131 1048 1165 sanctiones

295 1196 330 1218 ac
354 1182 506 1229 regularia
527 1181 664 1215 instituta
693 1188 800 1214 contra
829 1179 1048 1214 inobedientes

296 1231 478 1267 huiusmodi
507 1229 966 1278 promulgatas,damnabiliter
993 1229 1048 1263 iu-

295 1281 462 1317 currendo.

344 1331 364 1378 g
386 1333 419 1365 2.
439 1330 557 1374 Quare,
580 1341 635 1376 pro
651 1337 736 1377 parte
752 1328 889 1375 magistri
907 1340 941 1362 ac
965 1328 1051 1374 prio-

297 1393 380 1422 rum,
396 1380 612 1414 ministrorum
630 1387 659 1413 et
672 1378 857 1413 vicariorum
874 1377 1050 1424 praedicto-

298 1443 381 1474 rum,
404 1429 496 1464 nobis
518 1429 577 1464 suit
600 1428 762 1462 humiliter
783 1428 994 1474 supplicatum
1020 1436 1051 1461 ut

298 1481 492 1519 decaetero,
522 1478 681 1526 perpetuis
708 1477 820 1511 futuris
845 1476 1051 1523 temporibus,

299 1542 336 1565 ne
351 1529 459 1564 fratres
469 1527 655 1563 eorumdem
670 1527 827 1561 Ordinum
841 1534 926 1561 extra
942 1526 1053 1561 domos

299 1578 494 1617 huiusmodi,
509 1589 713 1625 quacumque
727 1589 818 1611 causa
828 1576 874 1610 vel
889 1576 1052 1610 occasione

299 1636 351 1664 aut
380 1636 544 1675 respectu,
572 1627 666 1661 etiam
695 1625 790 1661 studii
811 1625 991 1660 huiusmodi
1024 1625 1052 1659 in

298 1678 523 1713 Salmanticen.
547 1677 592 1710 vel
609 1687 810 1723 quacumque
833 1687 870 1708 ex
887 1674 1055 1721 praedictis

301 1726 708 1772 Universitatibus,absque
724 1724 848 1759 licentia
857 1724 1054 1770 superiorum

301 1776 481 1812 huiusmodi
499 1783 540 1816 et,
556 1775 605 1809 illa
622 1775 765 1816 durante,
781 1773 919 1808 etiamde
935 1773 1055 1807 licentia

300 1826 395 1862 Sedis
407 1824 607 1872 Apostolicae
621 1832 651 1858 et
661 1831 820 1871 praetextu
835 1834 1057 1869 quarumcum-

302 1888 364 1923 que
374 1873 989 1919 sacultatum,indultorum,aliarumque
1006 1872 1057 1906 lit-

303 1934 441 1961 terarum
461 1924 704 1971 apostolicarum
728 1922 847 1958 eisdem
869 1922 1056 1957 Salmantin.

304 1983 334 2010 et
358 1974 428 2010 aliis
449 1972 715 2008 Universitatibus
738 1984 793 2019 pro
814 1980 955 2018 tempore
977 1983 1060 2005 con-

306 2035 480 2063 cessorum,
508 2022 694 2057 commorari
720 2022 841 2068 possint
863 2029 999 2055 statuere
1031 2029 1057 2054 et

307 2073 466 2112 ordinare,
483 2072 625 2118 aliasque
638 2071 667 2104 iu
686 2070 868 2117 praemissis
883 2078 1060 2117 opportune

309 2122 474 2170 providere
488 2121 526 2155 de
551 2120 743 2167 benignitate
762 2120 932 2167 apostolica
955 2119 1062 2165 digna-

309 2184 424 2208 remur.

358 2221 378 2269 g
400 2223 432 2255 5.
460 2219 526 2254 Nos
549 2219 654 2265 igitur,
669 2218 869 2254 attendentes
884 2230 976 2264 quam
993 2229 1065 2263 gra-

310 2280 360 2306 tus
373 2271 440 2306 Deo
456 2270 495 2304 sit
510 2277 540 2304 et
553 2277 703 2315 acceptus
717 2267 916 2302 obedientiae
932 2267 1065 2311 fructus,

310 2320 474 2369 quodque,
486 2319 577 2353 inter
604 2319 661 2353 alia
683 2317 860 2363 Religionis
873 2317 996 2357 merita,
1009 2316 1067 2350 ab-

311 2370 436 2416 negatio
445 2369 642 2415 propriarum
661 2367 855 2402 voluntatum
871 2366 1064 2412 praecipuum

311 2427 376 2463 est,
402 2430 438 2453 ac
468 2417 552 2465 quod
589 2417 714 2464 praelati
744 2417 804 2463 ipsi
833 2415 951 2462 optime
988 2416 1068 2450 scire

314 2475 576 2517 praesumuntur,
598 2467 652 2513 qui
681 2466 791 2501 fratres
818 2465 977 2500 literarum
1006 2472 1070 2498 stu-

313 2519 365 2554 dio
392 2526 422 2553 et
443 2525 561 2564 quanto
584 2524 738 2562 tempore,
764 2523 793 2550 et
816 2514 870 2561 qui
899 2513 966 2548 aliis
980 2513 1070 2548 Reli-

314 2567 416 2614 gionis
438 2565 701 2613 occupationibus
724 2576 831 2599 vacare
848 2562 978 2608 debent,
1000 2575 1070 2598 om-

316 2617 481 2663 niumque,
496 2615 675 2661 praesertim
689 2614 904 2661 religiosarum
918 2624 1072 2658 persona-

398 2672 473 2704 Butt.
498 2671 574 2702 Rom.
598 2671 651 2701 Vol.
674 2671 701 2701 V.
917 2670 954 2700 th

1720 241 1736 260 *i
1752 241 1788 258 ln)

1089 305 1156 328 runi
1175 293 1441 339 tranquillitatem,
1457 305 1492 326 at:
1515 292 1575 326 illis
1600 292 1752 337 evagandi
1777 304 1845 326 ina-

1090 344 1195 377 teriam
1225 343 1489 388 occasionemque
1512 341 1696 388 praecludi,
1720 353 1846 376 eorum-

1088 406 1149 439 que
1169 392 1353 427 excessibus
1375 391 1492 425 obviari
1518 391 1676 438 supremis
1698 398 1845 437 optantes

1088 441 1264 482 aflectibus,
1287 441 1467 475 huiusmodi
1488 440 1774 487 supplicationibus
1794 440 1846 473 in-

1088 491 1205 531 clinati,
1233 490 1317 538 quod
1333 490 1370 524 de
1386 498 1522 533 caetero,
1546 490 1707 536 perpetuis
1729 489 1845 522 suturis

1089 540 1298 587 temporibus,
1321 540 1429 573 fratres
1458 539 1606 585 praedicti
1630 546 1715 572 extra
1744 538 1845 572 dictas

1088 590 1210 633 domos,
1228 589 1457 634 cuiuscumque
1476 600 1587 622 causae
1610 587 1776 622 occasione
1797 587 1843 621 vel

1089 647 1250 685 respectu,
1274 638 1366 672 etiarn
1393 637 1501 676 studii,
1521 637 1585 671 sive
1610 637 1640 670 in
1657 636 1844 671 Salmantin.

1088 688 1152 722 sive
1170 688 1199 721 in
1213 688 1282 722 aliis
1297 686 1564 721 Universitatibus
1578 693 1608 720 et
1622 686 1712 730 locis,
1728 685 1846 732 quibus

1089 737 1246 770 literarum
1269 736 1372 771 studia
1396 736 1665 781 vigeant,praeter
1681 743 1710 769 et
1725 735 1845 782 absque

1089 786 1212 820 licentia
1237 785 1492 832 provincialium,
1518 785 1655 831 priorum
1687 796 1723 818 ac
1751 785 1847 818 mini-

1088 843 1223 869 strorum
1249 834 1295 868 vel
1323 846 1434 868 eorum
1460 834 1647 868 vicariorum
1669 834 1846 880 respective

1089 894 1130 928 et,
1159 884 1206 918 illa
1235 884 1393 926 durante,
1421 883 1513 917 etiarn
1536 883 1574 917 de
1605 883 1728 917 licentia
1752 882 1847 917 Sedis

1088 933 1288 981 Apostolicae
1298 932 1590 979 pi·aedictae,etiam
1603 940 1765 978 praetextu
1775 944 1850 978 qua-

1089 994 1297 1028 rumcumque
1313 982 1714 1022 facultatum,indultorum
1730 989 1760 1015 et
1775 981 1848 1014 alia-

1090 1045 1158 1067 rum
1184 1032 1344 1066 literarum
1371 1030 1705 1078 apostol.Salmantin.
1734 1038 1762 1064 et
1785 1029 1852 1063 aliis

1090 1080 1351 1117 Universitatibus
1367 1080 1531 1126 praedictis
1558 1082 1602 1123 (l)
1631 1090 1687 1125 pro
1712 1087 1850 1125 tempore

1091 1142 1314 1166 concessorum
1329 1130 1433 1163 invitis
1445 1130 1633 1163 commorari
1644 1140 1704 1162 non
1717 1129 1848 1175 possint.

1140 1181 1159 1227 g
1176 1182 1207 1213 4.
1229 1179 1388 1225 Quodque
1401 1178 1580 1224 superiores
1594 1178 1756 1224 praedicti,
1770 1177 1846 1211 dum

1092 1237 1120 1264 et
1136 1229 1261 1276 quoties
1279 1241 1360 1274 opus
1383 1227 1486 1272 suerit,
1505 1227 1615 1262 fratres
1637 1235 1721 1261 extra
1738 1226 1850 1261 domos

1094 1278 1187 1313 modo
1204 1278 1361 1324 praedicto
1377 1284 1622 1317 commorantes,
1639 1284 1671 1310 ut
1686 1276 1723 1311 ad
1738 1288 1849 1310 eorum

1093 1329 1203 1363 domos
1222 1326 1403 1361 huiusmodi
1427 1326 1530 1360 redire
1546 1326 1691 1365 debeant,
1707 1324 1851 1372 compel-

1094 1378 1157 1412 lere
1180 1377 1317 1416 valeant,
1333 1375 1504 1423 apostolica
1519 1375 1714 1415 auctoritate,
1741 1383 1849 1409 tenore

1096 1427 1307 1474 praesentium
1324 1426 1492 1460 statuimus
1507 1433 1538 1460 et
1549 1425 1744 1459 ordinamus.
1755 1424 1851 1458 Prae-

1097 1486 1179 1511 terea
1208 1475 1382 1510 rectoribus
1414 1483 1443 1509 et
1475 1474 1672 1509 scholaribus
1694 1473 1849 1508 dictarunt
1901 1492 1906 1503 ι

1868 1224 1913 1243 dem

1097 1526 1356 1569 Universitatum,
1370 1537 1419 1569 ne,
1440 1531 1601 1570 praetextu
1618 1523 1798 1557 facultatum
1821 1532 1850 1556 et
1876 1553 1879 1565 ,
1897 1516 1952 1565 “¹¹2¹ss
1975 1551 1996 1563 Η
2016 1519 2050 1563 ,¹¹1⁰

1098 1576 1292 1609 indultorum
1317 1587 1351 1608 ac
1374 1574 1503 1608 aliarum
1539 1573 1701 1607 literarum
1725 1581 1851 1618 aposto-
1882 1577 1886 1595 i
1910 1583 1930 1595 t·

1098 1625 1226 1659 licarum
1251 1625 1296 1658 eis
1312 1635 1546 1666 concessarum,
1560 1622 1778 1668 superioribus
1797 1634 1853 1656 seu
1870 1615 1989 1659 ιῖἶᾷἷῖζῖμῃζ
2019 1613 2031 1625 '¹

1100 1675 1245 1721 praelatis
1260 1673 1391 1708 Ordinis
1404 1672 1598 1712 huiusmodi,
1613 1672 1783 1718 quominus
1798 1671 1856 1705 fra-

1100 1732 1162 1758 tres
1190 1723 1365 1769 praedictos
1394 1722 1453 1756 illis
1483 1722 1655 1767 respective
1682 1720 1855 1764 subiectos,

1099 1782 1153 1808 aut
1174 1772 1234 1807 sub
1249 1785 1357 1807 eorum
1376 1771 1557 1806 obedientia
1581 1770 1753 1817 professos,
1768 1777 1855 1804 extra

1100 1823 1198 1857 dictas
1214 1822 1326 1856 domos
1349 1827 1580 1856 commorantes
1592 1848 1600 1859 ,
1613 1819 1652 1854 ad
1670 1820 1781 1854 domos
1797 1819 1858 1853 hu-

1103 1872 1237 1906 iusmodi
1263 1883 1373 1906 vocare
1395 1878 1425 1905 et
1447 1869 1610 1910 reducere,
1629 1881 1665 1903 ac
1694 1876 1784 1915 prout
1807 1881 1859 1903 se·-

1102 1921 1242 1956 cundum
1259 1921 1360 1955 Deum
1377 1928 1531 1954 eteorum
1547 1918 1756 1954 conscientias
1769 1930 1860 1964 expe-

1103 1971 1170 2005 dire
1193 1970 1340 2013 viderint,
1354 1977 1475 2003 mutare
1494 1977 1523 2003 et
1539 1980 1710 2003 convocare
1729 1968 1858 2013 possint,

1105 2020 1283 2067 proliibere3
1300 2031 1356 2054 nec
1371 2019 1488 2053 eisdem
1508 2017 1653 2052 fratribus
1667 2017 1704 2051 ad
1720 2016 1860 2051 habitan-

1105 2070 1181 2104 dum
1200 2081 1255 2103 seu
1272 2068 1533 2103 commorandum
1550 2068 1579 2101 iu
1595 2066 1713 2101 eisdem
1731 2065 1859 2100 Univer-

1105 2118 1274 2158 sitatibus,
1304 2126 1412 2152 contra
1442 2116 1631 2151 voluntatem
1660 2115 1858 2161 superiorum

1107 2168 1301 2211 huiusmodi,
1327 2167 1492 2209 auxilium,
1515 2165 1683 2200 consilium
1708 2164 1754 2199 vel
1777 2164 1862 2198 favo-

1108 2231 1185 2258 rem,
1201 2218 1317 2252 directe
1339 2217 1384 2250 vel
1409 2216 1572 2259 indirecte,
1587 2214 1699 2262 quovis
1718 2214 1862 2260 quaesito

1108 2268 1223 2307 colore,
1248 2275 1403 2313 praestare
1426 2272 1641 2312 praesumant,
1663 2263 1722 2298 sub
1735 2275 1863 2297 excom-

1110 2317 1330 2352 municationis
1350 2327 1448 2362 poena
1474 2315 1541 2361 ipso
1562 2314 1641 2348 facto
1665 2312 1863 2353 incurrenda,

1110 2366 1228 2401 eisdem
1248 2365 1429 2401 auctoritate
1445 2371 1474 2398 et
1497 2372 1603 2398 tenore
1625 2362 1798 2397 districtius
1821 2362 1865 2395 in-

1112 2416 1270 2450 bibemus.

1161 2465 1181 2512 g
1208 2467 1240 2499 5.
1264 2464 1304 2499 Et
1327 2462 1533 2497 nihilominus
1560 2459 1788 2496 venerabilibus
1803 2459 1865 2493 fra·
1889 2470 2015 2496 rapt-1101.

1113 2514 1212 2549 tribus
1239 2513 1426 2549 Salmantin.
1454 2519 1484 2547 et
1506 2512 1669 2546 Zamoren.
1694 2509 1864 2555 episcopis,
1880 2503 2041 2559 {¹2:¹¹„.*‚','1'”‘'¹‘¹'

1148 2589 1186 2623 (t)
1199 2588 1293 2660 Ripoll).
1308 2588 1333 2614 in
1347 2587 1443 2614 Bullar,
1456 2585 1629 2614 Dominicano
1641 2584 1682 2610 liic
1699 2583 1769 2610 addit
1780 2592 1863 2617 prue-

1115 2632 1174 2654 tatis
1194 2629 1232 2665 (a.
1250 2635 1274 2654 T.
1294 2648 1298 2652 .

1862 238 1909 263 Λη,
1929 238 1957 263 C.
1981 239 2046 265 ¹508

1881 1192 1983 1212 praelatis
2005 1197 2050 1211 ens-

1936 1223 2051 1242 coercendi

1868 1255 1914 1274 data
1932 1253 2028 1278 Inculti-s,
