2281 3251
70 279 119 306 Au.
137 278 165 305 C.
186 277 254 305 15¹3

111 879 219 901 euntoms.

91 1771 214 1794 Sei-vtentes
231 1777 262 1793 ar-

78 1809 165 1825 morum.

948 275 1009 298 LEO
1031 275 1051 296 x
1076 274 1124 296 1‘1’.

268 331 429 368 cordatum
458 329 565 375 suerit,
596 338 625 364 et
653 329 795 364 cedulam
820 330 858 365 de
887 330 1022 377 receptis

269 381 406 428 desuper
419 379 458 415 ab
472 380 518 414 cis
534 379 718 414 habuerint.
741 379 897 414 Volumus
919 388 1021 414 tamen

268 430 351 479 quod
380 428 454 464 dicti
477 428 684 472 subdiaconi
717 437 884 476 antequam
909 430 955 464 cis
984 429 1022 463 dt

269 478 413 528 pecuniis
428 478 610 512 huiusmodi
625 456 766 532 satisfiat,
779 492 804 525 p
799 479 926 513 illium
920 491 1021 525 ipsum

269 529 314 563 eis
326 541 342 563 a
354 527 482 575 quibus,
492 527 611 562 ratione
625 527 762 562 rtiatcri.e
775 536 802 562 et
819 527 1023 562 consectionis

270 577 343 613 dicti
373 577 469 624 pallii,
497 576 535 611 de
559 589 682 611 summa
705 577 798 611 trium
825 577 870 610 vel
887 577 1021 612 duorum

269 627 455 662 ducatorum
480 625 662 660 huiusmodi
687 626 831 661 satisfieri
857 626 962 667 debet,
978 626 1023 660 li-

270 676 344 711 bere
354 684 384 710 et
397 675 503 722 simpli
510 676 598 717 citer,
615 675 683 709 sine
698 675 802 722 aliqua
818 675 1021 722 pecuniarum

271 725 445 764 exactione,
460 724 581 760 tradere
597 733 626 760 et
645 725 753 771 consi<
759 736 832 760 nare
849 733 1024 770 teneantur,

272 774 318 810 vel
342 776 498 822 pactione.

320 828 335 868 g
363 826 419 858 5⁶2.
443 822 614 870 Cappellae
634 830 758 859 nostrae
786 831 943 868 cantores,
963 836 1022 871 qua

272 873 418 909 convenit
435 873 585 907 modestia
609 881 638 908 et
661 885 785 907 morum
799 872 965 920 disciplina
979 874 1024 907 vi-

272 930 356 968 vant,
368 931 398 957 et
410 922 533 958 bonesti
549 922 721 957 sacerdotis
730 934 834 956 mores
846 922 1024 965 observent

271 972 331 1007 sub
346 972 686 1007 excommunicationis
701 981 731 1007 et
744 971 929 1018 privationis
943 983 1024 1006 emo-

271 1022 484 1057 lumentorum
499 1033 611 1068 poena,
627 1021 652 1055 si
669 1020 928 1062 contrafecerint;
951 1032 1025 1068 pos-

271 1071 335 1107 sint
357 1079 473 1115 autem,
488 1083 541 1117 pro
563 1070 630 1105 suis
651 1070 812 1118 obsequiis
834 1077 865 1105 et
884 1071 914 1104 in
938 1070 1025 1104 labo-

273 1133 340 1155 rum
369 1119 671 1164 remunerationem,
698 1132 715 1154 a
742 1119 889 1153 fratribus
911 1119 1026 1153 nostris

271 1169 305 1205 S.
324 1169 364 1204 R.
380 1170 418 1205 E.
437 1169 651 1204 cardinalibus
674 1168 879 1203 celebraturis
896 1168 1025 1203 ducatos

272 1226 418 1274 quatuor,
443 1231 498 1266 pro
521 1218 660 1265 qualibet
683 1219 790 1258 missa,
807 1217 876 1252 loco
891 1217 1026 1252 collatio-

274 1281 322 1303 ms
346 1269 495 1315 recipere.
518 1267 567 1302 Ab
582 1266 804 1302 assistentibus
826 1275 856 1301 et
880 1266 1025 1313 praelatis

273 1317 471 1352 inferioribus
486 1316 699 1358 celebraturis,
713 1316 844 1351 ducatos
862 1315 956 1357 duos,
969 1327 1026 1351 nec

274 1367 393 1415 possint
408 1374 460 1401 aut
474 1366 516 1400 illi
539 1366 624 1407 dare,
640 1374 693 1401 aut
710 1366 759 1400 isti
776 1366 917 1413 recipere
934 1366 1026 1410 ultra,

273 1416 333 1452 sub
348 1416 684 1451 excommunicationis
699 1427 798 1462 poena
814 1423 843 1450 et
856 1415 1025 1450 amissione

273 1465 377 1501 salarii
390 1466 482 1500 unius
498 1465 614 1500 mensis
631 1477 686 1512 pro
702 1464 841 1511 qualibet
854 1465 932 1508 vice,
948 1477 1027 1511 quac

273 1515 491 1563 appliceturdi
498 1523 563 1550 ctae
585 1514 737 1555 fabricae,
751 1513 788 1549 de
805 1514 1027 1548 emolumentis

274 1565 303 1600 in
317 1565 527 1599 celebratione
543 1564 745 1619 exequiarum
755 1563 963 1598 cardinalium
977 1575 1027 1598 ca-

274 1614 410 1662 piendis,
434 1614 476 1659 id,
500 1613 582 1660 quod
608 1614 637 1647 in
661 1612 797 1659 capitulo
819 1613 858 1647 dc
885 1613 1028 1660 exequiis

276 1663 483 1698 cardinalium
511 1671 662 1697 statutum
685 1670 748 1707 est,
775 1670 928 1697 servetur.

325 1716 340 1757 g
363 1715 419 1748 55.
442 1712 623 1748 Servientes
644 1724 803 1746 armorum
832 1711 869 1746 ab
897 1711 1029 1746 oratori-

275 1761 336 1797 bus
349 1774 470 1809 regum,
488 1762 668 1808 principum
692 1761 740 1796 vel
763 1761 1027 1796 communitatum

276 1811 314 1846 ad
333 1811 460 1846 Curiam
475 1811 677 1846 venientibus
698 1810 817 1858 aliquid
840 1823 901 1844 non
923 1818 1030 1858 petant

277 1861 324 1896 vel
340 1861 519 1917 importune
535 1869 754 1907 extorqueant,
770 1860 829 1895 sub
844 1872 1030 1895 excommu-

278 1910 444 1946 nicationis
466 1922 579 1957 poena;
601 1911 655 1945 sed
678 1909 795 1944 liceat
790 1910 865 1955 ipsis
888 1917 1030 1956 asponte

279 1958 427 1995 dantibus
444 1972 556 2006 capere
572 1959 700 2007 aliquod
716 1959 885 1994 honestum
902 1971 1031 1999 munus,

280 2009 564 2057 proutantiquitus
582 2009 645 2044 lieri
670 2017 890 2054 consueverat,
906 2009 935 2042 in
952 2021 1032 2055 quo-

279 2070 349 2093 rum
372 2058 563 2093 beneficium
578 2058 700 2094 clericis
722 2057 873 2093 Camerae
894 2058 1033 2104 Aposto-

281 2112 360 2148 lieae
376 2112 558 2147 inhibemus
580 2125 619 2147 ne
648 2112 749 2148 bullas
764 2112 1031 2148 concistorialium

282 2166 518 2213 expeditionum
542 2175 613 2201 ante
632 2166 802 2211 dimittant,
825 2179 919 2213 quam
939 2166 983 2201 eis
996 2166 1034 2201 de

282 2229 345 2255 rata
365 2232 434 2266 sua,
448 2220 532 2256 iuxta
547 2220 691 2255 mandata
708 2220 890 2267 apostolica,
912 2220 1035 2255 satisfa-

282 2282 368 2310 ctum
391 2275 442 2317 sit;
467 2275 497 2310 in
521 2274 793 2322 divisionibusque
812 2274 965 2309 faciendis
980 2287 1033 2310 eos

285 2328 440 2364 interesse
462 2329 644 2377 permittant
673 2328 719 2363 vel
746 2340 855 2363 eorum
884 2328 1034 2375 aliquem,

283 2383 469 2431 eisdemque
484 2384 635 2418 rationem
652 2383 773 2418 fidelem
791 2381 923 2418 reddant
939 2390 968 2417 et
983 2395 1035 2417 as-

285 2438 421 2485 signent,
449 2449 489 2472 ne
516 2449 626 2472 eorum
653 2436 759 2471 debita
786 2436 929 2483 portione
950 2436 1036 2471 frau-

285 2490 410 2532 dentur3
429 2490 468 2525 de
482 2490 653 2537 gratiisque
671 2489 759 2524 sactis
775 2489 804 2523 in
825 2501 933 2524 eorum
951 2501 1037 2536 prac-

287 2543 441 2579 iudicium
457 2556 519 2579 non
534 2543 752 2588 admittendis,
767 2543 866 2578 felicis
890 2543 1037 2578 recorda-

286 2598 381 2633 tionis
395 2598 475 2634 Sixti
492 2598 534 2633 lV
556 2607 586 2633 et
599 2598 768 2633 Alexandri
785 2597 838 2638 Vl,
854 2606 883 2632 et
903 2597 1035 2632 aliorum

287 2651 500 2688 Romanorum
535 2651 726 2687 Pontificum
755 2651 1036 2700 praedecessorum

365 2709 437 2739 Ball.
455 2710 530 2740 Rom.
561 2710 612 2739 Vol.
634 2709 662 2739 V.
882 2708 917 2738 75

1695 262 1764 294 595

1064 336 1242 364 nostrorum
1268 325 1412 362 mandata
1435 333 1542 363 exacte
1564 333 1814 362 serventetser-

1064 378 1125 413 vari
1143 377 1267 418 saciant3
1291 385 1332 417 et,
1355 389 1427 411 cum
1446 376 1552 411 literae
1568 376 1696 424 praefati
1720 376 1814 417 sixti,

1065 426 1317 475 praedecessoris
1333 426 1444 467 nostri,
1473 438 1527 472 per
1545 438 1624 473 quas
1647 425 1814 460 mandatur

1066 478 1201 512 retinere
1216 475 1317 510 bullas
1332 475 1390 509 sub
1405 475 1556 519 clavibus,
1575 487 1636 510 non
1652 483 1816 510 serventur

1064 527 1101 561 ad
1127 537 1287 573 praesens,
1311 532 1343 559 ut
1362 536 1471 559 corum
1489 524 1683 559 indemnitati
1698 536 1816 559 consu-

1065 576 1162 619 latur,
1179 575 1322 609 volumus
1344 574 1439 620 quod,
1457 573 1507 607 ubi
1526 574 1628 621 portio
1648 573 1694 608 cis
1713 573 1815 608 debita

1065 633 1111 659 est
1134 634 1230 668 certa,
1253 624 1343 658 liceat
1360 632 1433 658 tunc
1452 623 1508 667 cis,
1532 636 1586 669 per
1602 623 1738 670 aliquem
1762 635 1817 670 per

1065 687 1119 709 eos
1146 673 1382 720 deputandum,
1405 673 1499 707 ctiam
1522 680 1690 719 antequam
1713 671 1816 707 bullae

1066 725 1230 759 mittantur
1252 723 1288 757 ad
1312 723 1491 767 Cameram,
1513 723 1689 769 portionem
1706 722 1752 756 eis
1767 722 1816 757 de-

1066 773 1161 807 bitam
1190 780 1294 819 petere
1321 781 1350 807 et
1369 771 1504 818 exigere.
1525 771 1558 805 Si
1589 784 1660 806 vero
1683 771 1816 806 dubium

1065 822 1190 870 aliquod
1214 823 1401 860 exoriretur,
1417 829 1492 855 tunc
1509 828 1610 855 stetur
1623 820 1739 855 iudicio
1753 819 1817 855 Ca-

1067 884 1182 916 merae,
1199 873 1289 907 cuius
1305 871 1506 907 declarationi
1529 882 1566 905 eo
1589 883 1664 906 casu
1679 870 1752 906 stari
1771 882 1818 905 vo-

1066 922 1182 956 lumus.

1115 971 1206 1018 §54-
1222 970 1358 1018 Rigistii
1373 971 1643 1019 supplicationum
1672 976 1734 1004 tam
1750 980 1818 1003 ma-

1066 1020 1167 1066 gistri,
1189 1033 1281 1066 qnam
1302 1020 1406 1056 clerici
1431 1029 1460 1055 et
1482 1021 1652 1068 scriptores
1667 1018 1817 1053 reforma-

1068 1070 1183 1104 tionem
1201 1070 1298 1103 felicis
1313 1070 1539 1105 recordationis
1553 1067 1818 1112 InnocentiiVllI,

1067 1131 1139 1153 eum
1162 1118 1379 1153 additionibus
1392 1128 1423 1154 et
1438 1116 1726 1153 modificationibus
1741 1116 1818 1151 Ale-

1067 1167 1176 1202 xandri
1204 1167 1256 1207 VI,
1273 1166 1491 1202 Romanorum
1514 1167 1703 1202 Pontilicum
1729 1178 1819 1212 prae-

1067 1217 1270 1251 decessorum
1294 1225 1488 1261 nostrorum,
1504 1229 1600 1264 super
1615 1215 1756 1262 ipsorum
1770 1214 1820 1249 ol'-

1068 1266 1138 1301 ficio
1152 1266 1282 1310 edita,m
1292 1278 1327 1301 ac
1339 1264 1727 1320 quaecumquemandata,
1737 1275 1821 1309 prae-

1067 1323 1171 1361 cepta,
1183 1294 1428 1351 constitutiones
1441 1324 1470 1351 et
1485 1314 1699 1350 ordinati0nes
1714 1313 1819 1347 dilecti

1068 1365 1119 1399 lilii
1135 1366 1274 1412 magistri
1297 1365 1386 1400 Silvii
1413 1365 1590 1409 Passarini,
1613 1362 1718 1398 clerici
1741 1361 1821 1397 Cor-

1069 1423 1188 1460 tonen.,
1186 1393 1322 1449 enotarii
1345 1424 1375 1450 et
1398 1415 1507 1450 datarii
1531 1414 1627 1449 nostri
1643 1420 1673 1448 et
1688 1412 1819 1447 aliorum

1068 1477 1125 1512 pro
1141 1473 1280 1512 tempore
1296 1465 1495 1499 existentium
1507 1464 1696 1499 datariorum
1709 1471 1739 1497 et
1753 1475 1822 1497 suc-

1068 1526 1232 1549 cessorum
1248 1514 1564 1561 nostrorutn,quibus
1574 1526 1631 1561 pro
1646 1512 1822 1557 fraudibus,

1070 1564 1162 1605 dolis,
1176 1564 1294 1610 rapinis
1305 1571 1335 1599 et
1349 1564 1612 1611 oppressionibus
1625 1569 1822 1607 occurratur,

1070 1625 1105 1648 ac
1119 1613 1278 1660 oppressis
1300 1622 1330 1648 et
1353 1612 1588 1660 querelantibus
1609 1619 1823 1652 succurratur,

1070 1663 1197 1697 eosdem
1218 1663 1397 1708 magistros,
1411 1664 1542 1698 clericos
1553 1671 1581 1698 et
1597 1662 1770 1709 scriptores
1785 1661 1824 1696 de

1070 1712 1154 1753 dolo,
1170 1712 1347 1757 fraudibus,
1360 1713 1479 1758 rapina,
1502 1712 1694 1759 negligentia
1708 1718 1738 1746 et
1754 1711 1824 1745 ino-

1071 1761 1228 1796 bedientia
1251 1771 1416 1808 suspectos
1438 1770 1468 1796 et
1489 1761 1675 1809 culpabiles,
1692 1768 1721 1796 et
1743 1760 1825 1795 male

1071 1810 1256 1852 scribentes,
1280 1819 1310 1846 et
1332 1811 1464 1846 infames
1485 1809 1825 1847 excommunicationis

1072 1861 1150 1896 latae
1166 1861 1352 1902 sententiae,
1372 1874 1407 1896 ac
1432 1860 1623 1908 pecuniariis
1636 1867 1667 1894 et
1684 1859 1753 1894 aliis
1766 1871 1825 1893 suo

1072 1910 1198 1945 arbitrio
1222 1910 1424 1957 imponendis
1442 1918 1472 1945 et
1495 1909 1675 1956 infligendis
1704 1909 1825 1956 poenis,

1072 1959 1249 1995 secundum
1275 1971 1494 2006 personarum,
1516 1959 1696 1999 criminum,
1719 1958 1826 1993 offen-

1073 2010 1198 2044 sionum
1213 2017 1243 2044 et
1261 2009 1446 2044 delictorum
1467 2009 1645 2055 qualitateS,
1662 2007 1825 2048 mulctare3

1074 2071 1109 2094 ac
1123 2059 1206 2106 ipsos
1221 2058 1259 2093 ad
1284 2067 1422 2106 tempus,
1445 2058 1484 2093 de
1505 2070 1568 2105 quo
1583 2057 1641 2092 sibi
1660 2056 1825 2097 videbitur,

1075 2125 1090 2147 a
1117 2125 1248 2147 suorum
1273 2113 1447 2147 officiorum
1482 2111 1629 2147 exercitio
1652 2123 1687 2145 ac
1702 2111 1826 2146 emolu-

1077 2174 1253 2201 mentorum
1283 2167 1485 2214 perceptione
1500 2165 1709 2213 suspendere,
1736 2172 1767 2199 et
1794 2172 1827 2199 ut

1077 2221 1155 2256 infra
1181 2221 1226 2256 eis
1254 2220 1491 2268 praefigendum
1521 2220 1691 2255 terminum
1717 2231 1826 2254 eorum

1076 2275 1213 2310 officium
1236 2275 1393 2317 vendant,
1421 2274 1633 2321 compellere;
1656 2285 1691 2308 ac
1717 2273 1827 2309 officiis

1078 2329 1153 2376 ipsis
1177 2329 1300 2364 realiter
1322 2336 1351 2364 et
1374 2340 1444 2363 cum
1461 2328 1584 2372 effectu,
1601 2335 1634 2362 ut
1656 2327 1724 2362 aliis
1737 2326 1828 2361 cedat

1078 2383 1107 2417 in
1123 2383 1313 2430 exemplum,
1338 2382 1459 2429 privare
1481 2390 1511 2417 et
1530 2381 1702 2428 deponere,
1721 2392 1757 2415 ac
1771 2392 1827 2415 eo-

1078 2449 1147 2471 rum
1170 2437 1239 2472 loco
1267 2436 1345 2471 alios
1368 2436 1495 2482 probos,
1522 2435 1653 2475 habiles,
1677 2434 1784 2468 fideles
1798 2442 1828 2468 et

1078 2490 1177 2525 bonae
1191 2490 1290 2526 famae
1308 2490 1390 2524 viros
1412 2489 1601 2524 substituere
1617 2496 1646 2523 et
1661 2499 1828 2534 surrogat-e

1078 2545 1179 2581 semel
1202 2545 1248 2579 vel
1277 2544 1396 2591 pluries
1422 2543 1532 2587 liceat,
1559 2549 1701 2578 accurate
1724 2541 1829 2576 obser-

1079 2608 1162 2639 vent,
1185 2599 1243 2633 sub
1271 2597 1438 2645 praedictis
1460 2605 1489 2632 et
1511 2597 1580 2631 aliis
1602 2596 1631 2630 in
1659 2594 1754 2629 bullis
1774 2594 1828 2629 In·-

1080 2653 1228 2695 nocentii,
1245 2651 1413 2688 Alexandri
1424 2651 1531 2687 etlulii
1548 2649 1828 2698 praedecessorum

1872 293 1878 300 .
1895 273 1924 300 C.
1946 273 2011 299 ¹5¹3

1847 981 1875 1002 M
1871 983 1947 1007 gistri,
1972 981 2017 1002 ele-

1833 1013 1871 1033 rici
1888 1016 1907 1032 et
1924 1013 2017 1039 tvi-ipto-

1833 1048 1867 1063 res
1877 1045 1960 1069 registri
1970 1049 2017 1070 sup-

1833 1074 1976 1101 put-alionum.
