<?xml version="1.0" encoding="UTF-8"?>
<!DOCTYPE html PUBLIC "-//W3C//DTD XHTML 1.0 Transitional//EN"
    "http://www.w3.org/TR/xhtml1/DTD/xhtml1-transitional.dtd">
<html xmlns="http://www.w3.org/1999/xhtml" xml:lang="en" lang="en">
 <head>
  <title>
</title>
<meta http-equiv="Content-Type" content="text/html;charset=utf-8" />
  <meta name='ocr-system' content='tesseract 3.04.00' />
  <meta name='ocr-capabilities' content='ocr_page ocr_carea ocr_par ocr_line ocrx_word'/>
</head>
<body>
  <div class='ocr_page' id='page_1' title='image "./bullarumdiplomat05cath/bullarumdiplomat05cath_0028.png"; bbox 0 0 2281 3251; ppageno 0'>
   <div class='ocr_carea' id='block_1_1' title="bbox 201 260 383 288">
    <p class='ocr_par' dir='ltr' id='par_1_1' title="bbox 201 260 383 288">
     <span class='ocr_line' id='line_1_1' title="bbox 201 260 383 288; baseline 0.005 -1"><span class='ocrx_word' id='word_1_1' title='bbox 201 261 250 287; x_wconf 72' lang='lat' dir='ltr'>An.</span> <span class='ocrx_word' id='word_1_2' title='bbox 267 260 297 288; x_wconf 87' lang='lat' dir='ltr'>C.</span> <span class='ocrx_word' id='word_1_3' title='bbox 316 261 383 288; x_wconf 68' lang='lat' dir='ltr'>itm</span> 
     </span>
    </p>
   </div>
   <div class='ocr_carea' id='block_1_2' title="bbox 228 2271 345 2292">
    <p class='ocr_par' dir='ltr' id='par_1_2' title="bbox 228 2271 345 2292">
     <span class='ocr_line' id='line_1_2' title="bbox 228 2271 345 2292; baseline 0 0"><span class='ocrx_word' id='word_1_4' title='bbox 228 2271 345 2292; x_wconf 64' lang='lat' dir='ltr'>Exordium,</span> 
     </span>
    </p>
   </div>
   <div class='ocr_carea' id='block_1_3' title="bbox 449 250 493 284">
    <p class='ocr_par' dir='ltr' id='par_1_3' title="bbox 449 250 493 284">
     <span class='ocr_line' id='line_1_3' title="bbox 449 250 493 284; baseline 0 0"><span class='ocrx_word' id='word_1_5' title='bbox 449 250 493 284; x_wconf 77' lang='grc'>10</span> 
     </span>
    </p>
   </div>
   <div class='ocr_carea' id='block_1_4' title="bbox 395 309 1144 705">
    <p class='ocr_par' dir='ltr' id='par_1_4' title="bbox 395 309 1144 705">
     <span class='ocr_line' id='line_1_4' title="bbox 397 309 1143 363; baseline -0.011 -13"><span class='ocrx_word' id='word_1_6' title='bbox 397 314 570 363; x_wconf 83' lang='lat' dir='ltr'>supradicti</span> <span class='ocrx_word' id='word_1_7' title='bbox 592 314 711 349; x_wconf 85' lang='lat' dir='ltr'>domini</span> <span class='ocrx_word' id='word_1_8' title='bbox 735 312 854 351; x_wconf 78' lang='lat' dir='ltr'>vicarii</span> <span class='ocrx_word' id='word_1_9' title='bbox 880 311 952 359; x_wconf 89' lang='lat' dir='ltr'>quia</span> <span class='ocrx_word' id='word_1_10' title='bbox 977 309 1143 358; x_wconf 83' lang='lat' dir='ltr'>praedictis</span> 
     </span>
     <span class='ocr_line' id='line_1_5' title="bbox 396 359 1144 410; baseline -0.012 -10"><span class='ocrx_word' id='word_1_11' title='bbox 396 364 545 400; x_wconf 87' lang='lat' dir='ltr'>omnibus</span> <span class='ocrx_word' id='word_1_12' title='bbox 566 374 596 400; x_wconf 81' lang='lat' dir='ltr'>et</span> <span class='ocrx_word' id='word_1_13' title='bbox 618 364 753 410; x_wconf 77' lang='lat' dir='ltr'>singulis</span> <span class='ocrx_word' id='word_1_14' title='bbox 775 374 835 398; x_wconf 88' lang='lat' dir='ltr'>una</span> <span class='ocrx_word' id='word_1_15' title='bbox 858 373 929 396; x_wconf 90' lang='lat' dir='ltr'>cum</span> <span class='ocrx_word' id='word_1_16' title='bbox 953 359 1144 406; x_wconf 87' lang='lat' dir='ltr'>supradietis</span> 
     </span>
     <span class='ocr_line' id='line_1_6' title="bbox 397 407 1142 460; baseline -0.009 -11"><span class='ocrx_word' id='word_1_17' title='bbox 397 414 528 450; x_wconf 82' lang='lat' dir='ltr'>testibus</span> <span class='ocrx_word' id='word_1_18' title='bbox 541 414 665 449; x_wconf 78' lang='lat' dir='ltr'>interfui</span> <span class='ocrx_word' id='word_1_19' title='bbox 686 422 715 448; x_wconf 91' lang='lat' dir='ltr'>et</span> <span class='ocrx_word' id='word_1_20' title='bbox 743 424 889 460; x_wconf 81' lang='lat' dir='ltr'>praeseus</span> <span class='ocrx_word' id='word_1_21' title='bbox 919 411 974 453; x_wconf 87' lang='lat' dir='ltr'>fui,</span> <span class='ocrx_word' id='word_1_22' title='bbox 996 408 1049 442; x_wconf 85' lang='lat' dir='ltr'>scd</span> <span class='ocrx_word' id='word_1_23' title='bbox 1072 407 1142 442; x_wconf 91' lang='lat' dir='ltr'>aliis</span> 
     </span>
     <span class='ocr_line' id='line_1_7' title="bbox 395 457 1142 512; baseline -0.014 -12"><span class='ocrx_word' id='word_1_24' title='bbox 395 473 569 512; x_wconf 85' lang='lat' dir='ltr'>occupatus</span> <span class='ocrx_word' id='word_1_25' title='bbox 597 464 731 510; x_wconf 82' lang='lat' dir='ltr'>negotiis</span> <span class='ocrx_word' id='word_1_26' title='bbox 760 475 813 510; x_wconf 90' lang='lat' dir='ltr'>per</span> <span class='ocrx_word' id='word_1_27' title='bbox 835 461 937 496; x_wconf 79' lang='lat' dir='ltr'>alium</span> <span class='ocrx_word' id='word_1_28' title='bbox 955 458 1047 493; x_wconf 67' lang='lat' dir='ltr'>stribi</span> <span class='ocrx_word' id='word_1_29' title='bbox 1071 457 1142 496; x_wconf 86' lang='lat' dir='ltr'>feci</span> 
     </span>
     <span class='ocr_line' id='line_1_8' title="bbox 396 506 1141 567; baseline -0.011 -19"><span class='ocrx_word' id='word_1_30' title='bbox 396 514 467 550; x_wconf 85' lang='lat' dir='ltr'>ideo</span> <span class='ocrx_word' id='word_1_31' title='bbox 493 526 528 549; x_wconf 87' lang='lat' dir='ltr'>ea</span> <span class='ocrx_word' id='word_1_32' title='bbox 555 513 729 560; x_wconf 80' lang='lat' dir='ltr'>subscripsi</span> <span class='ocrx_word' id='word_1_33' title='bbox 745 521 775 546; x_wconf 82' lang='lat' dir='ltr'>et</span> <span class='ocrx_word' id='word_1_34' title='bbox 790 510 965 567; x_wconf 72' lang='lat' dir='ltr'>publicavi</span> <span class='ocrx_word' id='word_1_35' title='bbox 985 516 1016 541; x_wconf 84' lang='lat' dir='ltr'>et</span> <span class='ocrx_word' id='word_1_36' title='bbox 1035 506 1141 553; x_wconf 81' lang='lat' dir='ltr'>sigillo</span> 
     </span>
     <span class='ocr_line' id='line_1_9' title="bbox 396 559 1140 612; baseline -0.015 -12"><span class='ocrx_word' id='word_1_37' title='bbox 396 564 524 612; x_wconf 83' lang='lat' dir='ltr'>praefati</span> <span class='ocrx_word' id='word_1_38' title='bbox 557 563 675 598; x_wconf 87' lang='lat' dir='ltr'>domini</span> <span class='ocrx_word' id='word_1_39' title='bbox 705 563 808 597; x_wconf 63' lang='lat' dir='ltr'>sicarii</span> <span class='ocrx_word' id='word_1_40' title='bbox 845 559 963 606; x_wconf 67' lang='lat' dir='ltr'>signati</span> <span class='ocrx_word' id='word_1_41' title='bbox 1001 564 1140 601; x_wconf 81' lang='lat' dir='ltr'>rogatus,</span> 
     </span>
     <span class='ocr_line' id='line_1_10' title="bbox 395 606 1140 669; baseline -0.013 -20"><span class='ocrx_word' id='word_1_42' title='bbox 395 626 565 662; x_wconf 88' lang='lat' dir='ltr'>meumque</span> <span class='ocrx_word' id='word_1_43' title='bbox 592 611 864 669; x_wconf 76' lang='lat' dir='ltr'>siguumapposui</span> <span class='ocrx_word' id='word_1_44' title='bbox 885 615 1087 646; x_wconf 85' lang='lat' dir='ltr'>consuetum,</span> <span class='ocrx_word' id='word_1_45' title='bbox 1110 606 1140 639; x_wconf 89' lang='lat' dir='ltr'>iu</span> 
     </span>
     <span class='ocr_line' id='line_1_11' title="bbox 396 656 1141 705; baseline -0.012 -7"><span class='ocrx_word' id='word_1_46' title='bbox 396 663 490 699; x_wconf 83' lang='lat' dir='ltr'>fidem</span> <span class='ocrx_word' id='word_1_47' title='bbox 519 673 549 700; x_wconf 85' lang='lat' dir='ltr'>et</span> <span class='ocrx_word' id='word_1_48' title='bbox 572 662 784 698; x_wconf 77' lang='lat' dir='ltr'>usumonium</span> <span class='ocrx_word' id='word_1_49' title='bbox 812 660 954 695; x_wconf 92' lang='lat' dir='ltr'>omnium</span> <span class='ocrx_word' id='word_1_50' title='bbox 984 656 1141 705; x_wconf 80' lang='lat' dir='ltr'>piaeniis-</span> 
     </span>
    </p>
   </div>
   <div class='ocr_carea' id='block_1_5' title="bbox 394 725 1141 857">
    <p class='ocr_par' dir='ltr' id='par_1_5' title="bbox 394 725 1141 857">
     <span class='ocr_line' id='line_1_12' title="bbox 394 725 514 749; baseline 0.009 -1"><span class='ocrx_word' id='word_1_51' title='bbox 394 725 514 749; x_wconf 88' lang='lat' dir='ltr'>sorum.</span> 
     </span>
     <span class='ocr_line' id='line_1_13' title="bbox 443 763 709 808; baseline -0.015 -9"><span class='ocrx_word' id='word_1_52' title='bbox 443 763 527 799; x_wconf 80' lang='lat' dir='ltr'>Nulli</span> <span class='ocrx_word' id='word_1_53' title='bbox 556 775 630 808; x_wconf 77' lang='lat' dir='ltr'>ergo</span> <span class='ocrx_word' id='word_1_54' title='bbox 657 770 709 796; x_wconf 80' lang='lat' dir='ltr'>etc.</span> 
     </span>
     <span class='ocr_line' id='line_1_14' title="bbox 443 808 1141 857; baseline -0.016 -8"><span class='ocrx_word' id='word_1_55' title='bbox 443 813 558 848; x_wconf 87' lang='lat' dir='ltr'>Datum</span> <span class='ocrx_word' id='word_1_56' title='bbox 587 812 706 847; x_wconf 82' lang='lat' dir='ltr'>Romae</span> <span class='ocrx_word' id='word_1_57' title='bbox 733 808 815 857; x_wconf 88' lang='lat' dir='ltr'>apud</span> <span class='ocrx_word' id='word_1_58' title='bbox 838 808 873 843; x_wconf 92' lang='lat' dir='ltr'>S.</span> <span class='ocrx_word' id='word_1_59' title='bbox 890 808 1030 847; x_wconf 86' lang='lat' dir='ltr'>Petrum,</span> <span class='ocrx_word' id='word_1_60' title='bbox 1057 816 1141 839; x_wconf 91' lang='lat' dir='ltr'>anno</span> 
     </span>
    </p>
   </div>
   <div class='ocr_carea' id='block_1_6' title="bbox 393 857 1141 1007">
    <p class='ocr_par' dir='ltr' id='par_1_6' title="bbox 393 857 1141 1007">
     <span class='ocr_line' id='line_1_15' title="bbox 393 857 1141 902; baseline -0.012 -5"><span class='ocrx_word' id='word_1_61' title='bbox 393 862 621 899; x_wconf 79' lang='lat' dir='ltr'>lucarnauonis</span> <span class='ocrx_word' id='word_1_62' title='bbox 647 860 824 895; x_wconf 83' lang='lat' dir='ltr'>dominicae</span> <span class='ocrx_word' id='word_1_63' title='bbox 853 857 1020 892; x_wconf 89' lang='lat' dir='ltr'>millesimo</span> <span class='ocrx_word' id='word_1_64' title='bbox 1061 867 1141 902; x_wconf 88' lang='lat' dir='ltr'>qua-</span> 
     </span>
     <span class='ocr_line' id='line_1_16' title="bbox 393 906 1140 959; baseline -0.008 -14"><span class='ocrx_word' id='word_1_65' title='bbox 393 912 639 959; x_wconf 78' lang='lat' dir='ltr'>dringentesimo</span> <span class='ocrx_word' id='word_1_66' title='bbox 667 910 828 956; x_wconf 77' lang='lat' dir='ltr'>trigesimo</span> <span class='ocrx_word' id='word_1_67' title='bbox 854 906 1009 947; x_wconf 82' lang='lat' dir='ltr'>se‹·,uudo</span> <span class='ocrx_word' id='word_1_68' title='bbox 1030 915 1140 941; x_wconf 81' lang='lat' dir='ltr'>octavo</span> 
     </span>
     <span class='ocr_line' id='line_1_17' title="bbox 393 956 1141 1007; baseline -0.011 -10"><span class='ocrx_word' id='word_1_69' title='bbox 393 962 542 997; x_wconf 80' lang='lat' dir='ltr'>kalendas</span> <span class='ocrx_word' id='word_1_70' title='bbox 570 961 686 1005; x_wconf 77' lang='lat' dir='ltr'>martii,</span> <span class='ocrx_word' id='word_1_71' title='bbox 715 959 916 1007; x_wconf 86' lang='lat' dir='ltr'>pontif-catus</span> <span class='ocrx_word' id='word_1_72' title='bbox 939 956 1035 992; x_wconf 87' lang='lat' dir='ltr'>nostii</span> <span class='ocrx_word' id='word_1_73' title='bbox 1058 967 1141 990; x_wconf 88' lang='lat' dir='ltr'>anno</span> 
     </span>
    </p>
   </div>
   <div class='ocr_carea' id='block_1_7' title="bbox 393 1013 1100 1111">
    <p class='ocr_par' dir='ltr' id='par_1_7' title="bbox 393 1013 1100 1111">
     <span class='ocr_line' id='line_1_18' title="bbox 416 1013 506 1047; baseline 0.013 -1"><span class='ocrx_word' id='word_1_74' title='bbox 416 1013 506 1047; x_wconf 89' lang='lat' dir='ltr'>rimo.</span> 
     </span>
     <span class='ocr_line' id='line_1_19' title="bbox 393 1026 1100 1111; baseline -0.01 -6"><span class='ocrx_word' id='word_1_75' title='bbox 393 1026 411 1060; x_wconf 75' lang='grc' dir='ltr'><strong>Ρ</strong></span> <span class='ocrx_word' id='word_1_76' title='bbox 431 1074 492 1105; x_wconf 87' lang='lat' dir='ltr'>Dat.</span> <span class='ocrx_word' id='word_1_77' title='bbox 511 1075 557 1105; x_wconf 88' lang='lat' dir='ltr'>die</span> <span class='ocrx_word' id='word_1_78' title='bbox 576 1073 614 1104; x_wconf 75' lang='lat'>⁶23</span> <span class='ocrx_word' id='word_1_79' title='bbox 633 1072 773 1103; x_wconf 84' lang='lat' dir='ltr'>februarii</span> <span class='ocrx_word' id='word_1_80' title='bbox 791 1071 877 1109; x_wconf 63' lang='lat'>1432,</span> <span class='ocrx_word' id='word_1_81' title='bbox 893 1074 971 1111; x_wconf 87' lang='lat' dir='ltr'>pont.</span> <span class='ocrx_word' id='word_1_82' title='bbox 988 1078 1063 1099; x_wconf 87' lang='lat' dir='ltr'>auno</span> <span class='ocrx_word' id='word_1_83' title='bbox 1083 1077 1100 1098; x_wconf 88' lang='grc' dir='ltr'>ι.</span> 
     </span>
    </p>
   </div>
   <div class='ocr_carea' id='block_1_8' title="bbox 744 1237 782 1273">
    <p class='ocr_par' dir='ltr' id='par_1_8' title="bbox 744 1237 782 1273">
     <span class='ocr_line' id='line_1_20' title="bbox 744 1237 782 1273; baseline 0 0"><span class='ocrx_word' id='word_1_84' title='bbox 744 1237 782 1273; x_wconf 90' lang='lat' dir='ltr'>V.</span> 
     </span>
    </p>
   </div>
   <div class='ocr_carea' id='block_1_9' title="bbox 395 1318 1142 1685">
    <p class='ocr_par' dir='ltr' id='par_1_9' title="bbox 395 1318 1142 1685">
     <span class='ocr_line' id='line_1_21' title="bbox 395 1318 1141 1367; baseline -0.007 -11"><span class='ocrx_word' id='word_1_85' title='bbox 395 1322 596 1367; x_wconf 75' lang='lat' dir='ltr'>Pri&#39;vi&#39;leqi&#39;um</span> <span class='ocrx_word' id='word_1_86' title='bbox 620 1322 783 1354; x_wconf 76' lang='lat' dir='ltr'>curialium</span> <span class='ocrx_word' id='word_1_87' title='bbox 806 1321 867 1353; x_wconf 68' lang='lat' dir='ltr'>siz-e</span> <span class='ocrx_word' id='word_1_88' title='bbox 887 1318 1069 1364; x_wconf 75' lang='lat' dir='ltr'>officialium</span> <span class='ocrx_word' id='word_1_89' title='bbox 1082 1319 1141 1352; x_wconf 84' lang='lat' dir='ltr'>Se-</span> 
     </span>
     <span class='ocr_line' id='line_1_22' title="bbox 443 1375 1138 1421; baseline -0.004 -11"><span class='ocrx_word' id='word_1_90' title='bbox 443 1377 490 1410; x_wconf 75' lang='lat' dir='ltr'>dt&#39;s</span> <span class='ocrx_word' id='word_1_91' title='bbox 525 1377 718 1421; x_wconf 71' lang='lat' dir='ltr'>Apostoli&#39;rne</span> <span class='ocrx_word' id='word_1_92' title='bbox 745 1375 892 1419; x_wconf 76' lang='lat' dir='ltr'>obsequiis</span> <span class='ocrx_word' id='word_1_93' title='bbox 933 1375 1138 1412; x_wconf 72' lang='lat' dir='ltr'>existentium,</span> 
     </span>
     <span class='ocr_line' id='line_1_23' title="bbox 442 1429 1142 1476; baseline -0.003 -12"><span class='ocrx_word' id='word_1_94' title='bbox 442 1432 637 1476; x_wconf 73' lang='lat' dir='ltr'>aliorumque</span> <span class='ocrx_word' id='word_1_95' title='bbox 655 1442 713 1476; x_wconf 80' lang='lat' dir='ltr'>pro</span> <span class='ocrx_word' id='word_1_96' title='bbox 730 1442 833 1463; x_wconf 80' lang='lat' dir='ltr'>eorum</span> <span class='ocrx_word' id='word_1_97' title='bbox 851 1429 982 1474; x_wconf 73' lang='lat' dir='ltr'>neqoct&#39;t&#39;s</span> <span class='ocrx_word' id='word_1_98' title='bbox 1001 1430 1043 1462; x_wconf 82' lang='lat' dir='ltr'>ad</span> <span class='ocrx_word' id='word_1_99' title='bbox 1057 1441 1142 1463; x_wconf 83' lang='lat' dir='ltr'>eam-</span> 
     </span>
     <span class='ocr_line' id='line_1_24' title="bbox 442 1484 1142 1528; baseline -0.003 -9"><span class='ocrx_word' id='word_1_100' title='bbox 442 1486 507 1519; x_wconf 83' lang='lat' dir='ltr'>dem</span> <span class='ocrx_word' id='word_1_101' title='bbox 535 1487 641 1519; x_wconf 81' lang='lat' dir='ltr'>Sedem</span> <span class='ocrx_word' id='word_1_102' title='bbox 681 1485 874 1523; x_wconf 66' lang='lat' dir='ltr'>vomentium,</span> <span class='ocrx_word' id='word_1_103' title='bbox 902 1491 927 1517; x_wconf 82' lang='lat' dir='ltr'>et</span> <span class='ocrx_word' id='word_1_104' title='bbox 962 1484 1048 1528; x_wconf 82' lang='lat' dir='ltr'>apud</span> <span class='ocrx_word' id='word_1_105' title='bbox 1075 1495 1142 1517; x_wconf 84' lang='lat' dir='ltr'>eam</span> 
     </span>
     <span class='ocr_line' id='line_1_25' title="bbox 441 1539 1141 1583; baseline -0.004 -9"><span class='ocrx_word' id='word_1_106' title='bbox 441 1541 708 1583; x_wconf 76' lang='lat' dir='ltr'>commorsmlimii,</span> <span class='ocrx_word' id='word_1_107' title='bbox 735 1547 788 1574; x_wconf 81' lang='lat' dir='ltr'>aul</span> <span class='ocrx_word' id='word_1_108' title='bbox 814 1540 884 1572; x_wconf 77' lang='lat' dir='ltr'>iude</span> <span class='ocrx_word' id='word_1_109' title='bbox 916 1539 1116 1572; x_wconf 78' lang='lat' dir='ltr'>recedenlimn</span> <span class='ocrx_word' id='word_1_110' title='bbox 1133 1565 1141 1576; x_wconf 87' lang='lat'>,</span> 
     </span>
     <span class='ocr_line' id='line_1_26' title="bbox 441 1594 1141 1629; baseline -0.003 -1"><span class='ocrx_word' id='word_1_111' title='bbox 441 1608 477 1628; x_wconf 81' lang='lat' dir='ltr'>ne</span> <span class='ocrx_word' id='word_1_112' title='bbox 510 1597 630 1629; x_wconf 74' lang='lat' dir='ltr'>interim</span> <span class='ocrx_word' id='word_1_113' title='bbox 672 1602 762 1628; x_wconf 72' lang='lat' dir='ltr'>extra</span> <span class='ocrx_word' id='word_1_114' title='bbox 802 1594 975 1627; x_wconf 81' lang='lat' dir='ltr'><em>Romanam</em></span> <span class='ocrx_word' id='word_1_115' title='bbox 1016 1594 1141 1628; x_wconf 78' lang='lat' dir='ltr'>Curiam</span> 
     </span>
     <span class='ocr_line' id='line_1_27' title="bbox 442 1651 673 1685; baseline 0 -1"><span class='ocrx_word' id='word_1_116' title='bbox 442 1651 673 1685; x_wconf 78' lang='lat' dir='ltr'>conveniantur.</span> 
     </span>
    </p>
   </div>
   <div class='ocr_carea' id='block_1_10' title="bbox 393 1728 1142 1876">
    <p class='ocr_par' dir='ltr' id='par_1_10' title="bbox 393 1728 1142 1876">
     <span class='ocr_line' id='line_1_28' title="bbox 660 1728 873 1760; baseline 0 -1"><span class='ocrx_word' id='word_1_117' title='bbox 660 1728 873 1760; x_wconf 57' lang='lat' dir='ltr'>§minimuum</span> 
     </span>
     <span class='ocr_line' id='line_1_29' title="bbox 393 1792 1142 1831; baseline 0 -9"><span class='ocrx_word' id='word_1_118' title='bbox 393 1792 560 1823; x_wconf 83' lang='lat' dir='ltr'>Exordium.</span> <span class='ocrx_word' id='word_1_119' title='bbox 579 1809 616 1814; x_wconf 96' lang='lat'>—</span> <span class='ocrx_word' id='word_1_120' title='bbox 640 1793 665 1822; x_wconf 83' lang='lat' dir='ltr'>l.</span> <span class='ocrx_word' id='word_1_121' title='bbox 688 1792 876 1830; x_wconf 77' lang='lat' dir='ltr'>Privilegium</span> <span class='ocrx_word' id='word_1_122' title='bbox 897 1792 942 1829; x_wconf 82' lang='lat' dir='ltr'>(de</span> <span class='ocrx_word' id='word_1_123' title='bbox 970 1802 1019 1831; x_wconf 80' lang='lat' dir='ltr'>quo</span> <span class='ocrx_word' id='word_1_124' title='bbox 1040 1792 1068 1821; x_wconf 84' lang='lat' dir='ltr'>iu</span> <span class='ocrx_word' id='word_1_125' title='bbox 1090 1802 1142 1822; x_wconf 82' lang='lat' dir='ltr'>ru-</span> 
     </span>
     <span class='ocr_line' id='line_1_30' title="bbox 433 1837 1142 1876; baseline 0 -9"><span class='ocrx_word' id='word_1_126' title='bbox 433 1838 530 1876; x_wconf 81' lang='lat' dir='ltr'>brica).</span> <span class='ocrx_word' id='word_1_127' title='bbox 546 1854 585 1860; x_wconf 93' lang='lat'>—</span> <span class='ocrx_word' id='word_1_128' title='bbox 603 1838 694 1867; x_wconf 78' lang='lat' dir='ltr'>Serus</span> <span class='ocrx_word' id='word_1_129' title='bbox 717 1843 779 1867; x_wconf 79' lang='lat' dir='ltr'>acta</span> <span class='ocrx_word' id='word_1_130' title='bbox 805 1838 964 1866; x_wconf 83' lang='lat' dir='ltr'>irritantur.</span> <span class='ocrx_word' id='word_1_131' title='bbox 986 1853 1018 1859; x_wconf 82' lang='lat'>—</span> <span class='ocrx_word' id='word_1_132' title='bbox 1035 1837 1062 1866; x_wconf 67' lang='lat'>2.</span> <span class='ocrx_word' id='word_1_133' title='bbox 1087 1837 1142 1872; x_wconf 84' lang='lat' dir='ltr'>Se-</span> 
     </span>
    </p>
   </div>
   <div class='ocr_carea' id='block_1_11' title="bbox 432 1881 1144 2046">
    <p class='ocr_par' dir='ltr' id='par_1_11' title="bbox 432 1881 1144 2046">
     <span class='ocr_line' id='line_1_31' title="bbox 433 1881 1142 1921; baseline -0.001 -9"><span class='ocrx_word' id='word_1_134' title='bbox 433 1891 484 1912; x_wconf 89' lang='lat' dir='ltr'>cus</span> <span class='ocrx_word' id='word_1_135' title='bbox 516 1886 689 1912; x_wconf 66' lang='lat' dir='ltr'>attentantes</span> <span class='ocrx_word' id='word_1_136' title='bbox 712 1881 1021 1911; x_wconf 80' lang='lat' dir='ltr'>excommunicationis</span> <span class='ocrx_word' id='word_1_137' title='bbox 1050 1891 1142 1921; x_wconf 87' lang='lat' dir='ltr'>poena</span> 
     </span>
     <span class='ocr_line' id='line_1_32' title="bbox 432 1926 1141 1966; baseline 0 -10"><span class='ocrx_word' id='word_1_138' title='bbox 432 1927 595 1966; x_wconf 91' lang='lat' dir='ltr'>puniuntur</span> <span class='ocrx_word' id='word_1_139' title='bbox 613 1944 649 1948; x_wconf 97' lang='lat'><strong>—</strong></span> <span class='ocrx_word' id='word_1_140' title='bbox 667 1927 694 1956; x_wconf 87' lang='lat'>3.</span> <span class='ocrx_word' id='word_1_141' title='bbox 714 1927 732 1956; x_wconf 58' lang='lat' dir='ltr'>:t</span> <span class='ocrx_word' id='word_1_142' title='bbox 763 1927 810 1956; x_wconf 85' lang='lat' dir='ltr'>die</span> <span class='ocrx_word' id='word_1_143' title='bbox 832 1926 974 1956; x_wconf 79' lang='lat' dir='ltr'>assixionis</span> <span class='ocrx_word' id='word_1_144' title='bbox 998 1935 1141 1966; x_wconf 89' lang='lat' dir='ltr'>praesen-</span> 
     </span>
     <span class='ocr_line' id='line_1_33' title="bbox 434 1970 1144 2009; baseline 0.001 -9"><span class='ocrx_word' id='word_1_145' title='bbox 434 1971 505 2001; x_wconf 89' lang='lat' dir='ltr'>tium</span> <span class='ocrx_word' id='word_1_146' title='bbox 533 1976 582 2000; x_wconf 81' lang='lat' dir='ltr'>ete.</span> <span class='ocrx_word' id='word_1_147' title='bbox 605 1988 643 1993; x_wconf 98' lang='lat'><strong>—</strong></span> <span class='ocrx_word' id='word_1_148' title='bbox 664 1972 692 2001; x_wconf 69' lang='lat'>4.</span> <span class='ocrx_word' id='word_1_149' title='bbox 716 1970 899 2001; x_wconf 85' lang='lat' dir='ltr'>Obstantium</span> <span class='ocrx_word' id='word_1_150' title='bbox 923 1971 1082 2009; x_wconf 69' lang='lat' dir='ltr'>derogatio.</span> <span class='ocrx_word' id='word_1_151' title='bbox 1105 1989 1144 1994; x_wconf 97' lang='lat'><strong>—</strong></span> 
     </span>
     <span class='ocr_line' id='line_1_34' title="bbox 433 2015 647 2046; baseline 0 -1"><span class='ocrx_word' id='word_1_152' title='bbox 433 2015 460 2045; x_wconf 88' lang='lat'>5.</span> <span class='ocrx_word' id='word_1_153' title='bbox 483 2015 647 2046; x_wconf 72' lang='lat' dir='ltr'>clausulae.</span> 
     </span>
    </p>
   </div>
   <div class='ocr_carea' id='block_1_12' title="bbox 438 2091 1097 2179">
    <p class='ocr_par' dir='ltr' id='par_1_12' title="bbox 438 2091 1097 2179">
     <span class='ocr_line' id='line_1_35' title="bbox 438 2091 1097 2128; baseline 0 -8"><span class='ocrx_word' id='word_1_154' title='bbox 438 2091 573 2128; x_wconf 69' lang='lat' dir='ltr'>trigonius</span> <span class='ocrx_word' id='word_1_155' title='bbox 588 2091 731 2127; x_wconf 75' lang='lat' dir='ltr'>episcopus</span> <span class='ocrx_word' id='word_1_156' title='bbox 753 2097 850 2120; x_wconf 84' lang='lat' dir='ltr'>servus</span> <span class='ocrx_word' id='word_1_157' title='bbox 877 2098 1018 2121; x_wconf 77' lang='lat' dir='ltr'>servorum</span> <span class='ocrx_word' id='word_1_158' title='bbox 1041 2091 1097 2125; x_wconf 80' lang='lat' dir='ltr'>nei.</span> 
     </span>
     <span class='ocr_line' id='line_1_36' title="bbox 526 2142 1008 2179; baseline 0 -9"><span class='ocrx_word' id='word_1_159' title='bbox 526 2143 560 2171; x_wconf 84' lang='lat' dir='ltr'>ad</span> <span class='ocrx_word' id='word_1_160' title='bbox 587 2143 748 2179; x_wconf 74' lang='lat' dir='ltr'>perpetuam</span> <span class='ocrx_word' id='word_1_161' title='bbox 776 2142 816 2171; x_wconf 81' lang='lat' dir='ltr'>rei</span> <span class='ocrx_word' id='word_1_162' title='bbox 841 2142 1008 2171; x_wconf 77' lang='lat' dir='ltr'>memoriam.</span> 
     </span>
    </p>
   </div>
   <div class='ocr_carea' id='block_1_13' title="bbox 393 2213 1145 2701">
    <p class='ocr_par' dir='ltr' id='par_1_13' title="bbox 393 2213 1145 2701">
     <span class='ocr_line' id='line_1_37' title="bbox 443 2213 1143 2262; baseline 0.001 -13"><span class='ocrx_word' id='word_1_163' title='bbox 443 2213 567 2260; x_wconf 89' lang='lat' dir='ltr'>Divina,</span> <span class='ocrx_word' id='word_1_164' title='bbox 595 2215 625 2250; x_wconf 94' lang='lat' dir='ltr'>iu</span> <span class='ocrx_word' id='word_1_165' title='bbox 649 2214 798 2250; x_wconf 83' lang='lat' dir='ltr'>eminenti</span> <span class='ocrx_word' id='word_1_166' title='bbox 825 2214 919 2250; x_wconf 87' lang='lat' dir='ltr'>Sedis</span> <span class='ocrx_word' id='word_1_167' title='bbox 945 2214 1143 2262; x_wconf 80' lang='lat' dir='ltr'>Apostolicae</span> 
     </span>
     <span class='ocr_line' id='line_1_38' title="bbox 394 2268 1143 2317; baseline 0.001 -14"><span class='ocrx_word' id='word_1_168' title='bbox 394 2269 535 2317; x_wconf 87' lang='lat' dir='ltr'>specula,</span> <span class='ocrx_word' id='word_1_169' title='bbox 565 2270 753 2317; x_wconf 73' lang='lat' dir='ltr'>disponente</span> <span class='ocrx_word' id='word_1_170' title='bbox 769 2268 948 2313; x_wconf 88' lang='lat' dir='ltr'>clementia,</span> <span class='ocrx_word' id='word_1_171' title='bbox 970 2269 1143 2310; x_wconf 89' lang='lat' dir='ltr'>constituti,</span> 
     </span>
     <span class='ocr_line' id='line_1_39' title="bbox 394 2323 1144 2371; baseline -0.004 -11"><span class='ocrx_word' id='word_1_172' title='bbox 394 2324 431 2359; x_wconf 78' lang='lat' dir='ltr'>ad</span> <span class='ocrx_word' id='word_1_173' title='bbox 454 2337 489 2360; x_wconf 85' lang='lat' dir='ltr'>ea</span> <span class='ocrx_word' id='word_1_174' title='bbox 512 2324 647 2360; x_wconf 80' lang='lat' dir='ltr'>libenter</span> <span class='ocrx_word' id='word_1_175' title='bbox 675 2324 879 2364; x_wconf 75' lang='lat' dir='ltr'>intendimus,</span> <span class='ocrx_word' id='word_1_176' title='bbox 908 2336 963 2371; x_wconf 89' lang='lat' dir='ltr'>per</span> <span class='ocrx_word' id='word_1_177' title='bbox 989 2335 1069 2370; x_wconf 89' lang='lat' dir='ltr'>quae</span> <span class='ocrx_word' id='word_1_178' title='bbox 1097 2323 1144 2358; x_wconf 87' lang='lat' dir='ltr'>of-</span> 
     </span>
     <span class='ocr_line' id='line_1_40' title="bbox 395 2378 1144 2427; baseline -0.001 -14"><span class='ocrx_word' id='word_1_179' title='bbox 395 2379 511 2415; x_wconf 85' lang='lat' dir='ltr'>ficiales</span> <span class='ocrx_word' id='word_1_180' title='bbox 539 2379 714 2427; x_wconf 82' lang='lat' dir='ltr'>praedictae</span> <span class='ocrx_word' id='word_1_181' title='bbox 741 2379 834 2414; x_wconf 82' lang='lat' dir='ltr'>Sedis</span> <span class='ocrx_word' id='word_1_182' title='bbox 870 2378 1031 2426; x_wconf 84' lang='lat' dir='ltr'>obsequiis</span> <span class='ocrx_word' id='word_1_183' title='bbox 1059 2379 1144 2423; x_wconf 86' lang='lat' dir='ltr'>eius,</span> 
     </span>
     <span class='ocr_line' id='line_1_41' title="bbox 393 2433 1143 2482; baseline -0.004 -12"><span class='ocrx_word' id='word_1_184' title='bbox 393 2433 432 2469; x_wconf 81' lang='lat' dir='ltr'>ad</span> <span class='ocrx_word' id='word_1_185' title='bbox 455 2447 548 2482; x_wconf 86' lang='lat' dir='ltr'>quam</span> <span class='ocrx_word' id='word_1_186' title='bbox 573 2434 666 2469; x_wconf 66' lang='lat' dir='ltr'>veluti</span> <span class='ocrx_word' id='word_1_187' title='bbox 684 2434 821 2468; x_wconf 85' lang='lat' dir='ltr'>fidelium</span> <span class='ocrx_word' id='word_1_188' title='bbox 837 2434 979 2468; x_wconf 90' lang='lat' dir='ltr'>omnium</span> <span class='ocrx_word' id='word_1_189' title='bbox 1000 2440 1143 2476; x_wconf 86' lang='lat' dir='ltr'>matrem,</span> 
     </span>
     <span class='ocr_line' id='line_1_42' title="bbox 395 2487 1145 2536; baseline -0.003 -13"><span class='ocrx_word' id='word_1_190' title='bbox 395 2501 451 2536; x_wconf 86' lang='lat' dir='ltr'>pro</span> <span class='ocrx_word' id='word_1_191' title='bbox 472 2489 650 2524; x_wconf 84' lang='lat' dir='ltr'>animarum</span> <span class='ocrx_word' id='word_1_192' title='bbox 673 2488 773 2524; x_wconf 89' lang='lat' dir='ltr'>salute</span> <span class='ocrx_word' id='word_1_193' title='bbox 800 2487 978 2535; x_wconf 87' lang='lat' dir='ltr'>quaerenda</span> <span class='ocrx_word' id='word_1_194' title='bbox 1001 2495 1033 2521; x_wconf 86' lang='lat' dir='ltr'>et</span> <span class='ocrx_word' id='word_1_195' title='bbox 1055 2487 1145 2522; x_wconf 89' lang='lat' dir='ltr'>iusti-</span> 
     </span>
     <span class='ocr_line' id='line_1_43' title="bbox 393 2541 1145 2591; baseline -0.004 -12"><span class='ocrx_word' id='word_1_196' title='bbox 393 2544 435 2578; x_wconf 85' lang='lat' dir='ltr'>tia</span> <span class='ocrx_word' id='word_1_197' title='bbox 462 2543 702 2591; x_wconf 84' lang='lat' dir='ltr'>consequenda,</span> <span class='ocrx_word' id='word_1_198' title='bbox 724 2542 763 2577; x_wconf 93' lang='lat' dir='ltr'>de</span> <span class='ocrx_word' id='word_1_199' title='bbox 790 2542 925 2577; x_wconf 79' lang='lat' dir='ltr'>diversis</span> <span class='ocrx_word' id='word_1_200' title='bbox 947 2541 1055 2576; x_wconf 87' lang='lat' dir='ltr'>mundi</span> <span class='ocrx_word' id='word_1_201' title='bbox 1073 2553 1145 2589; x_wconf 91' lang='lat' dir='ltr'>par-</span> 
     </span>
     <span class='ocr_line' id='line_1_44' title="bbox 395 2596 1144 2643; baseline -0.005 -10"><span class='ocrx_word' id='word_1_202' title='bbox 395 2598 479 2633; x_wconf 88' lang='lat' dir='ltr'>tibus</span> <span class='ocrx_word' id='word_1_203' title='bbox 503 2598 634 2634; x_wconf 91' lang='lat' dir='ltr'>conssuit</span> <span class='ocrx_word' id='word_1_204' title='bbox 655 2596 834 2637; x_wconf 80' lang='lat' dir='ltr'>multitudo.</span> <span class='ocrx_word' id='word_1_205' title='bbox 859 2597 958 2632; x_wconf 87' lang='lat' dir='ltr'>tutius</span> <span class='ocrx_word' id='word_1_206' title='bbox 991 2604 1022 2630; x_wconf 91' lang='lat' dir='ltr'>et</span> <span class='ocrx_word' id='word_1_207' title='bbox 1052 2596 1144 2643; x_wconf 89' lang='lat' dir='ltr'>quie-</span> 
     </span>
     <span class='ocr_line' id='line_1_45' title="bbox 395 2649 1092 2701; baseline -0.003 -14"><span class='ocrx_word' id='word_1_208' title='bbox 395 2652 458 2688; x_wconf 77' lang='lat' dir='ltr'>tius</span> <span class='ocrx_word' id='word_1_209' title='bbox 479 2664 513 2688; x_wconf 90' lang='lat' dir='ltr'>se</span> <span class='ocrx_word' id='word_1_210' title='bbox 540 2652 752 2701; x_wconf 82' lang='lat' dir='ltr'>promptiores</span> <span class='ocrx_word' id='word_1_211' title='bbox 783 2650 905 2688; x_wconf 86' lang='lat' dir='ltr'>valeant</span> <span class='ocrx_word' id='word_1_212' title='bbox 931 2649 1092 2687; x_wconf 79' lang='lat' dir='ltr'>exhibere.</span> 
     </span>
    </p>
   </div>
   <div class='ocr_carea' id='block_1_14' title="bbox 982 253 1356 280">
    <p class='ocr_par' dir='ltr' id='par_1_14' title="bbox 982 253 1356 280">
     <span class='ocr_line' id='line_1_46' title="bbox 982 253 1356 280; baseline -0.016 0"><span class='ocrx_word' id='word_1_213' title='bbox 982 257 1040 280; x_wconf 72' lang='lat' dir='ltr'>BC!</span> <span class='ocrx_word' id='word_1_214' title='bbox 1044 255 1167 278; x_wconf 62' lang='lat' dir='ltr'>Latum!</span> <span class='ocrx_word' id='word_1_215' title='bbox 1195 253 1356 277; x_wconf 59' lang='lat' dir='ltr'>noxusmt</span> 
     </span>
    </p>
   </div>
   <div class='ocr_carea' id='block_1_15' title="bbox 1183 303 1940 2552">
    <p class='ocr_par' dir='ltr' id='par_1_15' title="bbox 1183 303 1940 1994">
     <span class='ocr_line' id='line_1_47' title="bbox 1234 303 1936 359; baseline 0 -18"><span class='ocrx_word' id='word_1_216' title='bbox 1234 312 1249 350; x_wconf 63' lang='lat' dir='ltr'>g</span> <span class='ocrx_word' id='word_1_217' title='bbox 1277 310 1304 341; x_wconf 84' lang='lat' dir='ltr'>t.</span> <span class='ocrx_word' id='word_1_218' title='bbox 1328 306 1409 340; x_wconf 86' lang='lat' dir='ltr'>Hine</span> <span class='ocrx_word' id='word_1_219' title='bbox 1437 311 1484 339; x_wconf 91' lang='lat' dir='ltr'>est</span> <span class='ocrx_word' id='word_1_220' title='bbox 1519 303 1604 359; x_wconf 83' lang='lat' dir='ltr'>quod</span> <span class='ocrx_word' id='word_1_221' title='bbox 1628 316 1697 359; x_wconf 79' lang='lat' dir='ltr'>nos,</span> <span class='ocrx_word' id='word_1_222' title='bbox 1715 317 1753 341; x_wconf 84' lang='lat' dir='ltr'>ex</span> <span class='ocrx_word' id='word_1_223' title='bbox 1769 306 1864 341; x_wconf 87' lang='lat' dir='ltr'>certis</span> <span class='ocrx_word' id='word_1_224' title='bbox 1891 318 1936 341; x_wconf 91' lang='lat' dir='ltr'>ra-</span> 
     </span>
     <span class='ocr_line' id='line_1_48' title="bbox 1186 353 1933 398; baseline 0.001 -8"><span class='ocrx_word' id='word_1_225' title='bbox 1186 356 1355 391; x_wconf 86' lang='lat' dir='ltr'>tionalibus</span> <span class='ocrx_word' id='word_1_226' title='bbox 1373 354 1478 390; x_wconf 87' lang='lat' dir='ltr'>causis</span> <span class='ocrx_word' id='word_1_227' title='bbox 1494 354 1582 398; x_wconf 89' lang='lat' dir='ltr'>moti,</span> <span class='ocrx_word' id='word_1_228' title='bbox 1597 353 1688 389; x_wconf 84' lang='lat' dir='ltr'>etiam</span> <span class='ocrx_word' id='word_1_229' title='bbox 1705 356 1933 391; x_wconf 91' lang='lat' dir='ltr'>nonnullorum</span> 
     </span>
     <span class='ocr_line' id='line_1_49' title="bbox 1187 406 1935 453; baseline 0 -13"><span class='ocrx_word' id='word_1_230' title='bbox 1187 406 1464 453; x_wconf 85' lang='lat' dir='ltr'>praedecessorum</span> <span class='ocrx_word' id='word_1_231' title='bbox 1501 413 1680 439; x_wconf 82' lang='lat' dir='ltr'>nostrorum</span> <span class='ocrx_word' id='word_1_232' title='bbox 1715 406 1854 452; x_wconf 53' lang='lat' dir='ltr'>vestigiis</span> <span class='ocrx_word' id='word_1_233' title='bbox 1881 406 1935 440; x_wconf 92' lang='lat' dir='ltr'>in-</span> 
     </span>
     <span class='ocr_line' id='line_1_50' title="bbox 1186 453 1934 494; baseline 0.003 -5"><span class='ocrx_word' id='word_1_234' title='bbox 1186 457 1361 494; x_wconf 82' lang='lat' dir='ltr'>haerentes,</span> <span class='ocrx_word' id='word_1_235' title='bbox 1383 453 1559 488; x_wconf 89' lang='lat' dir='ltr'>districtius</span> <span class='ocrx_word' id='word_1_236' title='bbox 1587 453 1768 490; x_wconf 90' lang='lat' dir='ltr'>inbibemus</span> <span class='ocrx_word' id='word_1_237' title='bbox 1794 455 1934 491; x_wconf 90' lang='lat' dir='ltr'>locorum</span> 
     </span>
     <span class='ocr_line' id='line_1_51' title="bbox 1185 504 1937 544; baseline 0.003 -5"><span class='ocrx_word' id='word_1_238' title='bbox 1185 505 1364 544; x_wconf 86' lang='lat' dir='ltr'>ordinariis,</span> <span class='ocrx_word' id='word_1_239' title='bbox 1393 515 1515 538; x_wconf 90' lang='lat' dir='ltr'>necnon</span> <span class='ocrx_word' id='word_1_240' title='bbox 1544 504 1770 540; x_wconf 83' lang='lat' dir='ltr'>commissariis</span> <span class='ocrx_word' id='word_1_241' title='bbox 1796 514 1826 540; x_wconf 91' lang='lat' dir='ltr'>et</span> <span class='ocrx_word' id='word_1_242' title='bbox 1848 505 1937 541; x_wconf 88' lang='lat' dir='ltr'>dele-</span> 
     </span>
     <span class='ocr_line' id='line_1_52' title="bbox 1184 553 1937 600; baseline 0.004 -13.004"><span class='ocrx_word' id='word_1_243' title='bbox 1184 555 1262 600; x_wconf 75' lang='lat' dir='ltr'>gatis</span> <span class='ocrx_word' id='word_1_244' title='bbox 1289 565 1411 593; x_wconf 89' lang='lat' dir='ltr'>eorum,</span> <span class='ocrx_word' id='word_1_245' title='bbox 1433 553 1629 600; x_wconf 83' lang='lat' dir='ltr'>eaeterisque</span> <span class='ocrx_word' id='word_1_246' title='bbox 1653 554 1807 590; x_wconf 88' lang='lat' dir='ltr'>universis</span> <span class='ocrx_word' id='word_1_247' title='bbox 1822 563 1852 590; x_wconf 91' lang='lat' dir='ltr'>et</span> <span class='ocrx_word' id='word_1_248' title='bbox 1869 555 1937 590; x_wconf 90' lang='lat' dir='ltr'>sin-</span> 
     </span>
     <span class='ocr_line' id='line_1_53' title="bbox 1183 604 1935 659; baseline 0.004 -22"><span class='ocrx_word' id='word_1_249' title='bbox 1183 604 1277 650; x_wconf 75' lang='lat' dir='ltr'>gulis,</span> <span class='ocrx_word' id='word_1_250' title='bbox 1304 615 1505 659; x_wconf 82' lang='lat' dir='ltr'>quacumque</span> <span class='ocrx_word' id='word_1_251' title='bbox 1529 611 1682 651; x_wconf 82' lang='lat' dir='ltr'>potestate</span> <span class='ocrx_word' id='word_1_252' title='bbox 1704 611 1735 639; x_wconf 86' lang='lat' dir='ltr'>et</span> <span class='ocrx_word' id='word_1_253' title='bbox 1749 613 1935 640; x_wconf 83' lang='lat' dir='ltr'>auctoritate</span> 
     </span>
     <span class='ocr_line' id='line_1_54' title="bbox 1186 653 1937 709; baseline 0.003 -22"><span class='ocrx_word' id='word_1_254' title='bbox 1186 653 1413 700; x_wconf 75' lang='lat' dir='ltr'>praefulgeant</span> <span class='ocrx_word' id='word_1_255' title='bbox 1428 654 1659 709; x_wconf 83' lang='lat' dir='ltr'>cuiuscumque</span> <span class='ocrx_word' id='word_1_256' title='bbox 1676 654 1851 701; x_wconf 80' lang='lat' dir='ltr'>dignitatiS,</span> <span class='ocrx_word' id='word_1_257' title='bbox 1861 667 1937 702; x_wconf 84' lang='lat' dir='ltr'>gra-</span> 
     </span>
     <span class='ocr_line' id='line_1_55' title="bbox 1184 703 1935 751; baseline 0.003 -14"><span class='ocrx_word' id='word_1_258' title='bbox 1184 703 1245 738; x_wconf 90' lang='lat' dir='ltr'>dus</span> <span class='ocrx_word' id='word_1_259' title='bbox 1267 703 1313 737; x_wconf 90' lang='lat' dir='ltr'>vel</span> <span class='ocrx_word' id='word_1_260' title='bbox 1343 703 1600 751; x_wconf 70' lang='lat' dir='ltr'>praeeminentiae</span> <span class='ocrx_word' id='word_1_261' title='bbox 1623 704 1750 745; x_wconf 89' lang='lat' dir='ltr'>fuerint,</span> <span class='ocrx_word' id='word_1_262' title='bbox 1769 717 1808 740; x_wconf 84' lang='lat' dir='ltr'>ne</span> <span class='ocrx_word' id='word_1_263' title='bbox 1827 712 1935 739; x_wconf 87' lang='lat' dir='ltr'>contra</span> 
     </span>
     <span class='ocr_line' id='line_1_56' title="bbox 1183 753 1936 802; baseline 0.003 -15"><span class='ocrx_word' id='word_1_264' title='bbox 1183 753 1332 788; x_wconf 81' lang='lat' dir='ltr'>officiales</span> <span class='ocrx_word' id='word_1_265' title='bbox 1367 753 1544 800; x_wconf 79' lang='lat' dir='ltr'>praefatOS,</span> <span class='ocrx_word' id='word_1_266' title='bbox 1566 765 1769 802; x_wconf 86' lang='lat' dir='ltr'>quocumque</span> <span class='ocrx_word' id='word_1_267' title='bbox 1807 754 1936 790; x_wconf 85' lang='lat' dir='ltr'>nomine</span> 
     </span>
     <span class='ocr_line' id='line_1_57' title="bbox 1185 803 1936 851; baseline 0.004 -14"><span class='ocrx_word' id='word_1_268' title='bbox 1185 811 1430 851; x_wconf 86' lang='lat' dir='ltr'>nuncupentur,</span> <span class='ocrx_word' id='word_1_269' title='bbox 1453 803 1483 838; x_wconf 93' lang='lat' dir='ltr'>in</span> <span class='ocrx_word' id='word_1_270' title='bbox 1513 803 1628 838; x_wconf 89' lang='lat' dir='ltr'>nostris</span> <span class='ocrx_word' id='word_1_271' title='bbox 1654 812 1686 839; x_wconf 81' lang='lat' dir='ltr'>et</span> <span class='ocrx_word' id='word_1_272' title='bbox 1712 804 1814 840; x_wconf 90' lang='lat' dir='ltr'>dietae</span> <span class='ocrx_word' id='word_1_273' title='bbox 1842 803 1936 840; x_wconf 89' lang='lat' dir='ltr'>Sedis</span> 
     </span>
     <span class='ocr_line' id='line_1_58' title="bbox 1183 853 1937 900; baseline 0.003 -13"><span class='ocrx_word' id='word_1_274' title='bbox 1183 853 1360 900; x_wconf 79' lang='lat' dir='ltr'>obsequiis,</span> <span class='ocrx_word' id='word_1_275' title='bbox 1383 865 1468 888; x_wconf 89' lang='lat' dir='ltr'>nunc</span> <span class='ocrx_word' id='word_1_276' title='bbox 1495 861 1526 887; x_wconf 91' lang='lat' dir='ltr'>et</span> <span class='ocrx_word' id='word_1_277' title='bbox 1548 865 1605 900; x_wconf 90' lang='lat' dir='ltr'>pro</span> <span class='ocrx_word' id='word_1_278' title='bbox 1627 862 1769 900; x_wconf 84' lang='lat' dir='ltr'>tempore</span> <span class='ocrx_word' id='word_1_279' title='bbox 1795 855 1937 889; x_wconf 84' lang='lat' dir='ltr'>existen-</span> 
     </span>
     <span class='ocr_line' id='line_1_59' title="bbox 1184 903 1935 960; baseline 0.003 -23"><span class='ocrx_word' id='word_1_280' title='bbox 1184 912 1241 943; x_wconf 89' lang='lat' dir='ltr'>tes,</span> <span class='ocrx_word' id='word_1_281' title='bbox 1265 915 1388 938; x_wconf 87' lang='lat' dir='ltr'>necnon</span> <span class='ocrx_word' id='word_1_282' title='bbox 1416 915 1642 960; x_wconf 76' lang='lat' dir='ltr'>quoscumque</span> <span class='ocrx_word' id='word_1_283' title='bbox 1656 903 1748 948; x_wconf 86' lang='lat' dir='ltr'>alios,</span> <span class='ocrx_word' id='word_1_284' title='bbox 1776 916 1833 952; x_wconf 90' lang='lat' dir='ltr'>pro</span> <span class='ocrx_word' id='word_1_285' title='bbox 1867 905 1935 940; x_wconf 89' lang='lat' dir='ltr'>suis</span> 
     </span>
     <span class='ocr_line' id='line_1_60' title="bbox 1183 953 1935 1010; baseline 0.001 -22"><span class='ocrx_word' id='word_1_286' title='bbox 1183 960 1212 988; x_wconf 89' lang='lat' dir='ltr'>et</span> <span class='ocrx_word' id='word_1_287' title='bbox 1234 965 1343 988; x_wconf 91' lang='lat' dir='ltr'>eorum</span> <span class='ocrx_word' id='word_1_288' title='bbox 1367 955 1470 988; x_wconf 86' lang='lat' dir='ltr'>causis</span> <span class='ocrx_word' id='word_1_289' title='bbox 1495 962 1524 988; x_wconf 89' lang='lat' dir='ltr'>et</span> <span class='ocrx_word' id='word_1_290' title='bbox 1539 953 1673 1001; x_wconf 84' lang='lat' dir='ltr'>negotiis</span> <span class='ocrx_word' id='word_1_291' title='bbox 1693 953 1935 1010; x_wconf 86' lang='lat' dir='ltr'>prosequendis</span> 
     </span>
     <span class='ocr_line' id='line_1_61' title="bbox 1183 982 1935 1051; baseline 0.004 -14"><span class='ocrx_word' id='word_1_292' title='bbox 1183 1002 1220 1037; x_wconf 91' lang='lat' dir='ltr'>ad</span> <span class='ocrx_word' id='word_1_293' title='bbox 1240 1003 1358 1038; x_wconf 90' lang='lat' dir='ltr'>Sedem</span> <span class='ocrx_word' id='word_1_294' title='bbox 1383 982 1598 1051; x_wconf 55' lang='lat' dir='ltr'>praedictamo</span> <span class='ocrx_word' id='word_1_295' title='bbox 1601 1003 1773 1043; x_wconf 80' lang='lat' dir='ltr'>venientes</span> <span class='ocrx_word' id='word_1_296' title='bbox 1796 1016 1832 1039; x_wconf 82' lang='lat' dir='ltr'>ac</span> <span class='ocrx_word' id='word_1_297' title='bbox 1852 1005 1881 1039; x_wconf 88' lang='lat' dir='ltr'>in</span> <span class='ocrx_word' id='word_1_298' title='bbox 1900 1017 1935 1040; x_wconf 84' lang='lat' dir='ltr'>ea</span> 
     </span>
     <span class='ocr_line' id='line_1_62' title="bbox 1183 1052 1936 1100; baseline 0 -12"><span class='ocrx_word' id='word_1_299' title='bbox 1183 1052 1333 1096; x_wconf 88' lang='lat' dir='ltr'>(durante</span> <span class='ocrx_word' id='word_1_300' title='bbox 1369 1054 1566 1100; x_wconf 86' lang='lat' dir='ltr'>negotiorum</span> <span class='ocrx_word' id='word_1_301' title='bbox 1615 1061 1646 1088; x_wconf 87' lang='lat' dir='ltr'>et</span> <span class='ocrx_word' id='word_1_302' title='bbox 1673 1065 1839 1088; x_wconf 86' lang='lat' dir='ltr'>causarum</span> <span class='ocrx_word' id='word_1_303' title='bbox 1869 1054 1936 1088; x_wconf 79' lang='lat' dir='ltr'>liu-</span> 
     </span>
     <span class='ocr_line' id='line_1_63' title="bbox 1185 1103 1936 1150; baseline 0.001 -13"><span class='ocrx_word' id='word_1_304' title='bbox 1185 1103 1322 1138; x_wconf 91' lang='lat' dir='ltr'>iusmodi</span> <span class='ocrx_word' id='word_1_305' title='bbox 1355 1104 1592 1150; x_wconf 79' lang='lat' dir='ltr'>prosecutione)</span> <span class='ocrx_word' id='word_1_306' title='bbox 1617 1114 1736 1138; x_wconf 85' lang='lat' dir='ltr'>moram</span> <span class='ocrx_word' id='word_1_307' title='bbox 1764 1103 1936 1148; x_wconf 88' lang='lat' dir='ltr'>trahentes,</span> 
     </span>
     <span class='ocr_line' id='line_1_64' title="bbox 1183 1153 1937 1200; baseline 0 -12"><span class='ocrx_word' id='word_1_308' title='bbox 1183 1160 1213 1187; x_wconf 87' lang='lat' dir='ltr'>et</span> <span class='ocrx_word' id='word_1_309' title='bbox 1236 1153 1420 1188; x_wconf 84' lang='lat' dir='ltr'>recedentes</span> <span class='ocrx_word' id='word_1_310' title='bbox 1450 1154 1488 1188; x_wconf 90' lang='lat' dir='ltr'>ab</span> <span class='ocrx_word' id='word_1_311' title='bbox 1522 1153 1645 1193; x_wconf 86' lang='lat' dir='ltr'>eadem,</span> <span class='ocrx_word' id='word_1_312' title='bbox 1675 1153 1856 1200; x_wconf 85' lang='lat' dir='ltr'>procedere,</span> <span class='ocrx_word' id='word_1_313' title='bbox 1883 1161 1937 1188; x_wconf 87' lang='lat' dir='ltr'>aut</span> 
     </span>
     <span class='ocr_line' id='line_1_65' title="bbox 1185 1202 1937 1251; baseline 0.001 -14"><span class='ocrx_word' id='word_1_314' title='bbox 1185 1202 1215 1237; x_wconf 91' lang='lat' dir='ltr'>in</span> <span class='ocrx_word' id='word_1_315' title='bbox 1252 1215 1307 1238; x_wconf 90' lang='lat' dir='ltr'>eos</span> <span class='ocrx_word' id='word_1_316' title='bbox 1341 1203 1689 1243; x_wconf 81' lang='lat' dir='ltr'>excommunicationis,</span> <span class='ocrx_word' id='word_1_317' title='bbox 1715 1204 1937 1251; x_wconf 86' lang='lat' dir='ltr'>suspensionis</span> 
     </span>
     <span class='ocr_line' id='line_1_66' title="bbox 1185 1251 1934 1301; baseline 0 -14"><span class='ocrx_word' id='word_1_318' title='bbox 1185 1251 1230 1287; x_wconf 76' lang='lat' dir='ltr'>vel</span> <span class='ocrx_word' id='word_1_319' title='bbox 1267 1253 1438 1297; x_wconf 76' lang='lat' dir='ltr'>interdicti,</span> <span class='ocrx_word' id='word_1_320' title='bbox 1465 1262 1519 1288; x_wconf 86' lang='lat' dir='ltr'>aut</span> <span class='ocrx_word' id='word_1_321' title='bbox 1546 1253 1732 1301; x_wconf 74' lang='lat' dir='ltr'>privationis</span> <span class='ocrx_word' id='word_1_322' title='bbox 1760 1253 1934 1290; x_wconf 85' lang='lat' dir='ltr'>officiorum</span> 
     </span>
     <span class='ocr_line' id='line_1_67' title="bbox 1185 1302 1937 1351; baseline 0.001 -14"><span class='ocrx_word' id='word_1_323' title='bbox 1185 1302 1230 1337; x_wconf 91' lang='lat' dir='ltr'>vel</span> <span class='ocrx_word' id='word_1_324' title='bbox 1253 1302 1492 1348; x_wconf 85' lang='lat' dir='ltr'>beneficiorum,</span> <span class='ocrx_word' id='word_1_325' title='bbox 1514 1315 1572 1338; x_wconf 86' lang='lat' dir='ltr'>seu</span> <span class='ocrx_word' id='word_1_326' title='bbox 1596 1303 1742 1351; x_wconf 84' lang='lat' dir='ltr'>quamvis</span> <span class='ocrx_word' id='word_1_327' title='bbox 1759 1303 1850 1338; x_wconf 87' lang='lat' dir='ltr'>aliam</span> <span class='ocrx_word' id='word_1_328' title='bbox 1867 1315 1937 1338; x_wconf 88' lang='lat' dir='ltr'>sen-</span> 
     </span>
     <span class='ocr_line' id='line_1_68' title="bbox 1185 1352 1934 1401; baseline 0.003 -15"><span class='ocrx_word' id='word_1_329' title='bbox 1185 1353 1312 1388; x_wconf 86' lang='lat' dir='ltr'>tentiam</span> <span class='ocrx_word' id='word_1_330' title='bbox 1329 1354 1530 1401; x_wconf 86' lang='lat' dir='ltr'>promulgare</span> <span class='ocrx_word' id='word_1_331' title='bbox 1545 1362 1756 1401; x_wconf 85' lang='lat' dir='ltr'>praesumant.</span> <span class='ocrx_word' id='word_1_332' title='bbox 1771 1352 1836 1388; x_wconf 85' lang='lat' dir='ltr'>Nos</span> <span class='ocrx_word' id='word_1_333' title='bbox 1849 1353 1934 1388; x_wconf 83' lang='lat' dir='ltr'>enim</span> 
     </span>
     <span class='ocr_line' id='line_1_69' title="bbox 1183 1403 1937 1451; baseline 0.001 -14"><span class='ocrx_word' id='word_1_334' title='bbox 1183 1415 1296 1438; x_wconf 84' lang='lat' dir='ltr'>omnes</span> <span class='ocrx_word' id='word_1_335' title='bbox 1317 1411 1348 1437; x_wconf 86' lang='lat' dir='ltr'>et</span> <span class='ocrx_word' id='word_1_336' title='bbox 1381 1403 1524 1449; x_wconf 83' lang='lat' dir='ltr'>singulos</span> <span class='ocrx_word' id='word_1_337' title='bbox 1560 1415 1728 1451; x_wconf 88' lang='lat' dir='ltr'>processus</span> <span class='ocrx_word' id='word_1_338' title='bbox 1750 1415 1785 1438; x_wconf 89' lang='lat' dir='ltr'>ac</span> <span class='ocrx_word' id='word_1_339' title='bbox 1808 1411 1937 1438; x_wconf 86' lang='lat' dir='ltr'>senten—</span> 
     </span>
     <span class='ocr_line' id='line_1_70' title="bbox 1185 1461 1936 1488; baseline 0.003 -2"><span class='ocrx_word' id='word_1_340' title='bbox 1185 1461 1241 1487; x_wconf 80' lang='lat' dir='ltr'>tias</span> <span class='ocrx_word' id='word_1_341' title='bbox 1279 1462 1386 1488; x_wconf 86' lang='lat' dir='ltr'>contra</span> <span class='ocrx_word' id='word_1_342' title='bbox 1414 1461 1556 1488; x_wconf 87' lang='lat' dir='ltr'>tenorem</span> <span class='ocrx_word' id='word_1_343' title='bbox 1584 1462 1614 1488; x_wconf 86' lang='lat' dir='ltr'>et</span> <span class='ocrx_word' id='word_1_344' title='bbox 1647 1462 1783 1488; x_wconf 89' lang='lat' dir='ltr'>mentem</span> <span class='ocrx_word' id='word_1_345' title='bbox 1812 1461 1936 1488; x_wconf 76' lang='lat' dir='ltr'>nostrae</span> 
     </span>
     <span class='ocr_line' id='line_1_71' title="bbox 1185 1502 1937 1543; baseline 0.001 -7"><span class='ocrx_word' id='word_1_346' title='bbox 1185 1502 1381 1538; x_wconf 85' lang='lat' dir='ltr'>iuliibitiouis</span> <span class='ocrx_word' id='word_1_347' title='bbox 1408 1503 1589 1538; x_wconf 80' lang='lat' dir='ltr'>huiusmodi</span> <span class='ocrx_word' id='word_1_348' title='bbox 1625 1504 1702 1538; x_wconf 84' lang='lat' dir='ltr'>latas</span> <span class='ocrx_word' id='word_1_349' title='bbox 1737 1511 1766 1537; x_wconf 85' lang='lat' dir='ltr'>et</span> <span class='ocrx_word' id='word_1_350' title='bbox 1802 1502 1937 1543; x_wconf 83' lang='lat' dir='ltr'>habitas,</span> 
     </span>
     <span class='ocr_line' id='line_1_72' title="bbox 1184 1552 1938 1601; baseline 0 -15"><span class='ocrx_word' id='word_1_351' title='bbox 1184 1564 1220 1587; x_wconf 90' lang='lat' dir='ltr'>ac</span> <span class='ocrx_word' id='word_1_352' title='bbox 1247 1553 1276 1587; x_wconf 91' lang='lat' dir='ltr'>in</span> <span class='ocrx_word' id='word_1_353' title='bbox 1301 1562 1462 1601; x_wconf 89' lang='lat' dir='ltr'>posterum</span> <span class='ocrx_word' id='word_1_354' title='bbox 1492 1552 1652 1588; x_wconf 79' lang='lat' dir='ltr'>habendas</span> <span class='ocrx_word' id='word_1_355' title='bbox 1686 1561 1717 1587; x_wconf 89' lang='lat' dir='ltr'>et</span> <span class='ocrx_word' id='word_1_356' title='bbox 1740 1553 1938 1600; x_wconf 81' lang='lat' dir='ltr'>promulgan—</span> 
     </span>
     <span class='ocr_line' id='line_1_73' title="bbox 1184 1601 1938 1651; baseline 0.001 -15"><span class='ocrx_word' id='word_1_357' title='bbox 1184 1602 1251 1643; x_wconf 84' lang='lat' dir='ltr'>das,</span> <span class='ocrx_word' id='word_1_358' title='bbox 1270 1611 1300 1638; x_wconf 89' lang='lat' dir='ltr'>et</span> <span class='ocrx_word' id='word_1_359' title='bbox 1321 1615 1543 1651; x_wconf 88' lang='lat' dir='ltr'>quaecumque</span> <span class='ocrx_word' id='word_1_360' title='bbox 1567 1603 1639 1637; x_wconf 88' lang='lat' dir='ltr'>inde</span> <span class='ocrx_word' id='word_1_361' title='bbox 1663 1610 1770 1637; x_wconf 83' lang='lat' dir='ltr'>secuta</span> <span class='ocrx_word' id='word_1_362' title='bbox 1797 1601 1938 1637; x_wconf 86' lang='lat' dir='ltr'>declara-</span> 
     </span>
     <span class='ocr_line' id='line_1_74' title="bbox 1185 1651 1939 1700; baseline -0.001 -13"><span class='ocrx_word' id='word_1_363' title='bbox 1185 1665 1256 1688; x_wconf 89' lang='lat' dir='ltr'>mus</span> <span class='ocrx_word' id='word_1_364' title='bbox 1283 1654 1379 1698; x_wconf 86' lang='lat' dir='ltr'>nulla,</span> <span class='ocrx_word' id='word_1_365' title='bbox 1411 1653 1494 1689; x_wconf 85' lang='lat' dir='ltr'>irrita</span> <span class='ocrx_word' id='word_1_366' title='bbox 1534 1661 1564 1687; x_wconf 82' lang='lat' dir='ltr'>et</span> <span class='ocrx_word' id='word_1_367' title='bbox 1600 1653 1721 1696; x_wconf 86' lang='lat' dir='ltr'>inania,</span> <span class='ocrx_word' id='word_1_368' title='bbox 1756 1651 1939 1700; x_wconf 89' lang='lat' dir='ltr'>nulliusque</span> 
     </span>
     <span class='ocr_line' id='line_1_75' title="bbox 1185 1701 1938 1739; baseline -0.003 -2"><span class='ocrx_word' id='word_1_369' title='bbox 1185 1703 1326 1738; x_wconf 80' lang='lat' dir='ltr'>extitisse</span> <span class='ocrx_word' id='word_1_370' title='bbox 1376 1703 1422 1739; x_wconf 78' lang='lat' dir='ltr'>vel</span> <span class='ocrx_word' id='word_1_371' title='bbox 1459 1703 1592 1738; x_wconf 86' lang='lat' dir='ltr'>existere</span> <span class='ocrx_word' id='word_1_372' title='bbox 1629 1702 1752 1737; x_wconf 81' lang='lat' dir='ltr'>roboiis</span> <span class='ocrx_word' id='word_1_373' title='bbox 1787 1701 1833 1736; x_wconf 89' lang='lat' dir='ltr'>vel</span> <span class='ocrx_word' id='word_1_374' title='bbox 1862 1714 1938 1736; x_wconf 91' lang='lat' dir='ltr'>mo-</span> 
     </span>
     <span class='ocr_line' id='line_1_76' title="bbox 1186 1752 1938 1800; baseline -0.004 -12"><span class='ocrx_word' id='word_1_375' title='bbox 1186 1753 1296 1797; x_wconf 84' lang='lat' dir='ltr'>menti,</span> <span class='ocrx_word' id='word_1_376' title='bbox 1324 1765 1448 1789; x_wconf 92' lang='lat' dir='ltr'>necnon</span> <span class='ocrx_word' id='word_1_377' title='bbox 1476 1752 1656 1800; x_wconf 89' lang='lat' dir='ltr'>quicquid</span> <span class='ocrx_word' id='word_1_378' title='bbox 1650 1765 1680 1787; x_wconf 84' lang='lat' dir='ltr'>in</span> <span class='ocrx_word' id='word_1_379' title='bbox 1704 1752 1896 1787; x_wconf 86' lang='lat' dir='ltr'>contrarium</span> <span class='ocrx_word' id='word_1_380' title='bbox 1921 1763 1938 1786; x_wconf 89' lang='lat' dir='ltr'>a</span> 
     </span>
     <span class='ocr_line' id='line_1_77' title="bbox 1185 1802 1940 1859; baseline -0.003 -21"><span class='ocrx_word' id='word_1_381' title='bbox 1185 1815 1359 1859; x_wconf 79' lang='lat' dir='ltr'>quoquam,</span> <span class='ocrx_word' id='word_1_382' title='bbox 1415 1803 1524 1850; x_wconf 78' lang='lat' dir='ltr'>quavis</span> <span class='ocrx_word' id='word_1_383' title='bbox 1563 1802 1762 1842; x_wconf 83' lang='lat' dir='ltr'>auctoritate,</span> <span class='ocrx_word' id='word_1_384' title='bbox 1801 1802 1940 1836; x_wconf 84' lang='lat' dir='ltr'>scienter</span> 
     </span>
     <span class='ocr_line' id='line_1_78' title="bbox 1186 1851 1936 1900; baseline -0.003 -12"><span class='ocrx_word' id='word_1_385' title='bbox 1186 1854 1232 1888; x_wconf 74' lang='lat' dir='ltr'>vel</span> <span class='ocrx_word' id='word_1_386' title='bbox 1256 1853 1449 1900; x_wconf 83' lang='lat' dir='ltr'>ignoranter,</span> <span class='ocrx_word' id='word_1_387' title='bbox 1471 1860 1655 1888; x_wconf 85' lang='lat' dir='ltr'>attentatum</span> <span class='ocrx_word' id='word_1_388' title='bbox 1673 1853 1777 1887; x_wconf 80' lang='lat' dir='ltr'>forsan</span> <span class='ocrx_word' id='word_1_389' title='bbox 1794 1860 1841 1886; x_wconf 87' lang='lat' dir='ltr'>est</span> <span class='ocrx_word' id='word_1_390' title='bbox 1862 1851 1936 1886; x_wconf 80' lang='lat' dir='ltr'>liac-</span> 
     </span>
     <span class='ocr_line' id='line_1_79' title="bbox 1186 1901 1938 1950; baseline -0.003 -13"><span class='ocrx_word' id='word_1_391' title='bbox 1186 1911 1290 1948; x_wconf 88' lang='lat' dir='ltr'>tenus,</span> <span class='ocrx_word' id='word_1_392' title='bbox 1314 1903 1359 1938; x_wconf 84' lang='lat' dir='ltr'>vel</span> <span class='ocrx_word' id='word_1_393' title='bbox 1389 1904 1419 1938; x_wconf 87' lang='lat' dir='ltr'>in</span> <span class='ocrx_word' id='word_1_394' title='bbox 1450 1912 1610 1950; x_wconf 83' lang='lat' dir='ltr'>posterum</span> <span class='ocrx_word' id='word_1_395' title='bbox 1637 1901 1803 1948; x_wconf 78' lang='lat' dir='ltr'>contigerit</span> <span class='ocrx_word' id='word_1_396' title='bbox 1830 1909 1938 1935; x_wconf 89' lang='lat' dir='ltr'>atten-</span> 
     </span>
     <span class='ocr_line' id='line_1_80' title="bbox 1186 1951 1935 1994; baseline -0.005 -6"><span class='ocrx_word' id='word_1_397' title='bbox 1186 1953 1256 1994; x_wconf 81' lang='lat' dir='ltr'>tari,</span> <span class='ocrx_word' id='word_1_398' title='bbox 1278 1953 1370 1988; x_wconf 82' lang='lat' dir='ltr'>ctiam</span> <span class='ocrx_word' id='word_1_399' title='bbox 1399 1953 1602 1988; x_wconf 89' lang='lat' dir='ltr'>decernimus</span> <span class='ocrx_word' id='word_1_400' title='bbox 1625 1952 1748 1987; x_wconf 89' lang='lat' dir='ltr'>irritum</span> <span class='ocrx_word' id='word_1_401' title='bbox 1775 1960 1804 1985; x_wconf 90' lang='lat' dir='ltr'>et</span> <span class='ocrx_word' id='word_1_402' title='bbox 1832 1951 1935 1985; x_wconf 86' lang='lat' dir='ltr'>inane.</span> 
     </span>
    </p>

    <p class='ocr_par' dir='ltr' id='par_1_16' title="bbox 1185 2000 1938 2552">
     <span class='ocr_line' id='line_1_81' title="bbox 1235 2000 1938 2047; baseline -0.004 -9"><span class='ocrx_word' id='word_1_403' title='bbox 1235 2007 1250 2047; x_wconf 66' lang='grc' dir='ltr'><strong>ἓ</strong></span> <span class='ocrx_word' id='word_1_404' title='bbox 1276 2007 1309 2038; x_wconf 76' lang='lat'>2.</span> <span class='ocrx_word' id='word_1_405' title='bbox 1338 2003 1377 2038; x_wconf 87' lang='lat' dir='ltr'>Et</span> <span class='ocrx_word' id='word_1_406' title='bbox 1399 2002 1605 2037; x_wconf 88' lang='lat' dir='ltr'>nibilominus</span> <span class='ocrx_word' id='word_1_407' title='bbox 1633 2003 1662 2036; x_wconf 96' lang='lat' dir='ltr'>in</span> <span class='ocrx_word' id='word_1_408' title='bbox 1685 2013 1799 2037; x_wconf 87' lang='lat' dir='ltr'>omues</span> <span class='ocrx_word' id='word_1_409' title='bbox 1829 2008 1860 2036; x_wconf 91' lang='lat' dir='ltr'>et</span> <span class='ocrx_word' id='word_1_410' title='bbox 1876 2000 1938 2035; x_wconf 89' lang='lat' dir='ltr'>sin-</span> 
     </span>
     <span class='ocr_line' id='line_1_82' title="bbox 1185 2051 1936 2100; baseline -0.004 -12"><span class='ocrx_word' id='word_1_411' title='bbox 1185 2053 1276 2100; x_wconf 84' lang='lat' dir='ltr'>gulos</span> <span class='ocrx_word' id='word_1_412' title='bbox 1316 2053 1494 2088; x_wconf 89' lang='lat' dir='ltr'>ordinarios</span> <span class='ocrx_word' id='word_1_413' title='bbox 1531 2065 1567 2087; x_wconf 85' lang='lat' dir='ltr'>ac</span> <span class='ocrx_word' id='word_1_414' title='bbox 1593 2051 1752 2096; x_wconf 83' lang='lat' dir='ltr'>officiales,</span> <span class='ocrx_word' id='word_1_415' title='bbox 1784 2051 1936 2086; x_wconf 88' lang='lat' dir='ltr'>commis-</span> 
     </span>
     <span class='ocr_line' id='line_1_83' title="bbox 1185 2100 1937 2150; baseline -0.005 -12"><span class='ocrx_word' id='word_1_416' title='bbox 1185 2104 1285 2139; x_wconf 88' lang='lat' dir='ltr'>sarios</span> <span class='ocrx_word' id='word_1_417' title='bbox 1307 2111 1337 2139; x_wconf 86' lang='lat' dir='ltr'>et</span> <span class='ocrx_word' id='word_1_418' title='bbox 1371 2103 1534 2149; x_wconf 76' lang='lat' dir='ltr'>delegatos</span> <span class='ocrx_word' id='word_1_419' title='bbox 1561 2114 1684 2143; x_wconf 88' lang='lat' dir='ltr'>eorum,</span> <span class='ocrx_word' id='word_1_420' title='bbox 1702 2101 1755 2150; x_wconf 90' lang='lat' dir='ltr'>qui</span> <span class='ocrx_word' id='word_1_421' title='bbox 1783 2113 1817 2136; x_wconf 81' lang='lat' dir='ltr'>se</span> <span class='ocrx_word' id='word_1_422' title='bbox 1839 2100 1937 2135; x_wconf 85' lang='lat' dir='ltr'>dedi-</span> 
     </span>
     <span class='ocr_line' id='line_1_84' title="bbox 1185 2150 1937 2200; baseline -0.005 -12"><span class='ocrx_word' id='word_1_423' title='bbox 1185 2151 1371 2200; x_wconf 74' lang='lat' dir='ltr'>gnitatibus&#39;</span> <span class='ocrx_word' id='word_1_424' title='bbox 1405 2161 1459 2188; x_wconf 82' lang='lat' dir='ltr'>aut</span> <span class='ocrx_word' id='word_1_425' title='bbox 1509 2152 1669 2188; x_wconf 85' lang='lat' dir='ltr'>beneficiis</span> <span class='ocrx_word' id='word_1_426' title='bbox 1713 2150 1937 2186; x_wconf 86' lang='lat' dir='ltr'>ecclesiasticis</span> 
     </span>
     <span class='ocr_line' id='line_1_85' title="bbox 1185 2200 1937 2251; baseline -0.007 -12"><span class='ocrx_word' id='word_1_427' title='bbox 1185 2204 1452 2251; x_wconf 83' lang='lat' dir='ltr'>quibuscumque,</span> <span class='ocrx_word' id='word_1_428' title='bbox 1479 2203 1579 2238; x_wconf 84' lang='lat' dir='ltr'>officia</span> <span class='ocrx_word' id='word_1_429' title='bbox 1619 2210 1673 2237; x_wconf 81' lang='lat' dir='ltr'>aut</span> <span class='ocrx_word' id='word_1_430' title='bbox 1708 2201 1832 2248; x_wconf 87' lang='lat' dir='ltr'>negotia</span> <span class='ocrx_word' id='word_1_431' title='bbox 1874 2200 1937 2234; x_wconf 81' lang='lat' dir='ltr'>liu-</span> 
     </span>
     <span class='ocr_line' id='line_1_86' title="bbox 1187 2252 1936 2307; baseline -0.004 -19"><span class='ocrx_word' id='word_1_432' title='bbox 1187 2253 1323 2289; x_wconf 89' lang='lat' dir='ltr'>insmodi</span> <span class='ocrx_word' id='word_1_433' title='bbox 1347 2253 1432 2301; x_wconf 84' lang='lat' dir='ltr'>apud</span> <span class='ocrx_word' id='word_1_434' title='bbox 1460 2252 1577 2289; x_wconf 88' lang='lat' dir='ltr'>dictam</span> <span class='ocrx_word' id='word_1_435' title='bbox 1599 2252 1717 2288; x_wconf 85' lang='lat' dir='ltr'>Sedem</span> <span class='ocrx_word' id='word_1_436' title='bbox 1738 2262 1936 2307; x_wconf 83' lang='lat' dir='ltr'>prosequen-</span> 
     </span>
     <span class='ocr_line' id='line_1_87' title="bbox 1187 2300 1938 2352; baseline -0.004 -14"><span class='ocrx_word' id='word_1_437' title='bbox 1187 2304 1262 2339; x_wconf 86' lang='lat' dir='ltr'>tium</span> <span class='ocrx_word' id='word_1_438' title='bbox 1290 2304 1522 2352; x_wconf 87' lang='lat' dir='ltr'>praedictorum</span> <span class='ocrx_word' id='word_1_439' title='bbox 1555 2315 1609 2338; x_wconf 89' lang='lat' dir='ltr'>eos</span> <span class='ocrx_word' id='word_1_440' title='bbox 1643 2301 1703 2336; x_wconf 89' lang='lat' dir='ltr'>illis</span> <span class='ocrx_word' id='word_1_441' title='bbox 1735 2300 1837 2336; x_wconf 85' lang='lat' dir='ltr'>forsan</span> <span class='ocrx_word' id='word_1_442' title='bbox 1871 2301 1938 2348; x_wconf 90' lang='lat' dir='ltr'>pri-</span> 
     </span>
     <span class='ocr_line' id='line_1_88' title="bbox 1187 2350 1937 2402; baseline -0.005 -14"><span class='ocrx_word' id='word_1_443' title='bbox 1187 2355 1299 2394; x_wconf 71' lang='lat' dir='ltr'>i·,ando</span> <span class='ocrx_word' id='word_1_444' title='bbox 1322 2363 1375 2390; x_wconf 87' lang='lat' dir='ltr'>aut</span> <span class='ocrx_word' id='word_1_445' title='bbox 1399 2354 1535 2402; x_wconf 85' lang='lat' dir='ltr'>privatos</span> <span class='ocrx_word' id='word_1_446' title='bbox 1564 2350 1765 2388; x_wconf 85' lang='lat' dir='ltr'>decernendo</span> <span class='ocrx_word' id='word_1_447' title='bbox 1799 2350 1847 2385; x_wconf 80' lang='lat' dir='ltr'>vel</span> <span class='ocrx_word' id='word_1_448' title='bbox 1881 2351 1937 2385; x_wconf 91' lang='lat' dir='ltr'>de-</span> 
     </span>
     <span class='ocr_line' id='line_1_89' title="bbox 1186 2400 1938 2449; baseline -0.004 -11"><span class='ocrx_word' id='word_1_449' title='bbox 1186 2404 1353 2446; x_wconf 75' lang='lat' dir='ltr'>clar-‚ando</span> <span class='ocrx_word' id='word_1_450' title='bbox 1384 2417 1439 2440; x_wconf 89' lang='lat' dir='ltr'>seu</span> <span class='ocrx_word' id='word_1_451' title='bbox 1485 2403 1714 2449; x_wconf 84' lang='lat' dir='ltr'>cuiuscumque</span> <span class='ocrx_word' id='word_1_452' title='bbox 1755 2400 1938 2449; x_wconf 83' lang='lat' dir='ltr'>privationis</span> 
     </span>
     <span class='ocr_line' id='line_1_90' title="bbox 1188 2450 1937 2507; baseline -0.004 -19"><span class='ocrx_word' id='word_1_453' title='bbox 1188 2463 1362 2501; x_wconf 80' lang='lat' dir='ltr'>praetextu,</span> <span class='ocrx_word' id='word_1_454' title='bbox 1391 2454 1442 2489; x_wconf 87' lang='lat' dir='ltr'>illa</span> <span class='ocrx_word' id='word_1_455' title='bbox 1464 2453 1609 2502; x_wconf 88' lang='lat' dir='ltr'>personis</span> <span class='ocrx_word' id='word_1_456' title='bbox 1636 2452 1706 2487; x_wconf 89' lang='lat' dir='ltr'>aliis</span> <span class='ocrx_word' id='word_1_457' title='bbox 1732 2450 1937 2507; x_wconf 81' lang='lat' dir='ltr'>conferendo,</span> 
     </span>
     <span class='ocr_line' id='line_1_91' title="bbox 1187 2500 1938 2552; baseline -0.004 -15"><span class='ocrx_word' id='word_1_458' title='bbox 1187 2516 1243 2538; x_wconf 90' lang='lat' dir='ltr'>seu</span> <span class='ocrx_word' id='word_1_459' title='bbox 1266 2504 1305 2539; x_wconf 89' lang='lat' dir='ltr'>de</span> <span class='ocrx_word' id='word_1_460' title='bbox 1329 2505 1416 2539; x_wconf 87' lang='lat' dir='ltr'>illis</span> <span class='ocrx_word' id='word_1_461' title='bbox 1410 2517 1441 2539; x_wconf 81' lang='lat' dir='ltr'>in</span> <span class='ocrx_word' id='word_1_462' title='bbox 1464 2516 1500 2539; x_wconf 87' lang='lat' dir='ltr'>ea</span> <span class='ocrx_word' id='word_1_463' title='bbox 1527 2501 1767 2552; x_wconf 85' lang='lat' dir='ltr'>quomodolibet</span> <span class='ocrx_word' id='word_1_464' title='bbox 1789 2500 1938 2537; x_wconf 88' lang='lat' dir='ltr'>intromi-</span> 
     </span>
    </p>
   </div>
   <div class='ocr_carea' id='block_1_16' title="bbox 1185 2580 1936 2699">
    <p class='ocr_par' dir='ltr' id='par_1_17' title="bbox 1185 2580 1936 2699">
     <span class='ocr_line' id='line_1_92' title="bbox 1223 2580 1936 2619; baseline -0.009 -7"><span class='ocrx_word' id='word_1_465' title='bbox 1223 2584 1262 2619; x_wconf 85' lang='grc' dir='ltr'>(Ι)</span> <span class='ocrx_word' id='word_1_466' title='bbox 1282 2584 1373 2616; x_wconf 85' lang='lat' dir='ltr'>Quoad</span> <span class='ocrx_word' id='word_1_467' title='bbox 1392 2584 1502 2611; x_wconf 83' lang='lat' dir='ltr'>clericos</span> <span class='ocrx_word' id='word_1_468' title='bbox 1521 2582 1692 2610; x_wconf 72' lang='lat' dir='ltr'>beneficiatos</span> <span class='ocrx_word' id='word_1_469' title='bbox 1720 2584 1842 2617; x_wconf 85' lang='lat' dir='ltr'>respectu</span> <span class='ocrx_word' id='word_1_470' title='bbox 1862 2580 1936 2607; x_wconf 88' lang='lat' dir='ltr'>ordi-</span> 
     </span>
     <span class='ocr_line' id='line_1_93' title="bbox 1187 2620 1936 2658; baseline -0.003 -9"><span class='ocrx_word' id='word_1_471' title='bbox 1187 2623 1332 2655; x_wconf 79' lang='lat' dir='ltr'>nariorum,</span> <span class='ocrx_word' id='word_1_472' title='bbox 1346 2624 1406 2651; x_wconf 82' lang='lat' dir='ltr'>vide</span> <span class='ocrx_word' id='word_1_473' title='bbox 1422 2623 1522 2651; x_wconf 89' lang='lat' dir='ltr'>Concil.</span> <span class='ocrx_word' id='word_1_474' title='bbox 1540 2622 1671 2656; x_wconf 63' lang='lat' dir='ltr'>Trident„</span> <span class='ocrx_word' id='word_1_475' title='bbox 1688 2629 1747 2658; x_wconf 79' lang='lat' dir='ltr'>cap.</span> <span class='ocrx_word' id='word_1_476' title='bbox 1765 2629 1785 2655; x_wconf 85' lang='grc' dir='ltr'>ι,</span> <span class='ocrx_word' id='word_1_477' title='bbox 1802 2628 1868 2649; x_wconf 85' lang='lat' dir='ltr'>sess.</span> <span class='ocrx_word' id='word_1_478' title='bbox 1891 2620 1936 2653; x_wconf 77' lang='lat'>25,</span> 
     </span>
     <span class='ocr_line' id='line_1_94' title="bbox 1185 2663 1484 2699; baseline 0.007 -9"><span class='ocrx_word' id='word_1_479' title='bbox 1185 2667 1211 2690; x_wconf 85' lang='lat' dir='ltr'>et</span> <span class='ocrx_word' id='word_1_480' title='bbox 1228 2671 1286 2699; x_wconf 88' lang='lat' dir='ltr'>cap.</span> <span class='ocrx_word' id='word_1_481' title='bbox 1304 2671 1344 2697; x_wconf 83' lang='lat' dir='ltr'>xi,</span> <span class='ocrx_word' id='word_1_482' title='bbox 1360 2671 1426 2692; x_wconf 80' lang='lat' dir='ltr'>sess.</span> <span class='ocrx_word' id='word_1_483' title='bbox 1439 2663 1484 2692; x_wconf 72' lang='lat'>211.</span> 
     </span>
    </p>
   </div>
   <div class='ocr_carea' id='block_1_17' title="bbox 1949 247 2135 276">
    <p class='ocr_par' dir='ltr' id='par_1_18' title="bbox 1949 247 2135 276">
     <span class='ocr_line' id='line_1_95' title="bbox 1949 247 2135 276; baseline 0.011 -2"><span class='ocrx_word' id='word_1_484' title='bbox 1949 248 1998 274; x_wconf 75' lang='lat' dir='ltr'>An.</span> <span class='ocrx_word' id='word_1_485' title='bbox 2017 247 2045 275; x_wconf 88' lang='lat' dir='ltr'>C</span> <span class='ocrx_word' id='word_1_486' title='bbox 2066 249 2135 276; x_wconf 64' lang='lat'>1452</span> 
     </span>
    </p>
   </div>
   <div class='ocr_carea' id='block_1_18' title="bbox 1949 313 2133 403">
    <p class='ocr_par' dir='ltr' id='par_1_19' title="bbox 1949 313 2132 401">
     <span class='ocr_line' id='line_1_96' title="bbox 1953 313 2132 340; baseline 0.006 -6"><span class='ocrx_word' id='word_1_487' title='bbox 1953 313 2088 340; x_wconf 70' lang='lat' dir='ltr'>privilegium</span> <span class='ocrx_word' id='word_1_488' title='bbox 2097 315 2132 340; x_wconf 76' lang='lat' dir='ltr'>(de</span> 
     </span>
     <span class='ocr_line' id='line_1_97' title="bbox 1949 346 2133 374; baseline 0 -8"><span class='ocrx_word' id='word_1_489' title='bbox 1949 351 1989 374; x_wconf 88' lang='lat' dir='ltr'>quo</span> <span class='ocrx_word' id='word_1_490' title='bbox 2018 347 2038 366; x_wconf 88' lang='lat' dir='ltr'>lu</span> <span class='ocrx_word' id='word_1_491' title='bbox 2063 346 2133 367; x_wconf 85' lang='lat' dir='ltr'>rubri</span> 
     </span>
     <span class='ocr_line' id='line_1_98' title="bbox 1949 376 2034 403; baseline -0.024 -5"><span class='ocrx_word' id='word_1_492' title='bbox 1949 379 1982 403; x_wconf 70' lang='lat' dir='ltr'>ra)</span> <span class='ocrx_word' id='word_1_493' title='bbox 2000 376 2016 401; x_wconf 70' lang='lat' dir='ltr'>kl</span> <span class='ocrx_word' id='word_1_494' title='bbox 2031 392 2034 396; x_wconf 91' lang='lat'>.</span> 
     </span>
    </p>
   </div>
   <div class='ocr_carea' id='block_1_19' title="bbox 1951 1357 2134 1411">
    <p class='ocr_par' dir='ltr' id='par_1_20' title="bbox 1951 1357 2134 1411">
     <span class='ocr_line' id='line_1_99' title="bbox 1963 1357 2134 1379; baseline 0.006 -1"><span class='ocrx_word' id='word_1_495' title='bbox 1963 1357 2029 1378; x_wconf 69' lang='lat' dir='ltr'>Serus</span> <span class='ocrx_word' id='word_1_496' title='bbox 2044 1360 2091 1378; x_wconf 70' lang='lat' dir='ltr'>net·</span> <span class='ocrx_word' id='word_1_497' title='bbox 2102 1359 2134 1379; x_wconf 82' lang='lat' dir='ltr'>tr-</span> 
     </span>
     <span class='ocr_line' id='line_1_100' title="bbox 1951 1391 2048 1411; baseline -0.01 -1"><span class='ocrx_word' id='word_1_498' title='bbox 1951 1391 2048 1411; x_wconf 45' lang='lat' dir='ltr'>rit-ntur,</span> 
     </span>
    </p>
   </div>
   <div class='ocr_carea' id='block_1_20' title="bbox 1950 2004 2137 2092">
    <p class='ocr_par' dir='ltr' id='par_1_21' title="bbox 1950 2004 2137 2092">
     <span class='ocr_line' id='line_1_101' title="bbox 1964 2004 2137 2025; baseline -0.006 -1"><span class='ocrx_word' id='word_1_499' title='bbox 1964 2004 2030 2025; x_wconf 83' lang='lat' dir='ltr'>Secus</span> <span class='ocrx_word' id='word_1_500' title='bbox 2064 2006 2137 2024; x_wconf 74' lang='lat' dir='ltr'>nuen-</span> 
     </span>
     <span class='ocr_line' id='line_1_102' title="bbox 1951 2038 2136 2056; baseline -0.005 -1"><span class='ocrx_word' id='word_1_501' title='bbox 1951 2038 2021 2056; x_wconf 71' lang='lat' dir='ltr'>tauten</span> <span class='ocrx_word' id='word_1_502' title='bbox 2047 2038 2136 2054; x_wconf 78' lang='lat' dir='ltr'>exeom-</span> 
     </span>
     <span class='ocr_line' id='line_1_103' title="bbox 1950 2065 2137 2092; baseline -0.016 -5"><span class='ocrx_word' id='word_1_503' title='bbox 1950 2065 2088 2087; x_wconf 72' lang='lat' dir='ltr'>munic-tion.</span> <span class='ocrx_word' id='word_1_504' title='bbox 2095 2070 2137 2092; x_wconf 74' lang='lat' dir='ltr'>po-</span> 
     </span>
    </p>
   </div>
   <div class='ocr_carea' id='block_1_21' title="bbox 1916 2096 2115 2124">
    <p class='ocr_par' dir='ltr' id='par_1_22' title="bbox 1916 2096 2115 2124">
     <span class='ocr_line' id='line_1_104' title="bbox 1916 2096 2115 2124; baseline -0.005 -7"><span class='ocrx_word' id='word_1_505' title='bbox 1916 2101 1922 2107; x_wconf 68' lang='lat'><em>⁶</em></span> <span class='ocrx_word' id='word_1_506' title='bbox 1951 2103 1978 2117; x_wconf 76' lang='lat' dir='ltr'>nn</span> <span class='ocrx_word' id='word_1_507' title='bbox 1993 2096 2115 2124; x_wconf 75' lang='lat' dir='ltr'>puniuntur.</span> 
     </span>
    </p>
   </div>
  </div>
 </body>
</html>
