2281 3251
227 262 275 288 An.
294 259 321 287 C.
341 259 405 287 ta87

289 2381 405 2403 Eam-tium.

474 249 543 282 550

424 389 596 434 Αηιρίιάιιό
622 388 741 431 colleqii
766 399 819 420 ses
845 386 1074 419 secretariorum
1096 397 1173 429 apo-

473 439 649 472 stolicorum
671 438 712 470 ad
735 448 893 470 nutrierunt
912 435 1174 479 vi'yintr'qnatttor,

473 497 498 522 et
512 488 686 532 praefinitio
708 488 803 531 officii
830 487 917 519 unius
940 486 1095 518 secretarii
1112 486 1174 517 ‹Io-

476 539 603 577 mesti'ci',
623 550 689 570 cunt
711 537 979 570 emolumentorum
1003 542 1065 568 tam
1082 535 1174 578 ipsius

475 588 630 622 secretarii
655 599 747 632 quaen
777 586 866 618 totins
889 585 1011 629 cotteyii
1026 611 1034 625 ,
1052 584 1176 629 piabile-

476 640 656 683 9iorumque
683 636 880 670 concessione.

692 705 907 737 Stjatxtatttun

429 772 594 802 Exordium.
613 788 652 793 —
668 771 695 800 1.
712 769 821 799 Callist.
841 768 876 798 lll
900 773 928 798 et
946 768 1014 798 l'ius
1031 767 1053 797 ll
1077 777 1178 797 secrc-

469 817 610 846 lariorum
630 824 786 844 numerum
809 814 844 843 ad
868 822 918 842 sex
936 813 1124 843 reduxerunt.
1143 829 1182 834 —

468 862 495 890 2.
515 859 566 889 llic
590 860 675 889 modo
693 858 785 893 l'ont„
802 868 834 887 ex
854 866 942 887 causa
967 857 1013 886 hic
1034 866 1181 896 expressa,

470 913 624 934 numerum
653 908 740 942 anget
758 903 792 932 ud
807 911 930 937 xxm—
948 902 974 931 3.
993 902 1048 936 Qui
1068 902 1180 931 consti-

469 954 551 979 tuant
582 948 739 986 collegium
753 971 759 983 ‚
791 952 820 976 et
852 955 954 976 ornnes
986 946 1184 984 parisoriniter

470 996 535 1024 eius
559 994 681 1024 indultis
699 998 827 1029 utantur,
845 1009 884 1014 --
900 992 928 1021 ⁴l.
944 991 1116 1030 statutaque
1133 1000 1183 1029 pro

471 1040 594 1078 collegio
623 1038 791 1074 conficiant,
819 1054 858 1059 —
888 1037 915 1065 5.
943 1036 1183 1066 vicecancellarii

471 1083 612 1114 officiales
642 1083 710 1119 sint,
731 1099 770 1104 -
793 1083 820 1111 t).
838 1081 993 1120 Papaeque
1017 1081 1076 1110 veri
1100 1081 1185 1111 lanii-

472 1129 572 1166 liares3
601 1144 640 1150 —
672 1128 697 1156 7.
722 1127 853 1157 llabeant
875 1126 904 1155 in
934 1125 1044 1155 Palatio
1072 1125 1185 1161 locum,

472 1175 522 1215 qui
535 1173 699 1203 Secretaria
719 1177 847 1202 vocetur.
865 1188 903 1193 —
919 1170 945 1200 8.
963 1170 1062 1200 llullas
1083 1170 1118 1200 ad
1135 1179 1185 1199 eos

474 1223 589 1259 portent
605 1217 817 1257 plumbatores,
834 1220 884 1245 etc.
899 1232 937 1237 -—
949 1216 976 1244 9.
990 1214 1103 1244 Literae
1119 1224 1187 1253 apo-

475 1263 597 1294 stolicae
619 1262 710 1301 gratis
734 1271 784 1300 pro
803 1261 846 1291 eis
866 1261 1066 1301 expediantur.
1084 1277 1123 1282 —
1141 1259 1185 1289 to.

475 1309 620 1339 Absentes
644 1316 695 1345 pro
718 1305 925 1346 praesentibus
949 1304 1122 1334 habeantur.
1150 1320 1189 1326 -

477 1355 522 1384 ll.
539 1353 577 1382 De
596 1351 701 1382 officiis
720 1350 812 1380 libere
831 1350 999 1389 disponant.
1017 1365 1056 1370 —
1075 1348 1121 1377 1⁹2.
1139 1348 1189 1378 Se-

476 1399 522 1428 dis
545 1399 645 1436 Apost.
669 1395 775 1425 notarii
798 1399 980 1433 reputentur.
997 1409 1036 1415 —
1060 1392 1105 1421 13.
1128 1391 1188 1420 lla-

476 1444 569 1473 bitum
588 1452 603 1471 a
625 1439 868 1470 vicecancellario
888 1437 1062 1477 suscipiant.
1083 1453 1122 1458 —
1142 1436 1187 1465 14.

477 1487 559 1517 Unus
583 1495 616 1515 ex
643 1485 671 1515 d.
696 1484 820 1522 collegio
843 1483 887 1513 rel
909 1482 986 1512 alius
1011 1482 1041 1510 in
1064 1485 1191 1510 secreta—

478 1532 554 1562 rium
578 1529 774 1560 domesticum
795 1527 888 1567 Papae
911 1537 926 1556 a
953 1525 1076 1564 collegio
1095 1525 1190 1564 depu-

479 1581 565 1606 tetur.
583 1591 622 1597 —
640 1574 686 1603 115.
709 1571 913 1602 Emolumenta
933 1571 976 1600 eis
1003 1570 1193 1607 assignantur

479 1622 515 1651 de
539 1618 670 1655 minutis,
701 1634 739 1638 —
762 1616 808 1646 to.
833 1615 865 1646 Et
893 1616 928 1645 de
956 1613 1192 1654 expeditionibus

480 1665 631 1694 literarum
659 1660 901 1700 apostolicarum,
922 1676 961 1681 --
984 1659 1030 1688 17.
1057 1657 1193 1697 Taxaque

482 1708 613 1738 brevium
633 1705 874 1745 apostolicorum.
901 1721 939 1725 —
964 1704 1007 1732 18.
1030 1702 1194 1732 Declaratio

483 1754 562 1782 circa
580 1751 757 1781 solutionem
775 1749 918 1779 dictarum
939 1753 1131 1778 taxarum.—-
1149 1748 1194 1777 19.

483 1797 616 1828 Officium
639 1794 778 1825 revisuris
805 1803 917 1823 arcium
940 1798 990 1823 etc.
1015 1793 1043 1821 d.
1072 1792 1195 1830 collegio

484 1843 662 1880 assignatur.
695 1857 734 1862 —
765 1839 811 1869 20.
841 1839 943 1868 Forma
978 1837 1195 1868 distributionis

485 1886 760 1917 emolumentorum.
793 1901 831 1906 —
852 1884 899 1913 121.
929 1882 1090 1912 Declaratio
1119 1881 1196 1911 cirea

485 1926 697 1966 expeditiones,
731 1929 787 1953 tani
812 1924 902 1953 saetas
925 1932 1011 1962 quam
1037 1922 1196 1951 faciendas.

485 1985 524 1990 —
545 1966 592 1996 2-2.
611 1965 675 1995 Alia
699 1964 856 1994 declaratio
879 1964 956 1993 circa
979 1962 1197 1992 renovationem

487 2006 697 2047 expeditorum.
719 2021 757 2026 —
784 2004 833 2033 ⁹23.
853 2003 1035 2033 Assicuratio
1054 2002 1101 2032 dd.
1121 2011 1199 2031 emo-

489 2049 697 2078 lumentorum.
711 2043 987 2074 —12-l·.Executores
1005 2042 1094 2072 buius
1110 2042 1199 2072 bullae

488 2090 616 2128 deputat.
644 2103 682 2109 —
713 2085 872 2115 Contrariis
905 2084 1033 2119 derogat.
1062 2100 1100 2104 —
1124 2082 1200 2112 Sub—

489 2130 609 2169 scriptio
632 2129 687 2159 l'l‘.
707 2145 745 2150 —
766 2126 911 2156 Cardinal.
936 2124 1179 2163 subscriptiones.

487 2199 656 2230 Innocentius
675 2198 817 2234 episcopus
836 2202 930 2225 servus
947 2201 1088 2223 servorum
1107 2193 1165 2226 Dei.

601 2250 634 2278 ad
649 2250 809 2284 perpetuam
825 2247 866 2276 rei
884 2245 1052 2275 memoriam.

501 2314 569 2349 Non
598 2313 691 2348 debet
718 2310 961 2359 reprehensibile
984 2308 1133 2352 iudicari,
1163 2308 1203 2353 si,

451 2364 626 2401 secundum
664 2363 840 2398 varietatem
869 2370 1063 2408 temporum,
1091 2367 1202 2393 statuta

453 2414 642 2463 quandoque
665 2413 820 2448 varientur
844 2412 997 2450 humana,
1022 2409 1202 2457 praesertim

454 2479 525 2502 cum
543 2478 658 2513 urgens
681 2464 850 2499 necessitas
869 2462 914 2497 vel
939 2461 1067 2496 evidens
1089 2459 1204 2494 utilitas

455 2525 486 2553 et
506 2516 583 2552 aliae
605 2513 806 2550 rationabiles
827 2524 939 2549 causae
960 2511 990 2546 id
1013 2518 1204 2558 exposcunt:

456 2566 606 2614 quoniam
626 2565 692 2613 ipse
707 2564 793 2600 Deus
816 2576 853 2599 ex
876 2563 936 2605 his,
958 2574 1038 2611 quae
1060 2561 1090 2596 in
1110 2560 1206 2595 reteri

458 2618 661 2653 Testamento
682 2623 855 2660 statuerat,
880 2614 982 2662 aliqua
1016 2611 1147 2648 mutavit
1179 2611 1207 2645 in

459 2679 549 2703 novo.

1037 256 1222 280 numium!
1246 255 1406 279 ROMANUM

1980 254 2030 281 An.
2049 253 2078 280 C.
2096 253 2162 280 ¹087

1263 310 1283 357 g
1308 315 1338 344 l.
1359 309 1486 345 Dudum
1500 309 1655 356 siquidem
1671 308 1962 344 nonnulliRomani
1992 319 2069 339 ‹zain-<r
2095 318 2122 338 ιιι
2145 323 2164 338 οι

1217 360 1384 395 Pontifices
1409 359 1666 406 praedecessores
1689 359 1800 403 nostri,
1820 371 1881 393 non
1906 359 1966 393 mi-
1982 349 2168 401 f]‡¹,{„‚s,¹„'.f[,'.‘,2'0s

1217 423 1276 444 nus
1296 418 1329 444 ut
1350 410 1431 444 viros
1447 409 1605 443 industres
1619 409 1676 444 sibi
1700 409 1866 455 eligerent,
1879 420 1966 455 quo-
1983 419 2026 433 '¹¹⁰¹
2042 413 2065 432 ⁴¹⁴¹
2079 418 2114 432 *⁰¹
2133 417 2168 432 ¹⁸<

1219 473 1286 494 runi
1314 471 1420 505 opera,
1446 459 1475 492 in
1511 458 1604 493 rebus
1638 459 1761 505 magnis
1793 467 1823 493 et
1850 458 1968 497 arduis.
1984 445 2095 464 ⁶¹¹m¹¹¹¹¹⁴

1218 509 1418 557 Apostolicae
1451 508 1542 543 Sedis
1577 508 1729 543 honorem
1746 536 1755 553 ,
1791 516 1907 543 statum
1940 517 1971 543 et

1219 559 1436 603 commodum,
1463 570 1498 593 ac
1529 557 1723 593 orthodoxae
1759 558 1831 592 fidei
1868 558 1970 593 incre-

1221 618 1362 644 mentum
1379 607 1657 648 concernentibus,
1668 608 1711 642 uti
1723 616 1863 655 possent,
1876 620 1970 655 quam

1222 672 1276 707 pro
1300 659 1498 705 negotiorum
1527 656 1755 704 magnitudine,
1778 666 1808 692 et
1827 657 1972 693 celeriori

1221 709 1258 744 ad
1276 708 1443 756 praefatam
1463 706 1578 742 Sedem
1595 706 1824 742 confluentium
1841 707 1975 754 expedi-

1224 759 1319 804 tione,
1338 756 1590 805 quamplurimos
1612 768 1722 791 eorum
1738 756 1902 803 obsequiis
1917 757 1975 792 ad-

1224 809 1355 843 hibuere
1371 806 1566 845 secretarios,
1594 818 1675 853 quos
1696 806 1900 852 postmodum
1922 806 1974 842 fel.

1224 858 1347 893 record.
1381 857 1530 892 Callistus
1557 855 1599 890 Ill
1626 864 1658 891 et
1675 856 1753 891 Pius
1774 855 1814 901 ll,
1842 855 1976 891 Romani

1223 908 1409 948 Pontifices,
1439 906 1696 954 praedecessores
1723 905 1835 950 nostri,
1849 906 1915 941 sive
1936 905 1977 941 ob

1226 958 1410 993 tenuitatem
1434 956 1722 991 emolumentorum
1745 955 1838 990 dictis
1865 967 1978 991 secre-

1227 1008 1314 1044 tariis
1329 1008 1573 1053 assignatorum,
1589 1005 1655 1040 sive
1667 1018 1705 1041 ex
1724 1004 1792 1040 aliis
1806 1005 1909 1041 causis
1924 1017 1979 1040 eos

1226 1058 1265 1093 ad
1288 1058 1318 1092 id
1335 1056 1547 1095 moventibus,
1561 1055 1599 1090 ad
1619 1068 1674 1091 sex
1691 1055 1871 1091 successive
1884 1055 1979 1091 redu-

1229 1116 1354 1143 xerunt.

1278 1158 1298 1205 ἓ
1325 1160 1358 1191 2.
1383 1157 1448 1191 Nos
1477 1164 1594 1197 autem,
1622 1156 1677 1204 qui
1708 1155 1863 1203 superiori
1886 1167 1980 1195 anno,
2009 1165 2169 1186 ιιιειιιοιιονιιιι

1229 1208 1304 1242 duni
1334 1215 1437 1242 nostra
1462 1206 1560 1247 Urbs,
1589 1206 1619 1240 in
1653 1218 1714 1254 qua
1741 1217 1813 1241 cum
1836 1205 1979 1240 Romana
1996 1198 2179 1255 {JJe‘gJJJJssJf

1229 1257 1326 1293 Curia
1350 1257 1444 1293 ctiam
1467 1264 1542 1291 tunc
1568 1255 1799 1298 residebamus,
1822 1267 1876 1302 per
1899 1267 1980 1290 non-
1996 1266 2040 1295 ινφ
2055 1262 2127 1295 ‚ww
2154 1259 2179 1279 ³⁶

1232 1307 1334 1342 nullas
1361 1315 1470 1354 gentes
1492 1306 1664 1352 armigeras
1690 1304 1849 1340 hostiliter
1871 1305 1982 1352 oppri—
1997 1291 2068 1317 ΝΜ

1233 1365 1382 1398 merctur,
1405 1368 1460 1403 pro
1483 1355 1567 1390 illius
1588 1355 1627 1390 ab
1648 1354 1909 1402 oppressionibus
1920 1354 1982 1389 hu-

1233 1407 1370 1442 iusmodi
1399 1405 1596 1447 liberatione,
1615 1405 1746 1452 grandia
1769 1404 1877 1440 subire
1899 1416 1983 1439 com-

1235 1457 1314 1504 pulsi
1339 1456 1456 1491 suimus
1477 1467 1572 1490 onera
1600 1467 1824 1501 expensarum,
1842 1454 1880 1489 ad
1903 1466 1983 1502 quae

1233 1519 1305 1542 cum
1333 1505 1494 1541 Romanae
1519 1504 1680 1540 Ecclesiae
1720 1504 1886 1540 facultates
1919 1516 1982 1539 non

1234 1556 1426 1600 sufficerent,
1441 1554 1587 1589 mithram
1612 1553 1835 1602 pontificalem,
1852 1566 1983 1601 regnum

1236 1613 1465 1652 nuncupatum,
1479 1613 1510 1640 et
1522 1604 1579 1639 alia
1595 1603 1828 1652 quamplurima
1841 1603 1984 1639 eiusdem

1236 1656 1397 1691 Ecclesiae
1417 1654 1526 1690 iocalia
1545 1655 1698 1702 preciosa,
1717 1666 1813 1689 aurea
1833 1662 1865 1690 et
1878 1666 1986 1700 argen-

1236 1714 1297 1751 tea,
1320 1705 1452 1741 diversis
1475 1704 1701 1739 mercatoribus
1722 1704 1838 1739 dictam
1855 1703 1985 1739 Curiam

1237 1755 1457 1803 sequentibus,
1473 1767 1529 1802 pro
1541 1753 1674 1789 diversis
1687 1753 1893 1802 pecuniarum
1905 1766 1988 1789 sum-

1239 1807 1311 1851 mis,
1326 1805 1364 1840 ad
1386 1804 1591 1852 quantitatem
1614 1804 1691 1839 forte
1707 1812 1834 1839 centum
1854 1803 1988 1838 millium

1238 1856 1423 1891 ducatorum
1440 1854 1505 1889 auri
1526 1854 1564 1888 de
1580 1852 1713 1888 Camera
1728 1853 1985 1894 ascendentibus,

1240 1905 1500 1953 pignerat-imus;
1527 1915 1607 1951 quae
1623 1930 1632 1948 ,
1659 1916 1731 1938 cum
1766 1903 1932 1939 commode
1954 1915 1991 1938 ex

1240 1956 1340 1990 dictae
1354 1954 1515 1990 Ecclesiae
1526 1953 1731 2000 proventibus
1742 1953 1802 1989 iam
1825 1952 1993 1988 exhaustis

1243 2005 1352 2040 redimi
1377 2016 1440 2039 non
1469 2012 1610 2051 possent,
1632 2015 1691 2038 nos
1717 2010 1882 2051 sperantes
1907 2002 1992 2050 quod

1242 2055 1268 2090 si
1296 2054 1335 2090 ad
1363 2053 1501 2089 officium
1530 2052 1715 2088 eorumdem
1739 2053 1994 2093 secretariorum,

1245 2118 1366 2159 praetor
1387 2117 1418 2144 et
1442 2108 1520 2143 ultra
1542 2108 1644 2144 dictos
1659 2120 1726 2153 sex,
1748 2107 1858 2143 decem
1874 2116 1905 2143 et
1923 2116 1994 2143 octo

1245 2164 1384 2214 praelati,
1406 2172 1436 2199 et
1453 2163 1483 2198 in
1509 2163 1661 2210 dignitate
1682 2161 1891 2198 ecclesiastica
1918 2174 1995 2198 con-

1244 2220 1368 2255 stitutae
1396 2230 1548 2266 personae
1566 2225 1816 2259 assumerentur,
1833 2225 1863 2252 et
1883 2229 1996 2252 omnes

1245 2274 1338 2310 sinnil
1363 2286 1419 2322 pro
1446 2271 1663 2320 redemptione
1691 2270 1825 2306 mithrae
1852 2279 1882 2307 et
1910 2271 1996 2306 ioca-

1246 2329 1323 2363 lium
1345 2328 1586 2376 praedictorum,
1602 2326 1641 2361 de
1656 2338 1765 2361 eorum
1784 2325 1996 2371 facultatibus,

1248 2397 1349 2431 usque
1365 2383 1402 2419 ad
1420 2394 1577 2418 summam
1593 2381 1754 2429 sexaginta
1769 2381 1906 2417 duorum
1924 2380 1997 2416 mil-

1248 2441 1322 2476 lium
1345 2447 1375 2474 et
1401 2437 1703 2486 quadringentorum
1722 2437 1912 2472 florenorum
1928 2435 1996 2472 auri

1249 2496 1288 2531 de
1306 2494 1436 2530 Camera
1457 2492 1668 2541 persolverent
1689 2500 1720 2527 et
1747 2491 1997 2536 contribuerent,

1250 2550 1548 2597 assignarenturque
1569 2547 1627 2592 eis,
1649 2546 1742 2582 etiam
1765 2545 1804 2582 de
1825 2557 1906 2581 novo
1921 2557 1998 2581 con-

1251 2605 1405 2641 venientia
1432 2603 1643 2640 emolumenta
1660 2630 1668 2643 ,
1695 2614 1732 2638 ex
1761 2600 1888 2650 quibus,
1915 2600 1998 2636 iuxta

1252 2660 1411 2707 dignitatis
1443 2671 1551 2696 eorum
1574 2657 1776 2706 exigentiam,
1802 2667 1911 2692 eorum
1934 2663 1999 2691 sta—
