2281 3251
212 261 276 287 Ἀπι.
290 259 321 284 C.
344 258 404 285 lMl

245 918 344 944 situsque
371 923 416 936 um-

232 955 271 970 nu
290 950 416 969 auctoritate

233 980 341 1007 pontificia
363 984 417 1000 cou-

232 1014 337 1037 greg-lai.

251 1460 325 1481 kunnu
342 1464 421 1480 conso-

236 1494 338 1513 cunonis

249 2172 426 2195 Pauisirtuceus,

242 2204 271 2226 ntl
297 2202 370 2227 refert,
402 2207 427 2221 un

244 2235 319 2257 eodem
334 2232 369 2254 vel
388 2232 428 2253 he-

242 2271 315 2289 sterno
330 2265 364 2285 «tte
375 2269 430 2284 con-

242 2297 310 2318 lectus
326 2297 360 2320 sit:

474 247 521 280 64

426 312 612 358 Agatltonis,
637 308 889 357 praedecessoris
906 307 1015 349 nostri,
1038 315 1068 340 et
1083 305 1178 339 Con-

426 362 568 404 stantini,
589 360 690 407 quarti
720 359 813 393 liuius
846 357 995 392 nonium.
1028 354 1179 400 principis

427 419 664 457 congregatam,
686 410 714 443 in
737 420 797 455 qua
820 406 967 441 Maeliarii
987 403 1177 439 Antioclieni

427 470 456 494 et
480 469 670 494 sectatorum
694 457 833 492 baert-sis
855 456 1061 490 condemnata
1076 461 1134 494 est,
1149 461 1177 485 et

428 510 592 544 delinitum
633 516 692 546 est,
729 508 765 541 in
795 506 932 540 Domino
969 511 1075 537 nostro
1110 501 1178 535 lesu

428 559 555 594 Cliristo
583 558 662 592 duas
692 569 760 591 esse
791 556 944 602 perlectas
982 553 1180 597 integrasque

429 618 555 643 naturas
577 617 606 642 et
629 608 707 640 duas
730 605 929 652 operationes
945 631 952 642 ,
980 602 1058 635 duas
1086 601 1179 634 etium

430 659 616 697 voluntates,
636 656 706 690 licet
729 663 811 690 esset
832 666 891 687 unu
914 653 1087 698 eademqne
1110 662 1182 696 pcr-

428 721 517 747 sona,
541 708 590 740 cui
619 707 784 751 utriusque
810 712 937 738 naturae
965 708 1181 747 competerent

429 759 581 796 actiones,
604 755 717 789 deitate
735 763 846 799 agente
869 763 948 799 quac
971 749 1027 784 Dei
1050 757 1136 790 sunt,
1153 757 1182 782 et

431 807 624 840 humanitate
647 816 726 851 quae
749 802 887 837 bominis
908 809 992 835 sunt.

479 856 499 902 g
521 857 578 889 23.
602 853 813 900 Aniplectitur
833 852 942 889 etiam,
967 858 1133 883 teneratur
1154 856 1183 881 et

431 906 562 951 suscipit
590 915 701 938 omnes
722 902 798 936 alias
821 900 1013 935 universales
1035 896 1182 945 synodos,

432 955 614 989 auctoritate
628 952 763 987 Romani
783 950 946 985 Pontilicis
962 948 1099 994 legitime
1112 958 1185 980 con-

432 1012 576 1050 gregatus
601 1015 637 1038 ac
659 1001 832 1037 celebratas
859 1009 887 1033 ct
916 998 1128 1035 contii-matus,
1155 1004 1185 1030 et

434 1053 615 1100 praesertim
639 1052 719 1086 lianc
741 1059 878 1085 sanctam
904 1047 1132 1084 Florentinum,
1153 1046 1182 1080 in

433 1115 505 1150 qua,
520 1104 601 1136 inter
622 1101 693 1144 alia,
707 1101 901 1135 Graecorum
926 1106 954 1132 et
971 1097 1184 1131 Armeniorum

432 1153 631 1187 sanctissima
655 1150 731 1184 unio
754 1156 970 1184 consummata
988 1155 1048 1190 est,
1070 1146 1186 1180 etmul-

434 1211 481 1236 tae
505 1202 585 1235 eirca
609 1210 773 1247 utramque
797 1199 948 1233 unionem
969 1196 1186 1231 saluberrimae

433 1251 636 1285 definitiones
659 1250 760 1284 editae
783 1256 868 1290 sunt,
884 1255 977 1294 prout
1002 1246 1031 1280 in
1052 1245 1187 1280 decretis

434 1301 574 1348 desuper
609 1299 816 1348 promulgatis
850 1297 973 1344 plenius
995 1296 1187 1335 continetur;

435 1363 571 1397 quorum
588 1359 677 1383 tenor
694 1349 722 1383 in
739 1346 1186 1392 hunc1110‹tumsequitur(t).

485 1400 579 1446 §⁹24.
596 1398 726 1436 Verum,
742 1398 815 1444 quia
840 1397 868 1430 iu
893 1395 1110 1443 suprascripto
1128 1394 1186 1428 (le—

437 1458 522 1484 creto
538 1450 749 1483 Armenoc-nin
769 1459 828 1481 non
846 1454 891 1480 est
912 1445 1066 1492 explicata
1090 1444 1187 1478 forma

439 1499 616 1539 verborum,
643 1497 772 1545 quibus,
788 1497 818 1530 iu
843 1495 1081 1530 consecratione
1109 1493 1190 1527 Cor-

438 1548 523 1594 poris
552 1556 581 1582 et
608 1547 781 1593 Sanguinis
816 1545 964 1583 Domini,
992 1551 1188 1579 sacrosancta

438 1597 578 1632 Romana
616 1597 770 1635 Ecclesia,
790 1594 1017 1642 Apostolorum
1046 1592 1189 1627 doctrina

436 1657 466 1681 et
482 1648 666 1682 auctoritate
690 1647 821 1684 firmata,
843 1657 969 1692 semper
991 1644 1035 1678 uti
1055 1655 1191 1678 consue-

438 1706 539 1735 verat,
564 1696 648 1731 illam
678 1695 896 1743 praesentibus
926 1694 1077 1728 duximus
1104 1693 1191 1728 inse-

439 1746 580 1781 rendam.
603 1746 636 1780 In
667 1744 905 1780 consecratione
938 1743 1092 1790 Corporis
1118 1742 1193 1778 Do-

439 1796 534 1833 mini,
564 1795 621 1830 ltac
657 1796 753 1829 utitur
785 1794 882 1828 forma
912 1793 1090 1828 verborum.
1126 1794 1194 1827 Hoc

437 1853 478 1879 est
511 1847 591 1878 enim
614 1846 731 1890 Corpus
762 1856 872 1878 meum.
901 1843 1074 1888 Sanguinis
1107 1854 1191 1877 vero.

439 1895 501 1928 Ilt'c
526 1903 569 1928 est
595 1896 673 1928 em‘m
708 1896 794 1928 calix
815 1894 988 1937 sanqui'm‘s
1014 1894 1090 1930 mei,
1123 1894 1196 1926 ttovt'

438 1953 464 1978 et
497 1946 615 1978 aeterni
653 1945 850 1981 Testamenti,
886 1943 1063 1987 mysterium
1098 1943 1191 1987 fidei,

439 2000 494 2043 qui
511 2010 571 2043 pro
597 1999 682 2032 vobis
703 2006 729 2032 et
749 2011 807 2043 pro
833 1998 938 2030 multis
959 1997 1132 2043 eslimdetur
1163 1998 1194 2030 in

439 2063 646 2085 remissionem
666 2060 870 2097 peccatorum.

489 2110 504 2148 ξ
527 2107 584 2140 25.
601 2106 697 2141 Panis
720 2118 792 2141 vero
817 2105 971 2144 triticeus,
995 2104 1024 2138 in
1048 2116 1112 2151 quo
1134 2104 1195 2138 Sa-

440 2169 637 2195 cramentum
660 2161 837 2200 coniicitur,
859 2172 897 2194 an
918 2171 955 2193 eo
977 2158 1040 2199 die,
1062 2171 1100 2193 an
1124 2167 1195 2193 ante

441 2213 591 2250 decoctus
600 2215 648 2259 sit,
659 2214 737 2248 nibil
754 2215 885 2248 omnino
900 2211 1195 2248 refeerummodo

441 2269 526 2302 enirn
552 2269 641 2316 panis
660 2268 833 2303 substantia
858 2275 993 2310 mancat,
1017 2267 1196 2301 nullatenus

441 2322 651 2357 dubitandum
676 2332 722 2357 est
745 2323 832 2370 quin,
856 2330 925 2369 post
943 2321 1079 2369 praefata
1100 2322 1195 2357 verba

442 2377 693 2412 consecrationis
715 2377 867 2424 Corporis
889 2389 903 2410 a
934 2375 1098 2410 sacerdote
1123 2389 1194 2410 cuni

443 2431 618 2466 intentione
641 2431 829 2466 conficiendi
851 2431 980 2478 prolata,
1005 2442 1076 2464 mox
1100 2431 1130 2464 in
1148 2443 1196 2465 ve-

443 2497 512 2519 rum
536 2484 652 2520 Cltristi
675 2485 802 2532 Corpus
826 2485 1132 2520 transubstantictur.

478 2558 517 2591 (t)
548 2555 687 2583 Omittitur
713 2556 820 2582 insertio
849 2555 991 2588 bullarum,
1020 2559 1072 2582 tam
1094 2555 1198 2582 unionis

443 2602 628 2633 Graecorum,
659 2607 739 2636 quam
768 2600 967 2632 Armenorum,
994 2601 1055 2635 quia
1076 2599 1198 2635 leguntur

444 2646 575 2682 superius,
596 2652 655 2680 pag.
674 2645 707 2671 59
735 2649 759 2672 et
775 2644 820 2671 lu.

1006 252 1106 275 Bl'lLA
1113 250 1194 273 111le
1224 248 1385 272 nost-ANUM

1271 304 1290 349 g
1325 304 1382 337 26.
1418 302 1583 344 Quoniam«
1615 298 1785 334 nonnullos
1824 296 1977 333 asseritur

1221 366 1348 403 quartas
1391 357 1515 404 nuptias
1552 365 1711 401 tamquam
1749 352 1978 388 condemnatas

1223 422 1382 456 respuere,
1407 423 1445 445 ne
1474 418 1638 457 peccatum
1668 407 1719 441 nbi
1744 419 1806 441 non
1833 415 1880 440 est
1908 416 1978 439 esse

1224 472 1361 509 putetur,
1379 477 1464 503 cum,
1479 462 1654 499 secundum
1678 462 1881 508 Apostolum,
1897 472 1980 495 mor-

1224 525 1276 549 tuo
1301 518 1377 557 tiro,
1406 519 1520 552 inulier
1541 518 1579 551 sit
1607 516 1646 551 ab
1668 516 1736 549 eius
1764 514 1833 560 lege
1864 514 1978 558 soluta,

1223 580 1253 604 et
1279 572 1417 606 nubendi
1438 573 1487 606 cui
1506 572 1569 606 vult
1592 571 1621 604 in
1641 569 1780 604 Domino
1799 569 1911 604 ltabeat
1933 568 1979 604 la-

1224 625 1386 668 cultatem,
1417 639 1474 660 nec
1496 625 1672 671 distinguat
1706 633 1831 659 mortuo
1864 625 1979 672 primo,

1224 679 1366 714 secundo
1384 680 1429 714 vel
1454 680 1558 720 tertio,
1574 679 1774 714 declaramus
1798 691 1860 713 non
1875 678 1978 714 solum

1225 733 1380 768 secundas
1398 761 1406 777 ,
1437 734 1492 768 sed
1521 733 1629 768 tertias
1655 741 1685 768 ct
1720 741 1847 778 quartas
1887 741 1981 781 atque

1227 788 1402 831 ulteriores,
1425 789 1448 822 si
1477 787 1602 835 aliquod
1632 786 1896 834 impedimentum
1925 799 1982 822 ca·

1226 841 1374 875 nonicum
1397 854 1458 876 nou
1482 841 1596 882 obstat,
1615 841 1698 875 licite
1713 839 1855 875 contrahi
1876 853 1980 888 posse.

1226 894 1522 931 Commendatiores
1549 904 1652 930 tamen
1680 894 1828 938 dicimus,
1851 895 1875 929 si
1898 896 1984 931 ulte-

1228 950 1292 984 rius
1314 962 1329 984 a
1353 951 1499 997 coniugio
1526 950 1745 992 abstinentes,
1773 949 1802 983 in
1839 950 1982 987 castitate

1228 1005 1471 1048 permanserint,
1494 1005 1566 1051 quia
1589 1004 1671 1039 sicut
1694 1002 1906 1049 virginitatem
1935 1005 1983 1039 vi-

1227 1057 1370 1099 duitati,
1412 1060 1450 1093 ita
1486 1058 1607 1106 nuptiis
1644 1067 1760 1092 castam
1798 1057 1983 1095 viduitatem

1228 1111 1320 1147 laude
1342 1125 1378 1147 ac
1406 1112 1517 1147 merito
1541 1111 1779 1160 praeferendam
1808 1124 1878 1148 esse
1901 1125 1986 1149 cen-

1228 1180 1345 1202 semus.

1278 1220 1298 1268 g
1320 1223 1377 1256 ⁶27.
1401 1221 1458 1256 His
1481 1220 1632 1256 omnibus
1653 1220 1830 1267 explicatis,
1859 1221 1985 1267 praedi-

1229 1284 1297 1310 ctus
1320 1276 1464 1310 Andreas
1486 1275 1593 1319 abbas,
1630 1275 1759 1309 nomine
1787 1273 1861 1310 dicti
1887 1277 1985 1323 patri-

1229 1328 1341 1364 archae
1369 1343 1403 1364 ac
1439 1330 1567 1377 proprio
1595 1338 1622 1363 et
1659 1329 1800 1362 omnium
1825 1328 1987 1367 lacobino-

1231 1396 1314 1427 rum,
1331 1384 1389 1418 lioc
1401 1383 1644 1418 saluberrimum
1657 1381 1809 1430 synodale
1822 1382 1985 1420 decretum

1231 1449 1302 1471 Cum
1326 1437 1476 1472 omnibus
1503 1438 1569 1471 suis
1597 1436 1767 1484 capituliS,
1800 1436 1989 1475 declaratio-

1232 1490 1336 1534 nibus,
1365 1490 1617 1535 delinitionibus,
1640 1490 1877 1535 traditionibus,
1900 1504 1988 1540 prae-

1232 1545 1333 1592 ceptis
1359 1554 1387 1580 et
1416 1546 1554 1590 statutis,
1589 1557 1783 1592 omnemque
1812 1545 1987 1582 doctrinam

1234 1600 1263 1633 in
1285 1602 1353 1647 ipso
1368 1600 1573 1648 descriptam,
1590 1612 1714 1634 necnon
1731 1599 1884 1646 quiequid
1905 1609 1991 1637 tenet

1233 1662 1263 1689 et
1285 1654 1376 1689 docet
1403 1663 1508 1690 sancta
1531 1654 1633 1689 Sedes
1661 1653 1842 1701 Apostolica
1871 1663 1902 1689 et
1924 1654 1990 1691 Ro-

1235 1720 1326 1743 mana
1349 1709 1502 1751 Ecclesia,
1526 1722 1597 1744 curn
1631 1709 1716 1743 omni
1754 1707 1921 1744 devotione
1960 1720 1990 1745 et

1235 1763 1411 1798 reverentia
1428 1763 1560 1811 suscipit
1583 1772 1612 1797 et
1633 1770 1785 1810 acceptat.
1810 1762 1882 1797 lllos
1915 1777 1991 1811 quo·

1235 1829 1296 1864 que
1317 1817 1463 1852 doctores
1490 1826 1520 1851 et
1541 1825 1668 1852 sanctos
1692 1816 1812 1857 Patres,
1835 1829 1915 1864 quos
1933 1817 1992 1854 Ec-

1236 1872 1331 1906 clesia
1360 1872 1500 1906 Romana
1529 1871 1698 1919 approbat,
1722 1872 1788 1918 ipse
1812 1881 1992 1908 reverenter

1236 1926 1381 1972 suscipit:
1418 1938 1637 1973 quascumque
1674 1938 1745 1960 vero
1778 1938 1929 1972 personas
1961 1934 1992 1962 et

1237 1980 1387 2027 quicquid
1411 1980 1479 2027 ipsa
1502 1979 1643 2014 Romana
1672 1979 1810 2014 Ecclesia
1847 1980 1993 2027 reprobat

1237 2043 1266 2069 et
1294 2034 1434 2079 damnat,
1458 2036 1524 2083 ipse
1553 2047 1609 2082 pro
1641 2034 1814 2081 reprobatis
1837 2043 1865 2069 et
1901 2035 1993 2071 dam-

1238 2088 1318 2122 natis
1351 2089 1465 2127 babet,
1503 2089 1669 2136 profitens,
1705 2097 1864 2136 tamquam
1901 2102 1993 2126 verus

1238 2142 1436 2178 obedientiae
1465 2144 1565 2187 silius,
1604 2144 1733 2178 nomine
1768 2155 1832 2190 quo
1871 2155 1991 2191 supra,

1237 2196 1332 2231 Sedis
1355 2198 1557 2245 Apostolicae
1581 2196 1834 2232 ordinationibus
1860 2205 1890 2232 et
1925 2198 1993 2233 ius-

1237 2250 1380 2285 sionibus
1404 2251 1535 2286 fideliter
1557 2259 1586 2285 et
1614 2263 1740 2298 semper
1758 2250 1990 2298 obtemperare.

1288 2308 1303 2348 ἓ
1330 2307 1387 2340 28.
1422 2306 1516 2341 Lecto
1549 2305 1736 2340 solemniter
1770 2305 1799 2339 in
1836 2308 1991 2353 praesenti

1238 2359 1359 2407 synodo
1388 2361 1446 2396 lioc
1473 2361 1599 2396 decreto
1622 2361 1716 2395 latino
1738 2373 1896 2405 sermone,
1920 2375 1993 2399 mox

1240 2415 1269 2448 in
1293 2414 1429 2455 arabico,
1454 2415 1612 2463 praelatus
1641 2414 1785 2450 Andreas
1811 2415 1922 2461 abbas,
1949 2417 1994 2465 ip-

1239 2480 1347 2503 soruin
1364 2469 1582 2504 lacobinorum
1604 2469 1766 2504 decretum
1791 2469 1916 2517 publice
1931 2470 1993 2505 ibi-

1240 2521 1310 2556 dem
1336 2523 1480 2570 perlegit,
1507 2532 1601 2570 atque
1629 2523 1826 2571 infrascripta
1850 2523 1943 2560 verba
1961 2525 1992 2560 in

1239 2576 1363 2624 scriptis
1385 2578 1508 2613 arabice
1530 2577 1717 2618 subiunxit,
1745 2589 1826 2624 quae
1857 2578 1994 2613 inconti-

1241 2631 1324 2665 nenti
1349 2631 1444 2666 latine
1471 2632 1598 2667 recitata
1622 2639 1705 2667 suut:
1725 2630 1914 2668 Beatissime
1936 2644 1999 2680 pa·

1992 239 2044 264 An.
2059 236 2090 263 C.
2101 234 2171 264 »ΜΗ

1990 298 2114 326 Nuptisrun
2123 297 2175 318 mul-

1991 330 2094 366 tiplicitas
2125 335 2175 357 pon-

1992 366 2064 382 mnu.

2025 1226 2153 1263 Accepi-tto

2000 1267 2130 1295 pnedtctor.
2146 1270 2184 1293 pro

2000 1301 2060 1325 parto
2078 1295 2183 1317 incutitu-

1999 1335 2053 1352 rum·

2020 2321 2090 2344 Tenon·
2124 2322 2194 2343 dictu

2007 2353 2170 2381 accept-tionis.
