2281 3251
0 1414 7 1434 v
0 1202 8 1387 -η-,ν-ΡΝ
0 1066 5 1200 -ἠῗνῃ

100 289 150 311 An.
172 284 202 311 C.
220 283 283 310 lltlt't

300 337 474 376 civitatum,
503 343 668 379 terrarum,
694 342 881 378 castrorum,
913 335 1049 381 oppido—

302 399 382 426 rum,
407 385 549 420 villarum
577 392 608 419 et
630 384 771 419 locorum
795 384 956 419 Romanae
986 384 1050 417 Ee-

301 436 412 470 elesiae
430 434 608 469 immediate
625 430 854 477 subiectorum,
877 433 1048 479 spiritualia

301 495 331 520 et
363 484 545 530 temporalia
574 484 701 529 negucia
739 483 915 530 peragenda
950 482 1050 516 deve-

302 535 403 577 niunt,
433 542 465 567 ut
484 542 596 568 cuncta
626 532 740 567 ibidem
767 533 980 579 pertractanda
1001 544 1050 566 sa-

301 583 433 619 lubriter
455 583 643 629 dirigantur,
666 591 694 616 et
718 582 848 617 feliciter
869 581 1051 627 gubernen-

303 642 364 673 tur,
399 645 434 667 ac
462 633 542 666 iuste
570 641 598 666 et
628 632 805 666 humaniter
841 632 987 665 liniantur
1022 639 1052 664 et

303 682 525 721 terminentur,
553 690 667 715 attenta
702 682 817 716 mentis
851 680 1052 715 solicitudine

303 732 483 779 vigilamus,
507 730 584 765 tales
609 731 637 764 in
669 731 778 765 eadem
804 730 936 765 Camera
971 730 1051 763 tirus

303 790 333 816 et
355 781 515 816 ministros
536 780 698 826 deputare,
717 782 769 827 qui
786 779 887 814 Deum
912 781 1052 822 timeant,

303 832 364 866 sint
397 830 618 865 ecclesiasticis
657 829 861 875 dignitatibus
895 829 1052 875 praediti,

304 880 396 914 bonis
420 879 561 913 moribus
581 878 730 919 redimiti,
763 878 955 934 providentia
990 878 1052 911 cir—

303 929 492 976 cumspecti,
516 928 724 963 rectitudine
719 929 790 963 iusti
811 937 840 963 et
855 927 1054 961 solicitudine

305 979 479 1026 vigilantes,
502 979 612 1024 sicque
637 978 809 1032 prudenter
847 985 875 1010 «t
899 977 978 1011 iuste
1008 984 1053 1020 et,

305 1029 337 1062 in
371 1027 576 1074 expediendis
617 1028 751 1074 negotiis
779 1025 973 1065 huiusmodi
1006 1034 1053 1059 at-

305 1085 389 1112 tente
416 1088 449 1111 se
473 1076 624 1120 babeant,
652 1085 685 1111 ut
715 1076 818 1110 cuncti
845 1075 882 1109 ad
911 1074 1053 1109 eamdem

305 1126 470 1161 Carneram
496 1138 550 1172 pro
579 1104 687 1160 coium
722 1124 929 1172 expediendis
959 1136 1056 1169 nego-

307 1176 358 1209 tiis
385 1183 606 1213 recurrentes,
637 1187 670 1209 se
698 1175 779 1209 iuste
807 1182 837 1208 et
875 1174 1056 1208 humaniter

306 1224 471 1270 expeditos
494 1223 557 1258 sore
578 1225 688 1257 merito
710 1223 893 1269 glorientur.

355 1278 369 1315 5
400 1275 429 1306 t.
465 1271 545 1306 Cum
584 1272 687 1319 itaque
723 1285 776 1307 ros
807 1272 845 1306 ad
881 1271 1056 1316 laudabile,

119 1329 195 1350 eteriet
214 1331 291 1366 statuta
307 1322 465 1356 sincerum
493 1330 523 1356 et
551 1333 737 1369 prosperum
767 1322 907 1367 regimen
942 1320 1058 1356 Came-

106 1361 292 1415 ‘effaetam-
307 1383 358 1406 rae
392 1371 580 1418 praelibatae
608 1371 758 1405 nonnulla
782 1379 907 1413 statuta,
931 1371 1057 1405 ordina-

308 1420 409 1454 tiones
431 1427 461 1454 et
489 1420 624 1466 capitula
660 1420 822 1455 edideritis
849 1429 942 1467 atque
976 1420 1058 1455 lece-

308 1469 386 1508 ritis,
415 1469 570 1516 nobisque
600 1478 764 1517 propterea
793 1469 954 1504 humiliter
981 1482 1058 1515 sup-

307 1518 457 1565 plicastis,
486 1527 519 1553 ut
543 1519 612 1560 illis,
642 1532 698 1566 pro
720 1532 827 1553 eorum
853 1519 1057 1554 subsistentia

307 1567 450 1608 firmiori,
478 1568 574 1603 robur
595 1568 785 1615 apostolicae
807 1568 1059 1603 confirmationis

307 1616 445 1651 adiicere
467 1617 506 1652 de
535 1616 728 1664 benignitate
750 1618 920 1664 apostolica
949 1618 1060 1664 digna-

308 1677 424 1701 remur.

357 1718 373 1758 ξ
395 1717 427 1748 2.
462 1715 526 1750 Nos
550 1716 656 1762 igitur,
693 1717 800 1751 testris
829 1718 858 1750 in
888 1717 945 1751 hac
974 1727 1060 1764 parte

122 1774 294 1802 Quaet’ouutex
309 1764 595 1812 supplicationibus
619 1766 773 1809 inclinati,
796 1774 920 1806 statuta
939 1768 1061 1802 ordina-

111 1806 227 1827 ⁶⁰¹¹⁵‘¹¹¹⁸²'
310 1814 412 1848 tiones
434 1822 464 1848 et
491 1815 625 1861 capitula
655 1814 791 1862 praefata
807 1843 815 1859 ,
841 1828 895 1862 per
916 1828 972 1850 nos
995 1817 1060 1852 visa

308 1871 339 1897 et
365 1862 442 1897 lecta
465 1876 500 1898 ac
522 1864 689 1910 diligenter
716 1866 853 1911 inspecta
883 1875 912 1900 et
948 1866 1062 1900 exami-

310 1920 392 1956 nata,
427 1914 498 1959 quia
523 1921 665 1954 mature,
700 1914 893 1961 prudenter,
932 1915 1061 1962 provide

308 1969 340 1995 et
365 1940 486 2008 digeste
512 1963 594 1997 edita
613 1971 644 1998 et
665 1964 804 1999 confecta
831 1965 980 2005 existunt,
1003 1978 1061 2000 au-

310 2011 452 2047 ctoritate
481 2013 653 2060 apostolica
676 2021 706 2048 et
739 2026 775 2048 ex
811 2022 893 2049 centa
917 2015 1060 2055 sticntia,

309 2069 418 2096 tenore
435 2063 648 2118 praesentium
668 2064 904 2108 confirmamus,
927 2072 958 2098 et
977 2077 1062 2111 prae-

310 2111 410 2146 sentis
430 2112 536 2159 scripti
561 2113 734 2160 patrocinio
756 2114 953 2148 communiti}
960 2127 1006 2148 us

359 2160 467 2196 Tenet
489 2174 562 2197 tero
589 2170 801 2204 statutor,uin
824 2163 1059 2198 ordinationum

310 2223 340 2251 et
367 2216 576 2263 capitulorum
600 2191 834 2264 praedictortim
857 2217 1014 2264 sequitur,
1033 2226 1061 2252 et

310 2278 357 2307 est
384 2271 469 2306 talis:

123 2226 199 2248 Eorum
219 2229 280 2246 tenor

122 2259 157 2280 hic
172 2258 280 2279 inseritur.

404 2374 558 2418 Incipiunt
579 2379 695 2406 statuta
717 2379 743 2405 ec
765 2372 973 2406 ordinationes

461 2428 583 2472 colleyt'i
609 2427 694 2461 Cam.
718 2427 919 2470 Apostolicae.

366 2500 386 2548 ἓ
413 2505 444 2534 5.
469 2499 573 2534 Omne
603 2498 772 2544 collegium
788 2525 795 2537 ,
831 2496 880 2531 cui
904 2496 1065 2544 apostolici

133 2568 163 2589 ne
179 2566 304 2588 ctencorum
319 2555 385 2591 fisci
410 2552 562 2589 incumbit
584 2565 671 2593 cura,
693 2552 742 2586 his
770 2551 912 2599 personis
934 2550 1066 2585 conclu-

121 2603 216 2622 ”⁰m⁶‘⁰'
318 2609 412 2644 ditur:
436 2609 574 2656 primum
597 2606 721 2641 illorum
744 2614 837 2652 caput
853 2613 900 2640 est
923 2616 1069 2640 reveren-

319 2663 469 2699 dissimus
494 2662 533 2697 D.
557 2660 770 2706 Camerarius,
786 2668 851 2694 tum
876 2657 1068 2694 reverendus

921 279 1080 303 Euentus
1103 279 1134 301 iv
1158 279 1205 301 Pr.
1748 268 1789 298 77

1092 333 1315 376 thesaurarius,
1344 338 1413 378 post
1431 331 1626 373 assistentes,
1649 331 1702 377 qui
1731 344 1767 365 ex
1791 344 1841 377 pa-

1091 391 1171 418 tium
1201 382 1387 417 elericorum
1418 380 1550 426 collegio
1583 379 1620 414 ad
1656 380 1840 426 ampliorem

1091 433 1273 479 dignitatem
1302 430 1398 465 evecti
1422 439 1505 464 suut.
1540 429 1615 464 Post
1641 441 1696 464 cos
1724 429 1841 467 clerici,

1091 491 1210 528 septeni
1236 480 1379 515 tidelicet
1406 491 1536 513 numero
1559 486 1699 522 tantum,
1724 479 1764 512 uti
1782 477 1840 513 SS.

1091 532 1240 566 dominus
1264 538 1370 565 noster
1397 529 1561 575 Eugenius
1583 506 1714 574 quarttis
1732 527 1843 562 Ponti-

1092 582 1140 615 l'ex
1170 579 1315 614 instituit.
1339 578 1469 625 Reliqui
1493 589 1565 612 vero
1595 589 1728 612 numero
1752 588 1843 623 prae-

1093 630 1154 665 lixo
1185 629 1311 668 adiecti,
1348 628 1424 662 nibil
1449 626 1608 662 commodi
1633 627 1806 673 capienteS,
1827 638 1842 660 a

1093 688 1164 714 voto
1194 678 1299 713 dando
1339 686 1368 713 et
1396 690 1411 712 a
1446 676 1657 723 suscipiendis
1691 676 1844 710 commis—

1093 728 1235 763 sionibus
1263 728 1462 771 abstineant,
1490 735 1519 760 et
1553 726 1621 760 solo
1656 725 1843 760 clericorum

1094 778 1233 817 nomine,
1257 777 1364 811 babitu
1399 786 1428 811 et
1458 776 1522 822 pari
1558 774 1632 810 sede
1663 783 1843 810 remaneant

1094 827 1246 862 contenti.

1142 880 1201 919 §4
1207 876 1457 919 Senectutem,
1486 887 1565 922 qnae
1598 873 1682 921 apud
1712 873 1846 907 maiores

1096 934 1219 960 nostros
1241 937 1366 970 semper
1385 924 1570 960 venerabilis
1589 924 1657 964 fuit,
1680 922 1846 957 observare

1094 986 1222 1029 quoque
1262 986 1319 1008 nos
1350 974 1449 1008 decet.
1486 975 1633 1020 Cumque
1667 980 1847 1019 opportune

1097 1025 1177 1058 inter
1203 1023 1336 1058 clericos
1369 1023 1536 1070 quispiam,
1569 1031 1763 1062 caeterorum
1789 1033 1849 1055 no-

1097 1074 1193 1112 mine,
1229 1073 1366 1118 plurium
1402 1085 1505 1108 rerum
1537 1084 1642 1107 curam
1665 1072 1847 1106 continuam

1097 1122 1262 1157 habiturus
1288 1122 1345 1165 sit,
1382 1122 1407 1155 is
1437 1123 1494 1156 erit
1519 1122 1648 1161 merito,
1680 1122 1731 1167 qui
1763 1120 1850 1166 prius

1097 1181 1239 1218 tempore
1268 1171 1307 1205 ad
1339 1170 1507 1217 collegium
1543 1171 1701 1205 admissus
1734 1169 1850 1211 suerit,

1097 1222 1192 1256 modo
1214 1221 1342 1255 Curiam
1372 1220 1501 1255 incolat:
1530 1232 1567 1254 eo
1592 1227 1695 1254 autem
1719 1219 1849 1253 absente

1098 1271 1144 1305 vel
1172 1270 1309 1313 infirmo,
1333 1270 1505 1316 proximior
1528 1278 1669 1315 tempore
1697 1268 1852 1312 subroge-

1099 1329 1161 1364 tur,
1184 1320 1333 1366 buncque
1366 1319 1522 1354 decanum
1551 1318 1709 1364 appellare
1736 1329 1851 1352 conve—

1099 1371 1154 1404 nit.
1190 1369 1331 1403 Potestas
1357 1369 1491 1414 cogendi
1525 1368 1658 1403 clericos
1685 1367 1852 1405 Gamerae,

1100 1428 1162 1454 tan]
1185 1420 1238 1465 qui
1263 1419 1342 1453 intra
1368 1430 1534 1453 numerum
1558 1426 1631 1451 suut
1649 1429 1742 1464 quam
1763 1417 1852 1454 ultra,

1099 1478 1128 1503 et
1155 1468 1276 1514 agenda
1300 1467 1516 1515 proponendi,
1531 1476 1560 1501 et
1575 1465 1719 1513 exigendi
1742 1466 1853 1511 singu-

1101 1518 1200 1553 lorum
1225 1525 1306 1560 tota,
1327 1525 1357 1551 et
1373 1518 1455 1551 iuxta
1479 1516 1529 1551 illa
1543 1515 1767 1555 concludendi,
1787 1527 1853 1550 ext-

1100 1576 1192 1614 gente
1207 1567 1456 1614 opportunitate,
1474 1574 1596 1612 praeter
1610 1577 1720 1600 causas
1733 1564 1854 1599 fiscales

1100 1625 1130 1652 et
1157 1624 1283 1663 tempus
1310 1628 1374 1663 quo
1402 1615 1573 1651 maioribus
1603 1622 1787 1661 occupatur
1815 1613 1853 1649 ad

1101 1666 1237 1701 officium
1270 1665 1380 1700 decani
1406 1665 1550 1712 pertinet.
1580 1665 1695 1698 Altaris
1717 1673 1747 1699 et
1770 1664 1855 1698 ioca-

1101 1716 1178 1750 lium
1207 1715 1288 1755 eius,
1311 1727 1346 1749 ac
1373 1715 1470 1749 divini
1494 1714 1607 1757 officii,
1630 1721 1723 1760 atque
1750 1725 1855 1747 sacer-

1101 1765 1196 1808 dotis,
1218 1774 1248 1799 et
1271 1764 1424 1811 quicquid
1440 1771 1562 1810 spectet
1584 1762 1622 1797 ad
1646 1775 1693 1803 ea,
1716 1762 1856 1797 decanus

1101 1814 1284 1860 diligentius
1315 1822 1418 1852 curet.
1442 1813 1648 1859 sigillumque
1680 1811 1803 1857 collegii
1826 1820 1856 1846 et

1101 1864 1362 1898 constitutionum
1383 1863 1527 1897 volumen
1548 1862 1630 1909 apud
1651 1874 1685 1896 se
1704 1862 1856 1901 retinens,

1101 1921 1210 1948 exacto
1224 1925 1320 1954 anno,
1343 1925 1470 1960 semper
1484 1911 1683 1957 singulorum
1704 1911 1854 1945 rationem

1103 1963 1221 1998 reddat

1151 2014 1170 2061 g
1192 2016 1224 2048 5.
1245 2012 1331 2048 Niliil
1355 2019 1402 2047 est
1423 2011 1505 2059 quod
1530 2018 1591 2045 tam
1615 2009 1709 2044 rebus
1731 2009 1854 2045 condu-

1102 2072 1150 2098 cat
1171 2063 1328 2110 gerendis
1356 2074 1449 2108 quam
1478 2060 1571 2095 ordo:
1601 2072 1639 2094 ne
1665 2071 1726 2106 qua
1759 2059 1855 2105 igitur

1102 2113 1259 2157 confusio,
1273 2113 1326 2147 illo
1337 2111 1514 2154 deficiente,
1525 2117 1678 2150 occurrat,
1687 2109 1853 2144 commode

1104 2167 1345 2214 proponendum
1369 2166 1500 2204 videtur,
1528 2176 1590 2211 quo
1614 2171 1702 2210 pacto
1730 2163 1759 2197 in
1786 2164 1855 2199 loco

1103 2221 1254 2257 Gamerae
1289 2220 1463 2255 sedendmn
1508 2217 1766 2264 loquendumque
1804 2218 1854 2252 sit.

1103 2276 1185 2311 Cum
1205 2277 1298 2323 igitur
1316 2274 1429 2310 (liebus
1443 2273 1564 2312 Lunae,
1583 2272 1729 2306 Mercurii
1744 2280 1774 2307 et
1792 2271 1857 2306 Ve-

1106 2332 1208 2377 neris,
1235 2331 1352 2378 quibus
1384 2329 1517 2363 maiores
1545 2327 1642 2362 nostri
1674 2327 1722 2361 ius
1754 2326 1857 2361 dicere

1105 2387 1185 2421 soliti
1220 2395 1316 2430 sunt,
1343 2383 1545 2419 convenerint
1574 2381 1857 2417 reverendissimus

1106 2441 1309 2479 camerarius,
1329 2447 1379 2473 aut
1402 2437 1486 2472 illius
1503 2437 1711 2482 ricesgerens,
1728 2435 1857 2470 thesau-

1108 2495 1219 2538 rarius,
1241 2494 1423 2528 assistentes
1444 2500 1473 2526 et
1495 2490 1610 2530 clerici,
1634 2489 1784 2536 reliquite
1804 2488 1858 2522 mi-

1109 2548 1196 2583 nistri
1220 2548 1301 2588 fisci3
1325 2547 1426 2594 primo
1444 2558 1479 2580 ac
1501 2544 1635 2590 digniori
1659 2543 1728 2577 loco
1749 2541 1857 2576 sedeat

1108 2603 1300 2637 camerarius
1318 2608 1369 2635 aut
1388 2600 1578 2634 substitutus
1601 2596 1693 2636 iltius,
1712 2595 1859 2630 assisten-

1110 2665 1168 2698 tes,
1189 2656 1328 2693 decanus
1350 2663 1380 2690 et
1401 2653 1527 2703 quidam
1550 2665 1587 2689 ex
1609 2650 1741 2692 clerici53
1763 2662 1780 2685 e
1803 2661 1858 2685 re-

1857 280 1906 305 Αιι.
1925 279 1953 305 C.
1972 280 2034 305 tht

1876 885 1903 905 De
1920 885 1957 904 dec
1960 890 1993 904 ani
2015 883 2047 902 ote

1862 916 1887 936 fic
1877 917 1910 936 io
1940 918 1959 934 et
1985 918 2048 941 pote-

1862 949 1916 967 state

1883 2018 1912 2039 Da
1954 2018 2053 2039 camerae

1869 2050 1995 2071 clericorum
2033 2053 2053 2070 et

1869 2081 1957 2102 aliorum
1992 2080 2054 2101 loco-

1869 2119 1913 2133 rum
1928 2114 1950 2133 iu
1959 2112 2052 2138 Camere,

1869 2148 1980 2169 rerumque
1992 2147 2055 2168 agen-

1870 2175 1941 2196 darum
1957 2174 2038 2195 ordine.
