2281 3251
239 270 290 297 An.
308 271 337 297 C.
356 270 423 297 ¹b60

247 1665 409 1686 Conptustonez.

495 256 562 291 ¹5ss

440 332 578 362 sumant,
603 330 632 356 et
654 321 693 356 de
719 320 843 355 duabus
862 320 972 355 diaetis
999 320 1027 353 in
1059 319 1193 354 concilio

438 373 573 418 generali
590 372 683 410 cdita,
715 383 749 404 ae
770 370 838 403 aliis
863 368 1141 403 constitutionibus
1164 377 1192 402 ct

441 420 693 457 ordinationibus
710 419 903 466 apostolicis,
917 428 968 452 aut
984 418 1006 451 si
1025 417 1192 464 aliquibus,

441 471 653 507 communiter
677 469 722 502 wi
746 469 884 504 ‹biis'zur
909 480 922 501 a
952 468 1031 501 dicta
1056 475 1094 501 sit
1111 466 1193 501 Sede

443 521 612 557 indultum.
625 519 708 566 quod
724 518 880 560 interdici,
896 515 1047 563 suspendi
1070 516 1114 550 rel
1138 529 1194 550 cx—

439 569 679 607 communicari,
708 581 761 601 scu
783 566 866 614 quod
890 566 1001 599 Studia
1025 566 1194 611 generalia,

440 621 499 655 nisi
523 620 561 653 ab
588 619 656 652 aliis
678 617 800 651 Studiis
828 615 986 649 similibus
1014 615 1052 649 ad
1077 624 1192 650 ccrtam

440 671 580 705 locorum
598 666 776 701 distantiam
794 665 923 699 remotis
939 664 1026 708 locis,
1042 665 1118 710 erigi
1132 678 1192 699 non

439 720 559 766 possint
582 730 636 764 per
659 716 762 750 literas
784 714 973 761 apostolicas
994 726 1054 747 non
1077 714 1194 749 sacien-

439 777 485 802 tos
510 768 632 814 plenam
657 774 685 799 et
708 776 890 811 expressam
917 776 951 797 ac
975 763 1014 797 de
1040 763 1133 797 verbo
1156 764 1192 798 ad
1215 769 1217 783 ³

439 818 569 852 verbnm
589 816 628 850 de
645 814 766 848 indulto
786 812 968 847 buiusmodi
989 813 1194 853 mentionem

437 880 473 902 ac
501 867 569 901 aliis
593 863 762 912 privilegiis
783 862 1040 909 quibuscumque
1060 862 1195 908 quibus-

1214 887 1217 904 l

437 917 482 951 xis
504 916 574 950 aliis
601 912 801 960 generalibus
825 911 950 946 Studiis
972 913 1144 955 concessis,
1165 921 1194 947 et
1215 949 1216 955 ἵ

436 978 544 1000 eorum
561 962 683 999 statutis
702 971 730 996 ct
751 960 1039 996 consuctudinibus
1061 970 1118 995 etc.
1137 964 1193 1004 (l),
1215 964 1216 973 ¹

439 1016 615 1050 iuramento
642 1020 671 1046 et
694 1011 864 1058 apostolica
888 1010 1075 1045 auctoritate
1100 1011 1194 1045 robo-

438 1065 523 1107 ratis,
547 1063 609 1097 illis
652 1061 835 1108 pracsertim
860 1059 976 1107 quibus
1004 1058 1131 1094 forsitan
1163 1062 1193 1094 in

437 1113 557 1148 eisdem
584 1112 748 1146 studentes
762 1110 828 1144 sire
844 1109 1006 1149 licentiati,
1019 1109 1103 1155 quod
1121 1109 1193 1144 alibi

438 1163 555 1198 ratione
577 1159 680 1196 Studii
706 1172 767 1194 uon
793 1158 968 1201 resideant,
991 1159 1037 1192 vel
1061 1158 1193 1204 gradum

436 1213 501 1246 sire
526 1209 658 1257 insignia
683 1222 743 1243 non
767 1208 921 1255 recipient
941 1207 1111 1251 antedicta,
1127 1208 1193 1243 iure

437 1261 560 1296 iurandi
572 1258 721 1306 religione
731 1257 876 1292 affirmari
892 1257 1129 1303 distinguantur
1140 1260 1194 1301 (⁶2);

436 1310 564 1357 quidem
580 1310 753 1344 iuramenta
771 1307 925 1342 hactenus
938 1307 1084 1353 praestita
1101 1307 1194 1341 dum-

436 1368 518 1395 taxat
543 1359 669 1407 penitus
692 1356 844 1397 tollimus,
873 1365 902 1390 et
924 1355 961 1390 ad
987 1356 1111 1390 illorum
1135 1356 1193 1391 ob-

435 1409 622 1444 servantiam
637 1419 697 1442 non
711 1405 1011 1450 teneri,auctoritate
1023 1414 1051 1439 et
1062 1406 1192 1440 scientia

435 1457 593 1492 similibus
615 1456 831 1494 decernimus,
859 1467 894 1489 ac
924 1455 988 1501 ipsa
1019 1456 1191 1489 iuramenta

435 1507 590 1542 habemus
616 1514 643 1540 et
669 1505 775 1539 baberi
802 1503 948 1539 volumus
978 1516 1034 1550 pro
1058 1504 1192 1549 infectis,

434 1557 611 1603 ceterisque
634 1554 801 1589 contrariis
828 1553 1096 1601 quibuscumque.

484 1606 504 1653 S
527 1609 559 1640 6.
582 1605 667 1639 Nulli
682 1616 757 1650 ergo
772 1603 902 1638 omniuo
921 1602 1086 1637 bominum
1104 1603 1193 1638 liccat

435 1655 516 1690 banc
554 1655 698 1701 paginam
723 1661 902 1687 nostrorum
927 1653 1046 1692 statuti,
1065 1653 1192 1687 ordina-

434 1705 542 1748 tionis,
565 1703 791 1742 concessionis,
815 1702 1075 1746 commissionis,
1099 1715 1192 1736 man-

434 1753 517 1793 dati,
545 1753 779 1788 constitutionis
812 1759 841 1786 et
876 1752 1045 1786 voluntatis
1080 1752 1191 1786 iufrin-

433 1815 507 1849 gere
529 1810 581 1837 etc.

482 1851 598 1887 Datum
628 1851 734 1891 Senis,
761 1862 844 1884 anno
873 1850 1104 1885 lucarnatiouis
1126 1850 1189 1885 do—

432 1901 568 1936 minicae
587 1900 754 1935 millesimo
769 1899 1086 1947 quadringentesimo
1101 1912 1189 1935 sexa-

431 1950 564 1997 gesimo,
589 1950 690 1997 pridie
720 1962 819 1983 nonas
841 1949 959 1996 aprilis,
984 1949 1189 1995 pontificatus

432 2000 528 2035 nostri
557 2012 640 2034 anuo
662 1999 815 2034 secundo.

481 2053 542 2083 Dat.
559 2053 605 2083 die
622 2053 640 2083 t
659 2053 762 2091 aprilis
782 2053 868 2089 1460,
891 2052 992 2091 pontit.
1015 2062 1091 2082 anno
1111 2062 1139 2082 ιι.

744 2205 800 2240 vn
828 2209 882 2249 (5).

433 2279 548 2312 Contra
575 2279 755 2317 homicidas,
778 2279 824 2311 vel
851 2279 886 2312 de
913 2279 1079 2312 homicidio
1106 2290 1186 2311 con—

479 2330 636 2361 damnatos
667 2336 720 2361 aut
742 2328 942 2374 diffamatos,
972 2328 1085 2361 dicioni
1106 2329 1186 2361 San-

479 2386 542 2411 ctae
565 2378 724 2411 Romanae
746 2378 897 2412 Ecclesiae
918 2378 1046 2411 mediate
1067 2378 1111 2410 vel
1134 2377 1187 2409 im-

479 2428 610 2460 mediate
631 2428 785 2460 subiectos

465 2499 505 2534 (i)
523 2498 634 2525 Bulaeus
651 2499 710 2533 legit
728 2502 818 2529 etium,
837 2498 893 2526 loco
911 2503 956 2525 rtet
998 2498 1040 2532 (9)
1051 2499 1117 2526 Cum
1131 2499 1185 2525 Bu-

431 2539 486 2566 laeo
508 2540 617 2574 legimus
633 2543 828 2572 {listi-inquiunt
859 2541 896 2575 (n.
914 2542 963 2572 T.).
1003 2540 1042 2575 (3)
1063 2541 1132 2567 Haec
1162 2541 1186 2566 in

431 2579 501 2606 Edit,
517 2580 593 2606 Rom.
606 2580 657 2606 sub
670 2588 743 2606 num.
757 2589 784 2611 x,
811 2580 917 2607 turbato
930 2582 1009 2607 etiam
1029 2589 1098 2607 auno
1115 2588 1185 2615 pon-

432 2619 555 2651 tificatus,
567 2621 612 2655 qui
625 2621 728 2651 tertius,
742 2622 778 2646 uti
791 2629 839 2647 nos
850 2621 998 2656 posuimus.
1011 2629 1062 2647 non
1074 2624 1187 2655 quartus

431 2660 479 2688 suit
495 2661 537 2696 (n.
560 2663 615 2697 τ.),

1059 264 1245 288 nummum
1269 264 1428 288 noqucm

1506 315 1720 347 sufflammat

1237 366 1392 396 llomicidii
1410 367 1521 395 crimen
1541 364 1716 395 detestabile
1735 369 1838 394 est.—
1857 365 1880 393 t.
1896 363 1989 394 Causa

1277 407 1365 436 buius
1395 406 1509 436 constit.
1542 422 1578 427 —
1609 404 1889 434 ⁶2.C01isntutiones
1923 414 1991 439 ergo

1277 446 1366 475 edidit
1392 446 1437 475 bic
1463 445 1543 475 l‘unt.
1578 445 1604 474 iu
1629 444 1738 484 quibus
1770 461 1808 465 —
1836 444 1863 473 3.
1887 443 1989 473 Homi-

1276 486 1358 515 cidas
1375 485 1456 515 iubet
1468 485 1584 515 exulare
1597 485 1684 514 etiam
1713 483 1810 513 babila
1830 493 1900 523 pace
1913 495 1920 520 ;
1935 484 1990 513 cis-

1276 535 1332 564 que
1357 525 1562 555 remissionem
1589 529 1639 553 aut
1672 523 1784 553 salvum
1813 523 1990 554 conductum

1276 565 1312 594 ab
1336 564 1513 595 officialibus
1537 564 1659 593 concedi
1687 572 1745 593 non
1778 572 1877 602 posse.
1904 580 1943 586 --
1970 565 1991 593 i.

1279 604 1492 643 Appellationis
1516 604 1679 633 remedium
1705 603 1810 632 aufert.
1828 619 1867 625 -
1889 603 1916 632 5.
1938 603 1993 632 llo-

1278 644 1401 674 micidas
1414 644 1624 673 condemnatos
1641 648 1691 672 aut
1714 642 1880 672 diffamatos
1892 643 1991 682 plures

1279 694 1387 723 poenas
1402 685 1553 713 incurrere
1572 683 1712 719 declarat,
1731 682 1856 712 etiamsi
1876 683 1912 712 ab
1932 684 1992 713 ossi—

1278 723 1403 754 cialibns
1428 723 1623 752 remittantur.

1318 773 1380 801 Pius
1399 773 1541 808 episcopus
1567 779 1663 801 servus
1688 778 1829 800 servorum
1848 772 1910 805 Dei.

1386 818 1419 846 ad
1435 818 1596 854 perpetuam
1615 817 1656 846 ret
1671 816 1839 845 memoriam.

1287 867 1334 902 Ad
1360 866 1540 901 retinendas
1564 866 1748 901 insolentias
1771 874 1989 913 transgresso-

1239 930 1327 959 rum,
1351 917 1376 951 si
1402 929 1517 950 nervus
1546 915 1688 962 publicae
1711 915 1897 962 discipliuae
1921 917 1989 950 len-

1238 967 1338 1010 tescit,
1367 978 1476 1000 corum
1500 965 1536 999 ad
1567 964 1762 1012 peccandum
1791 965 1935 999 voluntas
1959 967 1990 1000 iit

1239 1016 1346 1058 laxior,
1369 1024 1399 1049 et
1425 1015 1606 1061 exemplum
1639 1013 1835 1061 impunitatis
1864 1015 1991 1061 pericu-

1238 1065 1336 1100 losius
1364 1065 1392 1099 in
1413 1064 1491 1099 alios
1510 1064 1679 1107 derivatur,
1704 1073 1832 1110 propter
1850 1064 1935 1111 quod
1952 1065 1989 1100 ad

1238 1115 1446 1161 praesidentis
1465 1113 1602 1148 osticium
1637 1114 1769 1159 pcrtinct
1792 1114 1883 1148 talem
1907 1114 1991 1148 adbi-

1239 1164 1311 1198 bere
1336 1164 1471 1199 institiae
1491 1163 1686 1198 severitatem
1711 1170 1741 1197 et
1763 1162 1900 1197 debitam
1917 1176 1991 1198 exe-

1237 1213 1506 1260 cutioiieni‚qiiod
1531 1212 1697 1247 commissa
1721 1212 1851 1247 crimina
1873 1213 1990 1259 pimiat,

1236 1271 1266 1298 et
1293 1262 1592 1298 committendorum
1617 1262 1646 1295 iu
1671 1270 1830 1308 posterum
1861 1262 1991 1297 interdi-

1236 1320 1284 1348 cat
1307 1312 1481 1347 audaciam.

1285 1362 1304 1407 g
1337 1364 1364 1396 1.
1388 1361 1469 1396 Cum
1502 1369 1606 1395 autem
1637 1360 1674 1394 ad
1708 1359 1899 1395 audientiam
1933 1374 1990 1395 no-

1235 1420 1331 1445 stram
1348 1411 1522 1458 pervenerit
1539 1409 1637 1456 quod,
1652 1422 1668 1444 a
1684 1410 1778 1443 certis
1793 1411 1883 1444 annis
1897 1411 1989 1450 citra,

1238 1461 1267 1494 iu
1297 1460 1412 1494 nostris
1445 1468 1475 1494 et
1498 1459 1661 1494 Ecclesiae
1695 1458 1859 1494 Romanae
1887 1460 1989 1503 terris,

1236 1510 1312 1544 locis
1327 1519 1357 1545 et
1374 1509 1566 1548 tcnimentiS,
1582 1507 1672 1543 nobis
1685 1517 1713 1542 et
1728 1507 1889 1543 Ecclesiae
1906 1522 1991 1556 prae·

1235 1559 1336 1594 dictae
1376 1559 1510 1593 mediate
1550 1566 1579 1592 et
1617 1557 1796 1592 immediate
1829 1557 1990 1597 subiectis,

1235 1607 1482 1656 quamplurima,
1497 1607 1689 1655 quandoque
1704 1607 1798 1642 etiam
1814 1618 1852 1642 ex
1871 1607 1991 1642 levibus

1236 1658 1353 1697 causis,
1382 1658 1548 1692 commissa
1574 1669 1642 1691 esse
1666 1656 1862 1703 reperiantur
1886 1657 1991 1691 bomi-

1234 1707 1336 1751 cidia,
1362 1707 1466 1754 sitque
1489 1707 1572 1741 inter
1593 1705 1651 1740 alia
1684 1706 1802 1740 crimen
1826 1705 1988 1741 homicidii

1235 1757 1446 1803 perniciosum
1456 1755 1691 1798 etdetestabile,
1706 1754 1893 1802 debeatque,
1904 1756 1987 1790 iuxta

1233 1806 1401 1841 canonicas
1414 1804 1698 1851 sanctiones,gravi
1714 1804 1988 1840 animadversione

1234 1856 1356 1902 puniri,
1387 1862 1538 1903 tantoque
1574 1853 1715 1889 severius
1737 1854 1934 1899 puniendum
1958 1864 1987 1888 ct

1232 1905 1469 1952 extirpandum,
1492 1911 1611 1951 quanto
1639 1903 1839 1938 manifestius
1866 1916 1986 1950 coguo-

1232 1954 1351 1988 scimus
1373 1953 1456 2001 quod
1480 1966 1518 1988 ex
1545 1965 1600 1993 eo,
1625 1962 1657 1986 nt
1681 1952 1872 1998 plurimum,
1895 1965 1988 1988 scan-

1231 2002 1298 2038 dala
1322 2012 1351 2037 et
1380 2003 1458 2037 mala
1484 2003 1617 2050 plurima
1642 2002 1887 2049 subsequantur.

1279 2056 1294 2096 ἕ
1316 2055 1350 2087 ⁶2..
1376 2052 1550 2099 Cupientes
1579 2052 1706 2091 idcirco,
1728 2064 1765 2086 ex
1793 2052 1900 2087 debito
1925 2064 1986 2099 pa-

1230 2103 1355 2137 storalis
1381 2102 1488 2145 officii,
1514 2102 1598 2149 quod
1627 2101 1724 2136 nostri
1761 2110 1791 2136 et
1823 2101 1985 2137 Ecclesiae

1231 2151 1392 2186 Romanae
1416 2152 1574 2198 predictae
1594 2151 1729 2187 mediate
1755 2159 1785 2185 et
1808 2150 1986 2187 immediate

1230 2201 1377 2245 subiecti,
1402 2201 1485 2236 iuxta
1515 2201 1597 2248 piam
1621 2200 1859 2247 dispositionem
1888 2200 1986 2247 Regis

1232 2251 1364 2298 pacitici,
1387 2251 1440 2297 qui
1463 2258 1569 2297 regnat
1587 2251 1617 2284 in
1642 2250 1750 2288 coetis,
1772 2249 1894 2296 pacifici
1921 2250 1982 2284 sint

1229 2309 1258 2334 et
1277 2301 1424 2343 modesti,
1442 2300 1621 2338 nonnullas,
1640 2313 1695 2346 pro
1715 2299 1896 2334 buinsmodi
1915 2299 1985 2334 cri-

1230 2349 1313 2384 mine
1330 2350 1492 2384 bomieidii
1509 2350 1613 2384 debite
1638 2349 1812 2395 puniendo,
1826 2348 1985 2383 edidimus

1229 2400 1472 2435 constitutiones
1500 2399 1726 2445 infrascriptas,
1749 2411 1826 2444 quas
1851 2398 1888 2433 ad
1914 2399 1984 2441 boc,

1231 2458 1260 2483 ut
1283 2449 1396 2497 aliquis
1412 2450 1450 2484 de
1464 2448 1582 2483 eisdem
1605 2449 1811 2495 ignorantiam
1839 2457 1984 2494 praeten-

1229 2499 1303 2534 dere
1328 2512 1388 2533 uou
1416 2499 1538 2544 possit,
1570 2498 1714 2532 volumus
1739 2511 1793 2544 per
1814 2510 1926 2532 omnes
1953 2505 1983 2530 et

1229 2549 1370 2595 singulas
1398 2549 1550 2587 civitates,
1575 2547 1666 2581 nobis
1690 2555 1718 2581 ct
1743 2547 1903 2582 Ecclesiae
1919 2546 1984 2581 Ro-

1231 2612 1339 2632 manae
1377 2597 1553 2644 praedictae
1580 2596 1714 2631 mediate
1735 2597 1780 2630 vel
1805 2595 1984 2631 immediate

1229 2648 1409 2694 subiectas,
1433 2647 1560 2696 publico
1601 2646 1772 2696 praeconio
1805 2645 1984 2695 publicari,

2279 0 2281 48 l

2006 263 2054 288 An.
2074 262 2101 288 C.
2125 262 2187 289 ittffl
2276 240 2281 458 Ι

2020 877 2129 900 Homicidii
2148 879 2193 900 eri-

2005 915 2052 930 men
2065 908 2193 930 detesubits

2005 944 2045 961 esi.

2022 1372 2088 1392 Causa
2129 1371 2190 1392 huiu-

2005 1403 2172 1423 constitutionum

2019 2062 2187 2084 constitutione·

2001 2099 2052 2121 orgo
2071 2094 2137 2115 edidit
2151 2093 2187 2115 hic

2001 2124 2087 2152 Pontii„
2103 2126 2124 2146 in
2140 2125 2188 2153 qui-

2001 2156 2039 2177 hus

2249 3029 2273 3251 ff—-
2252 2934 2255 3014 ‘***
