2281 3251
117 266 165 291 An.
184 264 210 290 C⁴
233 264 296 291 tuos

141 1951 268 1975 Reteciono,

914 258 1107 281 Atinxrtxnsstt
1137 258 1166 280 Vt
1192 258 1238 281 ΡΡ.

1725 242 1792 253 -υ-

1725 255 1788 276 001

312 316 428 352 homini
456 314 651 363 persuadeat,
674 314 787 361 quihus
809 320 861 349 aut
884 313 1057 348 infirmetur
1099 313 1183 347 nullo
1199 322 1289 360 pacto
1312 322 1383 346 cum
1405 308 1551 344 fratribus
1567 307 1771 349 manducent,
1789 320 1846 343 nec

309 375 362 402 aut
386 377 505 401 cuneus
539 364 702 399 efficiatur:
731 363 814 411 quod
837 365 862 398 si
898 363 1014 407 fecerit,
1041 375 1055 397 a

311 424 396 462 patre
412 415 592 457 mulctetur,
607 426 708 461 eoque,
727 426 788 447 non
811 413 978 456 sanctitati,
1001 412 1055 446 sed

311 465 460 499 stultitiae
483 472 534 498 aut
569 464 733 509 superbiae
762 463 789 496 id
813 462 1055 497 adscribendum

309 522 365 548 est:
389 526 447 549 nec
470 520 648 560 praesumat
669 513 741 560 quis
763 513 872 559 quavis
894 513 1057 547 occasione

309 564 355 598 vel
366 575 456 598 causa
469 563 598 598 alterum
611 562 777 597 defendere
788 562 924 602 fratrem,
935 562 1055 597 etiamsi

310 624 508 660 quacumque
538 611 701 658 sanguinis
729 612 958 659 propinquitate
981 612 1058 646 iun-

310 671 441 709 gantur3
463 662 611 710 quoniam
635 661 747 696 exinde
775 661 956 707 gravissima
973 674 1058 696 scau-

310 713 451 748 dalorum
475 712 596 746 occasio
623 711 701 746 solet
723 711 806 746 oriri.
830 711 943 746 Nullus
965 711 1056 746 etiam

309 763 421 808 quovis
436 761 541 803 modo,
564 762 729 796 occasione
749 761 795 795 vel
813 773 903 795 causa
926 773 997 796 cum
1011 773 1058 795 su·

310 811 485 859 perioribus
504 811 568 846 suis
589 811 779 846 contendere
795 810 907 851 verbis,
920 823 973 845 seu
993 823 1058 857 per·

310 862 452 896 tinaciter
470 874 564 907 super
577 874 776 908 quacumque
795 873 840 905 re,
857 861 948 895 etiam
967 861 1058 901 iusta,

309 924 342 946 se
370 911 538 946 defendere
563 919 761 957 praesumat,
796 910 849 945 sed
875 910 1008 945 breviter
1029 918 1058 944 et

309 961 469 996 humiliter
495 961 532 995 ad
561 961 746 1006 interrogata
775 960 982 1006 respondere,
1005 971 1059 993 eo-

310 1022 444 1058 rumque
469 1019 682 1057 praeceptum,
702 1018 925 1044 correctionem
949 1019 978 1043 et
994 1009 1059 1043 ius-

311 1062 445 1100 sionem,
473 1059 645 1094 dummodo
669 1071 730 1093 non
754 1059 792 1093 sit
815 1067 920 1093 contra
943 1058 1058 1098 Deum,

310 1110 445 1145 animam
473 1122 560 1144 suam
584 1118 614 1144 et
646 1108 797 1154 Regulam
827 1116 961 1142 nostram
986 1120 1057 1142 cum

309 1159 553 1195 mansuetudine
567 1168 595 1193 et
605 1159 730 1193 caritate
745 1156 877 1204 perfecta
887 1158 1058 1204 suscipere,

310 1222 344 1244 ac
365 1209 506 1244 celeriter
521 1217 549 1243 et
564 1208 630 1242 sine
653 1219 738 1242 mora
760 1207 908 1254 perficere
923 1206 1058 1241 studeat.

310 1258 447 1293 Caveant
474 1258 566 1292 etiam
589 1257 710 1299 fratres,
732 1269 770 1290 ne
797 1256 985 1291 novitiorum
1006 1269 1059 1291 oc-

309 1309 435 1342 casione
453 1319 509 1342 seu
532 1307 590 1341 alia
612 1307 722 1354 quavis
737 1318 841 1349 causa,
854 1314 967 1340 matres
987 1318 1059 1341 suas

309 1365 360 1391 aut
372 1369 507 1397 sororeS‚
522 1369 579 1391 nec
591 1368 804 1403 quascumque
818 1355 966 1390 mulieres
980 1355 1059 1390 clau·

309 1414 427 1452 strum,
450 1406 669 1451 refectorium,
698 1406 879 1453 coquinam,
907 1405 1061 1440 dormito-

311 1458 401 1495 rium,
428 1456 641 1497 infirmariam,
670 1468 727 1490 nec
754 1455 846 1489 etiam
870 1455 993 1489 hortum
1011 1455 1060 1488 in-

311 1516 403 1547 trare,
425 1514 478 1541 aut
505 1506 589 1553 ipsos
612 1505 753 1540 infirmos
776 1504 900 1539 visitare
929 1505 1060 1552 permit-

313 1565 386 1601 tant,
404 1568 603 1603 quacumque
626 1562 730 1590 essent
749 1554 896 1589 affinitate
918 1555 1060 1589 cuicum-

311 1618 371 1653 que
407 1606 618 1646 coniunctae;
653 1604 914 1639 contrafacientes
942 1616 1060 1652 poenae

312 1664 539 1691 reservatorum
563 1667 691 1690 casuum
724 1653 918 1693 subiaceant,
948 1666 1061 1701 perpe-

313 1715 429 1752 tuoque
451 1705 488 1739 ab
511 1705 595 1740 omni
618 1704 720 1739 officio
741 1711 863 1739 nostrae
885 1703 1061 1750 Religionis

313 1755 466 1790 inhabiles
485 1755 628 1789 existant.

604 1826 683 1861 Cae.
711 1826 764 1860 IX.

363 1904 378 1944 ἓ
396 1903 451 1935 15.
474 1900 555 1935 Cum
568 1912 629 1934 non
645 1901 677 1932 in
691 1901 754 1934 solo
771 1911 850 1944 pane
864 1900 945 1932 vivat
961 1899 1061 1943 homo,

311 1951 362 1984 sed
386 1952 420 1984 in
450 1951 534 1984 ονηηί
558 1951 646 1983 verbo
668 1950 750 1994 quod
781 1950 917 1994 procedit
950 1950 986 1982 de
1012 1960 1062 1982 ore

315 2001 390 2044 Dei,
416 1999 491 2034 dum
520 2011 649 2046 corpora
686 1998 881 2042 reficiuntur,
908 1998 1060 2044 spirituali

312 2053 445 2088 lectione
467 2053 615 2087 continue
643 2051 768 2087 animus
790 2059 949 2099 pascatur,
977 2051 1061 2099 quod

312 2108 336 2142 si
366 2107 532 2142 commode
559 2106 625 2141 fieri
648 2119 709 2140 non
735 2107 860 2153 poterit,
894 2107 1001 2141 saltem
1031 2107 1060 2141 in

314 2161 494 2196 refectionis
514 2160 666 2208 principio
682 2160 848 2207 medioque
864 2168 893 2194 et
915 2160 975 2195 fine
995 2173 1063 2195 mo-

312 2216 417 2251 dicum
442 2215 516 2263 quid
540 2215 671 2261 legatur,
695 2226 786 2249 nemo
809 2214 943 2261 primum
958 2227 1064 2250 come-

313 2270 377 2316 dat,
404 2283 497 2318 quam
520 2271 609 2316 signo
625 2278 781 2304 corrector
803 2278 931 2310 auiiuat3
949 2278 978 2304 et
1005 2282 1063 2304 an-

315 2333 438 2372 tequam
467 2324 668 2360 discumbant
697 2324 825 2367 fratres,
852 2323 1000 2358 omnibus
1033 2324 1063 2359 in

314 2379 424 2414 ordine
433 2392 517 2415 suoe
529 2379 655 2426 regione
670 2379 791 2426 positis,
805 2378 857 2412 fiat
874 2377 1064 2423 benedictio,

316 2433 345 2467 in
363 2445 423 2480 qua
439 2434 580 2468 lecturus
599 2441 718 2468 tantum
735 2431 985 2467 benedictionem
1003 2444 1066 2479 pe-

317 2496 384 2523 tens
400 2488 496 2523 dicat:
515 2490 598 2528 Iube,
633 2489 763 2526 Domne,
788 2489 968 2521 benedicere.-
993 2486 1067 2521 refe-

317 2542 437 2590 ctisque
465 2542 650 2590 corporibus
672 2541 833 2586 omnibus,
856 2551 885 2576 nt
910 2541 938 2575 in
962 2541 1065 2575 bene—

317 2596 454 2632 dictione
473 2597 600 2644 positis,
624 2597 691 2631 Deo
706 2596 830 2631 debitae
847 2595 962 2642 gratiae
975 2607 1067 2641 agan-

319 2657 386 2691 tur3
408 2651 438 2685 in
452 2651 623 2687 refectoriis
637 2659 740 2686 autem
764 2650 879 2685 nostris
893 2648 1067 2684 saeculares

1099 362 1218 407 fratres,
1234 375 1304 398 cum
1328 359 1493 396 commode
1512 358 1625 394 nostris
1643 358 1673 392 in
1693 356 1770 392 locis
1792 369 1848 392 co-

1100 413 1223 447 medere
1255 411 1386 459 possint,
1410 410 1438 444 in
1467 408 1670 444 saecularium
1701 406 1848 441 domibus

1100 462 1294 506 recumbant,
1318 460 1441 495 dicente
1470 458 1661 506 Hieronymo
1680 455 1717 492 ad
1739 455 1846 491 Pauli-

1100 510 1430 555 num,deinstitutione
1443 509 1628 544 clericorum
1638 506 1846 542 saecularium

1099 569 1129 595 et
1151 562 1287 596 maxime
1304 567 1481 608 potentum,
1503 557 1684 593 communia
1707 555 1846 603 dempta;

1100 611 1237 658 hospites
1265 619 1368 646 tamen
1393 608 1482 643 hilari
1505 607 1599 643 corde
1622 615 1651 642 et
1674 605 1759 640 vultu
1782 605 1849 653 pla-

1099 661 1168 695 cido
1195 661 1418 708 suscipiantur,
1446 669 1620 705 corumque
1640 667 1747 692 curam
1763 664 1848 702 gerat

1101 711 1125 745 is
1139 718 1169 745 et
1188 722 1248 745 non
1272 711 1361 749 alter,
1383 709 1432 744 cui
1458 717 1543 755 pater
1560 705 1761 746 mandaverit,
1786 717 1847 739 non

1100 760 1218 794 homini
1246 759 1299 794 sed
1338 759 1405 793 Deo
1437 758 1618 792 existimans
1651 768 1684 791 se
1715 754 1849 798 servire,

1099 811 1170 857 quia
1206 810 1281 844 dicit
1303 808 1474 843 Dominus:
1502 808 1565 848 Oui
1584 819 1636 840 vos
1661 807 1778 851 recipit,
1805 816 1851 838 me

1099 861 1215 904 recipit,
1230 868 1259 894 et
1274 859 1362 892 alibi:
1390 859 1480 898 Quod
1500 858 1557 891 uni
1576 869 1614 890 ατ
1627 856 1762 890 minimis
1777 855 1850 888 meis

1098 911 1220 954 fecistis,
1250 909 1327 941 mihi
1346 908 1474 952 fecistis:
1491 918 1558 954 -qua
1580 906 1672 940 etiam
1696 904 1848 939 sententia

1100 958 1316 993 convincimur
1349 968 1500 1003 pauperes
1534 956 1643 990 fratres
1678 954 1758 989 inter
1794 965 1850 987 nos

1100 1008 1218 1055 despici
1242 1019 1303 1041 non
1328 1006 1454 1050 dehere,
1476 1005 1530 1039 sed
1555 1004 1645 1039 nobis
1661 1004 1758 1050 magis
1773 1003 1850 1037 invi-

1099 1069 1166 1092 cen]
1190 1057 1292 1092 Deum
1313 1055 1483 1096 honorare,
1507 1054 1549 1088 illi
1573 1066 1647 1101 ergo
1663 1054 1714 1100 qui
1732 1052 1850 1099 aliquid

1102 1107 1286 1141 videbantur
1308 1117 1377 1139 esse
1407 1105 1435 1138 in
1460 1104 1604 1145 saeculo,
1633 1115 1694 1138 non
1718 1102 1851 1137 habeant

1101 1156 1223 1191 fastidio
1239 1156 1349 1190 fratres
1365 1167 1453 1198 suos,
1471 1153 1524 1201 qui
1543 1153 1581 1188 ad
1605 1153 1694 1187 istam
1711 1159 1849 1187 sanctam

1100 1206 1278 1241 societatem
1303 1217 1343 1238 ex
1367 1211 1548 1252 paupertate
1577 1202 1730 1242 venerint,
1754 1201 1852 1247 magis

1100 1264 1202 1290 autem
1227 1254 1373 1290 studeant
1397 1253 1512 1288 nonde
1529 1260 1695 1300 parentum
1719 1250 1850 1285 divitum

1101 1305 1263 1351 dignitate,
1278 1304 1332 1339 sed
1353 1304 1392 1338 de
1408 1314 1583 1350 pauperum
1606 1301 1735 1336 fratrum
1758 1299 1851 1335 socie-

1103 1363 1161 1389 tate
1177 1355 1313 1401 gloriari.
1336 1353 1404 1387 Non
1428 1352 1627 1392 extollantur,
1647 1351 1671 1386 si
1691 1350 1851 1386 communi

1102 1405 1181 1439 vitae
1203 1413 1254 1439 ant
1284 1403 1433 1438 ecclesiae
1460 1401 1575 1449 aliquid
1599 1401 1637 1436 de
1659 1401 1725 1435 suis
1752 1399 1852 1434 facul-

1101 1454 1215 1488 tatibus
1236 1453 1436 1493 contulerint,
1450 1464 1505 1486 nec
1516 1451 1554 1486 de
1570 1451 1634 1485 suis
1656 1449 1772 1485 divitiis
1785 1461 1852 1484 ma-

1101 1504 1147 1549 gis
1183 1503 1387 1551 superbiant,
1414 1501 1555 1549 quamsi
1584 1500 1629 1535 eis
1664 1500 1694 1534 in
1727 1498 1852 1534 saeculo

1101 1553 1293 1588 fruerentur:
1320 1564 1427 1587 rursus
1442 1551 1533 1586 etiam
1556 1550 1609 1596 qui
1630 1549 1672 1584 nil
1695 1548 1852 1584 habebant

1102 1604 1131 1637 in
1156 1604 1368 1647 saecu10,non
1384 1614 1419 1636 ea
1442 1607 1592 1648 quaerant
1606 1600 1636 1634 in
1651 1598 1852 1642 monasterio,

1102 1665 1181 1700 quae
1197 1665 1253 1688 nec
1269 1652 1342 1688 soris
1358 1651 1473 1686 habere
1489 1648 1735 1697 potuerunt;sed
1749 1656 1851 1683 tamen

1102 1715 1210 1738 eorum
1226 1701 1398 1737 infirmitati
1419 1700 1503 1748 quod
1519 1712 1599 1747 opus
1613 1707 1661 1734 est
1687 1698 1853 1738 tribuatur,

1102 1753 1224 1788 etiamsi
1266 1758 1435 1800 paupertas
1461 1762 1582 1790 eorum,
1619 1747 1744 1796 quando
1778 1747 1854 1782 foris

1103 1811 1201 1843 erant,
1217 1814 1276 1837 nec
1291 1803 1355 1848 ipsa
1372 1800 1548 1836 necessaria
1566 1806 1685 1846 poterat
1704 1797 1854 1838 invenire,

1104 1865 1164 1887 non
1196 1860 1299 1887 tamen
1333 1850 1402 1885 ideo
1430 1856 1539 1897 putent
1566 1861 1600 1883 se
1634 1860 1702 1883 esse
1730 1847 1854 1892 felices,

1103 1906 1172 1954 quia
1197 1907 1386 1941 invenerunt
1412 1904 1527 1938 victum
1560 1911 1590 1938 et
1623 1909 1853 1949 tegumentum,

1103 1960 1195 2008 quale
1221 1960 1295 1995 foris
1323 1959 1461 1994 invenire
1489 1970 1550 1992 non
1581 1964 1768 2005 potuerunt,
1796 1967 1853 1990 nec

1104 2016 1222 2062 erigant
1244 2014 1414 2058 cervicem,
1431 2014 1505 2061 quia
1527 2012 1722 2047 associentur
1742 2011 1798 2052 eis,
1814 2011 1852 2046 ad

1104 2082 1183 2118 quos
1216 2069 1290 2105 foris
1316 2068 1466 2104 accedere
1501 2080 1562 2102 non
1596 2065 1765 2108 audebant;
1796 2065 1851 2101 sed

1104 2137 1229 2159 sursum
1257 2136 1311 2159 cor
1335 2122 1482 2167 habeant,
1503 2130 1532 2156 et
1547 2129 1668 2155 terrena
1690 2132 1766 2155 vana
1788 2132 1851 2155 non

1105 2186 1267 2227 quaerant,
1282 2178 1442 2225 pristinam
1460 2182 1673 2224 paupertatem
1688 2183 1760 2209 ante
1775 2186 1853 2209 oeu—

1104 2234 1150 2269 los
1176 2245 1301 2280 semper
1326 2231 1490 2275 habentes,
1518 2242 1557 2265 ne
1592 2230 1617 2264 si
1640 2228 1678 2264 de
1706 2228 1852 2276 religioso

1105 2288 1213 2323 habitu
1236 2299 1269 2322 se
1291 2285 1509 2333 superbientes
1536 2284 1672 2330 erigant,
1695 2282 1748 2318 illo
1770 2282 1852 2317 indi-

1105 2355 1184 2390 gnos
1207 2354 1276 2377 esse
1293 2340 1421 2376 omnino
1443 2351 1476 2374 se
1503 2338 1730 2374 demonstrent.

1411 2412 1492 2447 CAP.
1512 2410 1552 2446 X.

1865 253 1913 279 An.
1931 252 1959 279 C.
1974 253 2041 280 leoz

1890 615 2018 642 nnspnnma

1875 912 1944 933 Mutua
1959 913 2049 933 chariu-

1866 948 1894 965 te.

1894 1359 2022 1380 numilitate

1156 2487 1175 2534 g
1199 2489 1254 2520 tt.
1277 2484 1434 2528 Quoniam
1470 2491 1646 2530 peceatum,
1681 2481 1763 2530 quod
1800 2493 1855 2529 per
1878 2492 2051 2516 necontessione

1869 2528 1890 2545 ΘΙ
1920 2528 2052 2546 §assumento

1108 2541 1328 2588 poenitentiam
1347 2551 1406 2573 non
1430 2537 1571 2579 diluitur,
1595 2549 1665 2572 mox
1687 2549 1745 2571 suo
1769 2548 1855 2583 pon-
1869 2555 2026 2581 ffic.„,15.;22‚

1107 2595 1180 2629 dere
1201 2594 1237 2629 ad
1266 2593 1349 2628 aliud
1372 2592 1475 2633 trahit,
1505 2591 1721 2639 unusquisque
1755 2589 1854 2625 semel

1108 2648 1238 2695 singulis
1257 2646 1463 2682 hebdomadis
1482 2646 1518 2680 ad
1537 2646 1640 2679 minus
1659 2644 1854 2684 confiteatur,
