2281 3251
53 319 101 348 An.
118 318 145 345 C.
164 319 228 346 152¹

532 370 630 406 xcvi
657 374 711 416 (t).

247 454 417 489 Damnatio
438 460 463 486 et
482 454 754 487 excommunicatio
782 455 915 488 Martini
935 455 994 489 Lu-

296 504 374 538 tlteri
395 504 537 536 haeretici
556 509 583 536 et
604 504 666 536 eius
687 505 870 548 sequacium.

512 585 722 615 sulimatum}

249 646 435 677 Prooemium.
466 663 505 669 -
538 647 564 676 t.
598 646 731 677 Pontifex
765 647 854 677 edidit
893 652 992 677 contra

289 691 444 721 Lulherum
463 691 548 720 aliam
566 692 816 727 constitutionem,
831 708 868 713 —
883 691 910 721 ⁶2.
928 691 995 721 Post

288 736 372 765 cuius
399 735 625 775 publicationem
649 735 730 765 multi
752 736 832 765 illius
851 745 993 774 sequaces

288 780 322 810 nd
344 780 427 810 sidem
449 781 621 810 catholicam
642 780 774 809 conversi
794 785 871 816 sunt;
890 781 995 810 Luthe-

287 833 338 853 rus
366 829 462 853 antem
487 825 584 862 peiora
608 824 774 861 commisit,
797 829 823 854 et
851 834 993 863 sequaces

289 868 396 899 multos
411 869 522 898 habuit.
535 869 610 898 -3.
630 869 782 898 lllartinum
804 869 868 898 ideo
885 874 911 898 et
930 869 994 898 eius

288 923 429 953 sequaces
448 914 682 949 anathematizat,
699 919 726 942 et
746 914 818 943 alias
832 923 938 953 poenas
953 914 996 943 in-

287 958 415 988 currisse
435 958 574 995 decernit,
591 975 630 980 —
646 958 675 988 4.
694 957 882 987 Interdictum
902 959 996 987 eccle-

287 1003 438 1033 siasticum
464 1003 592 1041 app0ni13
613 1020 652 1025 --
673 1003 700 1032 5.
724 1002 851 1041 lllosqnc
876 1012 890 1032 a
915 1012 996 1040 prae-

288 1047 353 1076 latis
370 1047 637 1076 excommunicatos
656 1047 799 1084 publicari
819 1048 997 1085 mandau—

287 1092 313 1122 5.
342 1091 375 1121 Et
407 1095 504 1121 contra
535 1090 648 1121 Martini
677 1091 816 1121 haereses
845 1092 995 1122 ardentius

288 1135 450 1174 praedicari
479 1135 568 1165 iubet.
599 1151 639 1157 —
666 1135 691 1164 7.
715 1134 878 1164 Publicatio
908 1136 995 1165 huius

287 1180 449 1209 sententiae
473 1188 547 1218 quos
577 1179 657 1217 ligat.
682 1196 720 1200 —
743 1179 770 1208 8.
790 1178 996 1218 Transumptis

287 1223 367 1253 credi
390 1223 529 1253 declarat.
557 1240 596 1245 —
622 1223 649 1253 9.
671 1222 913 1262 Quibuscumque
938 1233 996 1253 non

288 1266 483 1297 obstantibus.
505 1284 543 1289 —
566 1267 611 1297 10.
627 1266 744 1296 Sanctio
764 1267 907 1305 poenalis.

330 1340 378 1369 Leo
406 1340 547 1375 episcopus
571 1346 666 1368 servus
690 1345 829 1367 servorum
848 1338 907 1371 Dei,

383 1390 417 1418 ad
435 1390 596 1425 perpetuam
626 1388 667 1417 rei
696 1388 863 1417 memoriam.

298 1460 398 1494 Decet
432 1458 609 1493 Romanum
637 1457 845 1498 Pontificem,
869 1469 907 1492 ex
935 1465 995 1492 tra-

79 1516 210 1538 Prooemium.
251 1510 312 1544 dita
341 1509 399 1543 sibi
435 1508 587 1542 divinitus
623 1515 796 1554 potestate,
826 1520 997 1554 poenarum

251 1559 464 1606 spiritualium
493 1567 523 1593 et
552 1558 796 1603 temporalium,
821 1570 875 1603 pro
905 1558 999 1591 meri-

253 1618 354 1644 torum
387 1608 584 1647 diversitate,
608 1607 854 1653 dispensatorem
882 1607 1000 1641 consti-

254 1667 367 1699 tutum,
389 1657 428 1692 ad
453 1656 688 1705 reprimendum
710 1656 846 1691 nefarios
868 1664 1000 1690 conatus

253 1720 486 1757 perversorum,
509 1719 588 1753 quos
607 1707 719 1741 noxiae
742 1706 910 1740 voluntatis
923 1705 1000 1740 adeo

253 1759 419 1806 depravata
438 1758 573 1805 captivat
596 1756 740 1797 intentio,
756 1765 799 1795 ut,
817 1755 874 1790 Dei
890 1756 1001 1789 timore

256 1808 449 1855 postposito,
485 1806 645 1841 canonicis
671 1805 887 1841 sanctionibus
915 1817 1002 1838 man-

255 1858 397 1904 datisque
425 1856 606 1904 apostolicis
634 1856 784 1902 neglectis
811 1864 902 1901 atque
925 1867 1001 1888 con-

256 1908 394 1954 temptis,
414 1919 491 1941 nova
511 1915 540 1941 et
562 1906 634 1940 falsa
650 1905 792 1951 dogmata
815 1905 1002 1950 excogitare,

256 1971 291 1993 ac
318 1958 347 1991 in
376 1956 519 1992 Ecclesia
543 1955 599 1989 Dei
625 1955 776 1989 nefarium
799 1954 936 1988 schisma
955 1954 1004 1987 in-

255 2008 382 2052 ducere,
404 2014 457 2041 aut
483 2005 692 2040 schismaticis
720 2005 797 2051 ipsis
831 2003 1005 2038 inconsuti-

255 2057 316 2092 lem
338 2056 563 2102 Redemptoris
588 2055 686 2088 nostri
714 2054 850 2088 tunicam
867 2081 875 2092 ,
897 2053 1006 2088 ortho-

256 2108 419 2153 doxaeque
442 2105 514 2139 fidei
535 2104 686 2139 unitatem
706 2103 848 2137 scindere
863 2112 1005 2149 satagen-

256 2157 352 2197 tibus,
369 2157 507 2190 l'avorem
531 2154 691 2201 praebere,
711 2154 866 2191 assistere,
889 2152 1006 2186 adhae-

257 2217 390 2253 rereque
413 2217 474 2239 non
504 2212 672 2247 verentur,
700 2215 738 2236 ne
763 2203 845 2237 Petri
863 2202 1005 2237 navicula

257 2256 326 2290 sine
352 2254 561 2302 gubernatore
588 2261 618 2287 et
645 2253 765 2298 remige
788 2252 932 2298 navigare
960 2251 1006 2285 vi-

258 2306 390 2341 deatur,
418 2313 523 2339 contra
552 2303 627 2338 tales
655 2314 829 2348 eorumque
858 2313 1007 2348 sequaces

258 2356 361 2390 acrius
388 2355 553 2400 insurgere
576 2360 605 2386 et
625 2352 865 2398 exaggeratione
890 2363 1008 2398 poena-

260 2417 328 2439 rum
351 2412 381 2439 et
407 2403 484 2438 alias
511 2410 690 2450 opportuno
713 2400 852 2435 remedio
876 2401 915 2434 ita
936 2413 1008 2447 pro-

261 2454 376 2494 videre,
387 2453 528 2488 neiidem
546 2459 779 2498 contemptores
795 2451 824 2484 in
840 2450 1006 2496 reprobum

261 2516 388 2539 sensum
423 2503 502 2543 dati,
533 2501 656 2548 illisque
691 2500 896 2534 adhaerentes
924 2499 1009 2534 salsis

262 2553 450 2589 commentis
492 2564 527 2586 ac
565 2550 709 2585 subdolis
744 2562 851 2584 eorum
881 2549 1008 2583 malitiis

263 2603 440 2650 simplicem
464 2601 586 2637 turbam
615 2599 784 2647 decipiant,
801 2611 837 2633 ac
864 2599 893 2633 in
917 2611 1009 2633 eum-

298 2674 337 2709 (t)
356 2674 429 2700 Hanc
446 2673 514 2707 leges
534 2673 560 2699 in
577 2671 653 2699 Rom.
670 2670 741 2698 Edit.
760 2670 810 2698 sub
827 2678 938 2697 nurnero
954 2678 1009 2697 va

265 2715 302 2750 (a.
319 2715 368 2749 τ.).

344 2758 417 2789 Ball.
441 2758 516 2789 Rom.
538 2757 592 2788 t'ol,
618 2756 646 2787 l'.
815 2756 851 2785 9ss

927 318 987 341 LEO
1008 319 1029 341 X
1053 318 1099 340 ΙΨ.

1661 305 1723 337 761

1034 372 1104 407 dem
1133 383 1271 406 errorem
1300 380 1328 405 et
1358 370 1476 405 ruinam
1505 381 1612 405 secum
1632 370 1780 413 trahant,

1034 434 1068 456 ac
1098 421 1191 456 veluti
1216 421 1325 455 morbo
1353 420 1533 466 contagioso
1556 420 1780 460 contaminen13

1034 479 1063 506 et
1085 472 1120 505 ad
1151 471 1298 505 maiorem
1324 471 1459 517 ipsorum
1477 469 1693 503 damnatorum
1710 481 1783 503 con-

1036 522 1202 559 fusionem,
1217 520 1364 555 omnibus
1385 519 1642 553 christifidelibus
1656 518 1781 565 publice

1034 570 1202 604 ostendere
1230 582 1265 603 ac
1289 569 1388 615 palam
1412 568 1571 603 declarare
1598 579 1693 615 quam
1718 567 1782 602 sor-

1036 619 1229 654 midabilium
1258 630 1462 653 censurarum
1486 625 1515 651 et
1544 629 1713 663 poenarum
1739 616 1780 651 illi

1037 670 1076 703 rei
1101 670 1245 712 existant,
1273 668 1309 701 ad
1340 668 1408 706 hoc,
1432 676 1464 701 ut
1487 667 1542 712 ipsi
1568 667 1613 700 sic
1635 666 1782 700 declarati

1035 727 1064 753 et
1089 718 1248 765 publicati,
1265 718 1386 750 confusi
1411 716 1535 750 tandem
1553 724 1582 750 et
1599 717 1780 763 compuncti

1035 769 1071 803 ad
1107 780 1160 802 cor
1192 779 1284 800 suum
1317 766 1442 810 redire,
1472 774 1501 800 et
1532 766 1570 799 ab
1597 765 1780 799 eorumdem

1035 825 1377 852 excommunicatorum
1400 824 1430 849 et
1452 815 1780 849 anathematizatorum

1037 868 1189 913 prohibita
1218 865 1454 901 conversatione
1481 873 1510 899 et
1548 864 1782 910 participatione

1035 929 1070 950 ac
1098 917 1190 951 etiam
1219 916 1396 950 obedientia
1429 926 1461 948 se
1502 914 1626 961 penitus
1653 913 1783 947 subtra—

1037 967 1126 1009 hant,
1151 976 1183 1001 ut
1205 966 1339 999 divinam
1375 965 1522 998 ultionem
1546 963 1689 1006 evadant,
1714 964 1784 997 illo-

1038 1028 1169 1063 rumque
1205 1014 1413 1049 damnationis
1452 1014 1619 1061 participes
1655 1013 1784 1047 mininie

1038 1067 1122 1099 liant.

1085 1119 1100 1158 ξ
1124 1117 1153 1148 1.
1181 1113 1264 1149 Sane
1282 1113 1369 1155 alias,
1384 1124 1455 1146 cum
1480 1112 1609 1160 quidam
1628 1111 1694 1146 falsi
1712 1111 1781 1145 fidei
1811 1121 1847 1157 nic
1865 1122 1940 1143 eonor.
1956 1129 1981 1144 0-

1037 1164 1184 1205 cultores,
1200 1163 1308 1196 mundi
1324 1162 1453 1206 gloriam
1469 1170 1653 1208 quaerentes
1666 1169 1717 1195 etc.
1729 1164 1752 1204 (1
1763 1166 1781 1204 ).
1798 1153 1981 1205 fflssiss²ussss⁷¹¹⁸2fi¹ss

1085 1214 1105 1260 g
1121 1217 1152 1247 2.
1176 1212 1257 1246 Cum
1281 1220 1398 1254 autem,
1413 1212 1492 1246 sicut
1506 1212 1697 1257 accepimus,
1714 1211 1785 1246 licet
1799 1216 1977 1240 confit-tutioum.

1038 1270 1108 1309 post
1138 1262 1299 1296 literarum
1332 1261 1508 1295 affixionem
1537 1268 1567 1293 et
1591 1260 1785 1306 publicatio-

1039 1324 1123 1355 nem,
1152 1320 1220 1357 post
1243 1311 1383 1356 elapsum
1407 1310 1531 1343 termini
1556 1321 1611 1343 seu
1640 1309 1786 1343 termino-

1040 1374 1107 1395 rum
1132 1361 1310 1395 huiusmodi
1340 1360 1368 1393 in
1398 1359 1494 1393 literis
1529 1371 1583 1405 per
1614 1371 1670 1392 nos
1695 1370 1785 1405 prae·
1813 1368 1983 1403 Pontum-pu-

1040 1412 1091 1445 fixi
1120 1423 1174 1445 seu
1200 1410 1407 1456 praefixorum
1434 1412 1538 1456 (quos
1565 1407 1692 1454 quidem
1716 1415 1784 1441 ter—
1799 1400 1907 1421 ⁵¹¹⁴³³¹'⁴“·
1926 1402 1982 1421 mum

1799 1432 1854 1452 illius
1881 1438 1902 1452 re
1921 1437 1984 1452 uate·

1039 1461 1142 1495 minos
1181 1460 1302 1506 elapsos
1338 1459 1433 1493 fuisse
1469 1466 1498 1492 et
1537 1469 1605 1492 esse
1637 1456 1784 1491 omnibu<
1799 1439 1984 1483 &Miserrima-

1040 1509 1296 1545 christifitlelibus
1333 1520 1387 1554 per
1415 1516 1594 1554 praesentes
1624 1507 1784 1554 signitica-
1800 1493 1860 1548 iiiam
1873 1499 1985 1546 ‘1⁸10'ngss

1042 1572 1111 1594 nius
1138 1569 1167 1593 et
1192 1559 1281 1593 tidem
1312 1558 1466 1600 facimus),
1490 1556 1632 1591 nonnulli
1661 1569 1698 1591 ex
1725 1557 1986 1607 eis,‡¹‡i'¹<'is‘c=t'ffjss¹¹¹j

1040 1609 1093 1657 qui
1116 1609 1257 1643 eiusdem
1286 1608 1409 1642 Martini
1443 1619 1563 1641 errores
1591 1607 1689 1640 secuti
1717 1604 1835 1640 sue-003
1853 1595 1984 1639 nunniti-

1042 1668 1119 1703 rant,
1147 1659 1284 1705 ipsarum
1315 1657 1473 1690 literarum
1510 1668 1546 1690 ac
1576 1656 1784 1690 monitionum
1801 1652 1851 1672 '³⁰³¹'

1041 1717 1071 1743 et
1101 1708 1320 1742 mandatorum
1358 1716 1534 1740 nostrorum
1567 1706 1708 1739 notitiam
1732 1706 1788 1739 ha-

1043 1759 1171 1797 bentes,
1210 1757 1322 1803 spiritu
1346 1757 1481 1790 sanioris
1511 1755 1631 1790 consilii
1669 1755 1704 1789 ad
1735 1768 1789 1789 cor

1044 1808 1180 1847 reversi,
1203 1819 1323 1841 errores
1346 1818 1420 1839 suos
1446 1805 1632 1839 confitentes
1658 1813 1687 1839 et
1714 1805 1791 1839 liae-

1045 1858 1138 1892 resim
1174 1858 1203 1890 in
1234 1855 1379 1891 manibus
1402 1855 1519 1889 nostris
1541 1855 1738 1898 abiurantes,
1761 1863 1790 1888 et

1043 1908 1080 1942 ad
1105 1919 1207 1941 veram
1231 1906 1324 1940 [idem
1347 1905 1531 1939 catholicam
1551 1917 1584 1938 se
1603 1913 1790 1938 converten-

1045 1965 1102 2000 tes,
1124 1956 1334 1991 absolutionis
1357 1955 1557 1994 beneficium,
1581 1954 1663 1988 iuxta
1693 1953 1792 1988 sacul-

1046 2015 1139 2041 tatem
1160 2005 1278 2041 eisdem
1299 2005 1423 2039 nunciis
1438 2005 1574 2050 desuper
1596 2016 1790 2046 concessam,

1045 2056 1253 2095 obtinuerint,
1273 2064 1302 2089 et
1325 2055 1353 2088 in
1383 2053 1543 2088 nonnullis
1570 2053 1747 2088 civitatibus
1762 2061 1792 2087 et

1046 2107 1122 2140 locis
1146 2106 1246 2139 dictae
1285 2104 1466 2138 Alemaniae
1490 2103 1557 2137 libri
1574 2111 1603 2137 et
1618 2104 1792 2149 scripturae

1047 2156 1121 2190 dicti
1150 2154 1286 2197 Martini,
1310 2154 1394 2187 iuxta
1424 2154 1566 2186 mandata
1593 2160 1708 2192 nostra,
1733 2165 1793 2200 pu-

1048 2206 1127 2239 blice
1144 2204 1272 2239 cremati
1296 2203 1422 2242 fueritin
1438 2210 1538 2236 tamen
1556 2203 1622 2248 ipse
1639 2201 1793 2236 Martinus

1047 2254 1142 2301 (quod
1171 2266 1232 2289 non
1260 2254 1328 2287 sine
1359 2252 1442 2298 gravi
1476 2252 1571 2286 animi
1597 2252 1735 2285 molestia
1764 2260 1793 2285 et

1048 2305 1162 2339 mentis
1202 2311 1325 2337 nostrae
1362 2301 1595 2348 perturbatione
1618 2301 1794 2345 referimus)

1049 2355 1079 2388 in
1114 2353 1281 2400 reprobum
1315 2364 1442 2386 sensum
1466 2351 1571 2390 datus,
1606 2363 1667 2384 non
1691 2350 1792 2384 solum

1048 2416 1170 2439 errores
1192 2414 1267 2436 suos
1290 2401 1365 2435 infra
1391 2401 1596 2446 praemissum
1625 2400 1791 2434 terminum

1050 2465 1204 2492 revocare,
1221 2460 1249 2487 et
1265 2451 1303 2486 de
1322 2451 1518 2484 revocatione
1541 2449 1721 2484 huiusmodi
1738 2461 1795 2483 uos

1050 2503 1199 2538 certiores
1222 2501 1339 2540 facere,
1362 2512 1416 2534 seu
1445 2499 1482 2533 ad
1511 2511 1568 2533 nos
1592 2500 1695 2532 venire
1718 2510 1793 2532 con-

1050 2553 1187 2600 tempsit3
1215 2563 1335 2594 verum,
1350 2558 1506 2596 tamquam
1532 2556 1615 2595 petra
1643 2547 1794 2591 scandali,

1050 2603 1153 2650 peiora
1177 2600 1332 2649 prioribus
1354 2607 1461 2634 contra
1485 2610 1541 2632 nos=
1565 2606 1594 2633 et
1617 2597 1696 2632 banc
1721 2609 1794 2631 san-

1795 317 1842 341 An.
1861 314 1888 341 C.
1909 314 1971 341 mat

1084 2674 1122 2708 (l)
1139 2672 1275 2701 Omittitur
1293 2671 1428 2698 residuum
1446 2670 1523 2696 huius
1540 2668 1689 2695 narrativae
1702 2688 1708 2700 ‚
1725 2676 1795 2703 quo-

1049 2713 1116 2741 niam
1135 2718 1188 2740 tota
1205 2713 1272 2739 bulla
1289 2712 1401 2739 habetur
1417 2710 1467 2738 sub
1486 2718 1559 2738 num.
1574 2717 1649 2742 xL1V,
1661 2716 1718 2745 pag.
1731 2709 1792 2736 7118.
