2281 3251
248 263 298 289 An.
316 261 346 289 C.
361 262 430 289 {⁸39

270 1902 355 1929 Septem
369 1905 443 1922 saera-

258 1934 337 1954 menti·
374 1936 443 1953 novae

258 1964 326 1990 legin

496 248 542 284 118

447 316 607 351 nallll'alPS
632 317 808 352 B'Olunllsst‘s
835 325 864 351 el.
898 317 1097 363 operationes
1119 328 1198 349 COH-

448 366 583 405 litemur,
595 365 631 400 ad
646 366 776 400 salutem
788 366 956 401 humanam
973 366 1197 400 contenienter

450 416 480 450 in
503 428 540 450 eo
565 424 803 450 concurrentes.

497 470 512 508 ξ
527 468 559 499 8.
573 464 706 507 Quarto,
720 466 868 512 qnoniam
893 465 1046 498 hactenns
1063 463 1121 509 ipsi
1137 463 1198 497 Ar-

249 518 366 569 ,ξςξ-(Ιζιῑὲζ
386 525 436 570 Μᾞ
451 515 546 551 meni.
562 523 683 561 praeter
699 514 754 549 has
770 524 832 548 tres
846 513 1197 552 Nicaenam,(]onstan-

248 581 274 600 a·
288 565 688 611 a.uonsae-tiiiopotitanain
713 573 742 598 et
765 563 958 611 Epltcsinam
984 563 1129 609 primam,
1145 575 1198 609 sy-

249 611 292 630 bn·
309 612 434 631 vener-tio-

450 613 569 655 nodos,
609 613 711 647 nullas
750 614 825 648 alias
860 612 1056 646 universales
1091 621 1197 658 postca

449 662 633 704 celebratas,
653 675 710 697 nec
733 663 837 709 ipsum
863 662 1079 696 beatissimum
1105 661 1200 696 huius

449 720 578 746 sanctae
606 711 701 746 Sedis
734 711 903 745 antistitem
932 710 1087 754 Leonem⁷
1109 711 1200 745 cuius

448 762 632 796 auctoritate
660 761 724 808 ipsa
759 760 1031 795 Chalcedonensis
1059 760 1201 808 synodus

448 811 549 845 extitit
564 818 767 857 congregata,
781 819 1002 857 susceperunt,
1025 819 1202 844 asserentes

449 860 566 894 eisdem
595 859 692 893 fuisse
722 868 922 906 suggestum,
945 867 1006 895 tam
1044 859 1200 907 synodum

451 910 548 954 ipsam
564 908 973 956 Chalcc‹lonensem,quam
992 918 1201 944 memoratum

449 958 602 1001 Leonem,
636 958 813 993 secundum
854 959 1032 993 damnatam
1067 958 1202 994 Nestorii

449 1007 605 1047 haeresim,
618 1006 836 1042 definitionem
853 1007 980 1044 fecisse:
994 1009 1204 1045 instruximus

448 1069 503 1091 eos
536 1065 566 1091 et
600 1056 842 1101 declaravimus,
877 1057 1060 1093 huiusmodi
1094 1058 1203 1094 salsam

449 1105 546 1141 fuisse
568 1107 816 1153 suggestionem,
845 1108 1008 1155 ipsamque
1044 1109 1202 1156 synodum

449 1155 741 1191 chalcedonensem
765 1164 795 1191 et
815 1156 1030 1193 beatissimum
1053 1157 1204 1204 Leonem,

450 1213 557 1240 sancte
579 1214 609 1240 et
638 1215 720 1241 recte
757 1206 917 1241 veritatem
955 1207 993 1243 de
1021 1207 1146 1243 duabus
1173 1209 1204 1244 in

452 1267 511 1289 una
536 1267 667 1302 persona
696 1254 812 1290 Christi
842 1257 962 1292 naturis
984 1258 1134 1303 superius
1146 1258 1206 1294 de-

450 1306 600 1350 scriptam
625 1304 817 1349 definivisse,
834 1315 942 1341 contra
959 1307 1054 1354 impia
1068 1306 1205 1344 Nestorii

452 1362 482 1388 et
504 1353 658 1402 Eutychis
692 1354 851 1401 dogmata,
888 1356 1151 1404 iniunximusque
1175 1367 1207 1393 ut

453 1404 556 1449 ipsum
595 1403 813 1439 beatissimum
848 1404 1006 1450 Leonem,
1034 1407 1087 1453 qui
1118 1420 1208 1444 verae

453 1453 524 1487 lidei
548 1453 693 1488 columna
718 1453 784 1495 fuit,
807 1463 838 1489 et
865 1456 950 1490 omni
979 1457 1144 1492 sanctitate
1178 1465 1209 1493 et

453 1502 594 1537 doctrina
623 1503 767 1544 refertus,
803 1512 962 1551 tamquam
993 1514 1153 1550 sanctum,
1178 1516 1208 1542 et

454 1553 483 1586 in
507 1551 671 1599 cathalogo
681 1562 861 1588 sanctorum
877 1555 991 1589 merito
1001 1554 1208 1604 descriptum,

453 1601 491 1636 ‹le
514 1610 619 1637 cetero
650 1612 797 1650 reputent
833 1612 863 1638 et
887 1613 1088 1650 venerentur,
1115 1615 1210 1654 atque

454 1663 518 1686 non
552 1651 654 1686 solum
690 1652 790 1688 dictas
825 1662 887 1688 tres
918 1655 1070 1702 synodos,
1096 1656 1150 1691 sed
1180 1665 1209 1692 et

454 1712 564 1736 omnes
596 1701 673 1736 alias
702 1703 905 1743 universales,
930 1706 1116 1741 auctoritate
1143 1705 1211 1742 Ro-

455 1751 538 1785 mani
564 1750 726 1786 Pontilicis
742 1752 881 1799 legitime
904 1753 1093 1795 celebratas,
1116 1756 1210 1791 sicuti

457 1807 487 1834 et
512 1801 605 1835 ceteri
635 1800 756 1846 fideles,
779 1811 960 1837 reverenter
981 1805 1170 1851 suscipiant.

507 1848 581 1896 §9-
612 1849 743 1892 Quinto,
775 1851 1064 1887 ecclesiasticorum
1100 1866 1212 1889 sacra-

458 1908 635 1933 mentorum
660 1900 834 1939 veritatem,
860 1913 915 1948 pro
935 1901 1076 1949 ipsorum
1097 1903 1214 1940 Arme-

459 1959 584 1988 norum.
607 1956 668 1983 tam
685 1951 895 1995 praesentium
908 1963 1004 1997 quam
1020 1951 1212 1998 futurorum,

458 1996 587 2033 faciliori
610 1997 765 2043 doctriua,
792 1999 852 2033 sub
874 1999 932 2035 hac
955 2000 1136 2037 brevissima
1161 2015 1214 2038 re-

458 2047 597 2093 digimus
614 2047 758 2082 formula.
782 2048 888 2084 Novae
903 2049 982 2095 legis
1001 2060 1123 2099 septem
1140 2062 1214 2088 sunt

458 2109 665 2143 sacramenta,
688 2102 832 2138 videlicet
865 2102 1057 2150 Baptismus,
1087 2104 1214 2141 Conlir-

460 2155 568 2195 matio,
600 2155 813 2197 Eucharistia,
837 2156 1052 2199 poenitentia,
1075 2167 1213 2194 extrema

460 2206 594 2249 Unctio,
617 2208 704 2245 Ordo
717 2220 744 2246 et
760 2211 1014 2253 Matrimonium,
1030 2225 1109 2260 qnae
1130 2214 1216 2249 mul-

461 2271 558 2309 tuma
571 2267 775 2301 sacramentis
795 2265 944 2301 diss'erunt
966 2267 1112 2314 antiquae
1126 2267 1214 2315 legis.

460 2314 515 2352 Illa
538 2318 623 2353 enim
641 2331 702 2354 non
719 2319 890 2355 causabant
903 2321 1048 2366 gratiam,
1068 2320 1122 2356 sed
1145 2334 1213 2356 eam

462 2372 565 2407 solum
587 2385 641 2419 per
664 2375 844 2420 passionem
861 2374 978 2410 Christi
995 2375 1129 2410 dandam
1146 2372 1215 2412 esse

463 2426 656 2474 figurabant:
686 2427 762 2463 haec
779 2441 850 2463 vero
874 2438 977 2464 nostra
1000 2439 1030 2465 et
1052 2431 1215 2466 continent

462 2481 606 2528 gratiam,
643 2491 673 2517 et
708 2483 808 2530 ipsam
837 2483 933 2530 digne
969 2484 1217 2531 suscipientibus

462 2535 640 2571 conserunt.
656 2535 778 2572 Horum
801 2537 943 2584 quinque
971 2538 1068 2584 prima
1091 2537 1130 2572 ad
1150 2538 1218 2585 spi-

463 2589 603 2625 ritualem
619 2591 873 2638 uniuscuiusque
889 2590 1028 2626 hominis
1048 2591 1077 2625 in
1097 2603 1131 2626 se
1150 2591 1217 2638 ipso

463 2643 703 2695 perlectionem,
723 2644 788 2680 duo
805 2644 912 2680 ultima
928 2645 965 2681 ad
989 2645 1088 2681 totius
1108 2644 1217 2682 Eccle-

1026 261 1213 284 Bt't.t.Antt'»t
1243 260 1403 283 ttmuxm

1239 316 1304 350 siae
1332 316 1487 362 regimen,
1516 316 1882 364 multiplicationemque
1908 315 1998 351 ordi-

1241 373 1310 399 nata
1333 375 1418 400 sunt.
1444 365 1503 400 l’er
1518 365 1713 412 Baptismum
1734 366 1820 401 enim
1844 366 1998 414 spiritua—

1241 415 1310 449 liter
1331 415 1538 455 renascimun
1561 428 1616 462 per
1632 415 1916 450 Conlirmationem
1939 427 1999 450 au-

1240 476 1352 509 gemur
1387 465 1416 498 in
1444 465 1542 510 gratia
1577 473 1607 499 ct
1635 465 1822 500 roboramur
1853 465 1882 500 in
1918 464 1999 504 fide;

1242 513 1339 547 renati
1355 522 1460 548 autem
1484 522 1514 548 et
1538 514 1687 558 roborati,
1711 515 1872 549 nutrimur
1893 514 1997 549 divina

1243 562 1458 597 Eucharistiae
1485 562 1651 604 alimonia;
1671 564 1755 610 quod
1783 564 1809 598 si
1839 576 1894 611 per
1923 575 2000 611 pec-

1243 620 1347 646 catum
1382 612 1614 658 aegritudinem
1651 613 1845 648 incurrimus
1864 613 2001 656 animae,

1244 673 1299 707 per
1323 661 1552 696 poenitentiam
1593 663 1797 708 spiritualiter
1828 674 2001 702 sanamur3

1243 711 1449 756 spiritualiter
1471 711 1564 745 etiam
1588 719 1618 746 et
1657 712 1864 758 corporaliter
1890 714 2002 758 (prout

1243 761 1367 794 animae
1382 759 1528 807 expedit)
1547 772 1602 807 per
1613 768 1783 796 extremam
1799 760 2002 796 Unctionem.

1245 809 1305 844 Per
1332 809 1487 844 Ordinem
1518 821 1589 844 vero
1623 808 1765 845 Ecclesia
1806 810 2003 856 gubernatur

1245 868 1273 893 et
1297 858 1529 906 multiplicatur
1555 859 1775 906 spiritualiter.
1805 859 1866 894 Per
1887 858 2004 894 Matri-

1247 909 1387 943 monium
1411 908 1621 955 corporaliter
1635 918 1778 955 augetur.
1794 907 1879 943 Haec
1897 909 2003 944 omnia

1245 967 1442 993 sacramenta
1473 957 1575 992 tribus
1611 959 1829 1005 perficiuntur,
1859 958 2006 993 videlicet

1247 1008 1343 1043 rebus
1366 1016 1525 1055 tamquam
1550 1009 1692 1048 materia,
1717 1007 1820 1043 verbis
1843 1016 2004 1055 tamqnam

1248 1058 1358 1098 forma.
1394 1065 1425 1092 ct
1460 1069 1595 1104 persona
1635 1058 1770 1092 ministri
1809 1056 2006 1092 conferentis

1246 1116 1496 1151 sacramentum,
1538 1119 1610 1142 cum
1653 1107 1829 1142 intentione
1868 1105 2004 1141 faciendi

1247 1157 1332 1205 quod
1367 1156 1439 1192 facit
1466 1157 1621 1197 Ecclesia,
1657 1169 1795 1204 quornm
1823 1156 1848 1190 si
1876 1154 2006 1203 aliquod

1248 1207 1341 1247 desit,
1365 1219 1426 1241 non
1461 1206 1624 1254 perficitur
1651 1215 1898 1242 sacramentnm.
1922 1204 2008 1240 luter

1249 1256 1326 1291 haec
1356 1265 1550 1291 sacramenta
1591 1257 1648 1291 tria
1682 1265 1776 1301 sunt,
1807 1255 2007 1303 Baptismus,

1248 1305 1456 1341 Confirmatio
1483 1314 1514 1340 et
1532 1304 1632 1345 Ordo,
1664 1318 1744 1353 quae
1772 1306 2006 1343 characterem.

1249 1355 1329 1390 idest
1351 1355 1515 1402 spirituale
1533 1356 1694 1402 quoddam
1711 1357 1837 1403 signum
1857 1368 1873 1390 a
1894 1355 2008 1390 ceteris

1249 1405 1462 1440 distinctivum
1487 1405 1673 1452 imprimunt
1701 1406 1731 1440 in
1759 1405 1863 1440 anima
1886 1404 2008 1439 indele-

1250 1454 1322 1490 bile.
1346 1453 1438 1489 Unde
1461 1455 1491 1489 in
1520 1454 1630 1489 eadem
1663 1467 1797 1503 persona
1821 1466 1884 1490 non
1909 1455 2007 1490 reite-

1251 1513 1369 1539 rantur.
1395 1504 1527 1551 Reliqua
1552 1516 1625 1539 vero
1639 1513 1778 1552 quatuor
1791 1504 2006 1539 characterem

1251 1566 1314 1589 nou
1332 1554 1568 1600 imprimunt,et
1580 1554 1810 1589 reiterationem
1825 1553 2005 1588 admittunt.

1300 1603 1320 1650 S
1349 1605 1405 1638 to.
1429 1602 1571 1638 Primum
1607 1604 1751 1639 omnium
1791 1611 2008 1638 sacramento-

1253 1666 1322 1688 rum
1340 1654 1444 1688 locum
1470 1661 1554 1688 tenet
1570 1662 1714 1689 sanetum
1730 1652 1906 1701 Bapfisma,
1921 1651 2007 1700 quod

1253 1703 1333 1738 vitae
1373 1702 1547 1750 spiritualis
1587 1703 1676 1738 ianua
1705 1712 1777 1744 est;
1812 1714 1867 1750 per
1902 1703 2007 1750 ipsum

1253 1752 1337 1787 enirn
1380 1752 1521 1788 membra
1558 1751 1677 1788 Christi
1715 1765 1752 1788 ac
1792 1753 1832 1787 de
1873 1763 2008 1799 corpore

1253 1801 1410 1837 efficimur
1436 1801 1610 1836 Ecclesiae.
1634 1801 1672 1836 Et
1694 1814 1766 1837 cum
1794 1813 1850 1850 per
1872 1802 2008 1848 primum

1256 1851 1415 1886 hominem
1445 1863 1530 1886 mors
1553 1851 1708 1886 introierit
1744 1852 1774 1886 in
1819 1852 2010 1892 universos,

1256 1901 1314 1935 nisi
1342 1913 1380 1935 ex
1407 1912 1486 1947 aqna
1510 1909 1541 1935 et
1568 1901 1688 1948 Spiritu
1719 1901 1925 1945 renascimur,
1949 1912 2010 1937 non

1256 1961 1427 1997 possumus
1466 1951 1595 1998 (inquit
1622 1949 1767 1995 Veritas)
1809 1951 1838 1985 iu
1876 1962 2010 1997 regnum

1256 1999 1417 2034 coelorum
1443 2000 1585 2035 introire.
1614 1999 1744 2035 Materia
1780 1999 1874 2035 huius
1907 2011 2013 2035 sacra-

1257 2049 1354 2083 menti
1396 2058 1443 2084 cst
1470 2062 1550 2097 aqna
1586 2062 1656 2084 vera
1691 2058 1721 2084 et
1757 2049 1926 2091 naturalis,
1954 2060 2014 2085 nec

1258 2102 1351 2138 refert
1374 2103 1485 2150 frigida
1502 2104 1541 2138 sit
1563 2116 1601 2139 an
1625 2104 1736 2139 calida.
1765 2102 1880 2139 Forma
1904 2111 2011 2139 autem

1257 2166 1322 2193 est:
1353 2159 1420 2203 Eyo
1444 2165 1469 2192 te
1490 2159 1614 2204 baptizo
1637 2159 1670 2192 in
1697 2159 1820 2192 nomine
1851 2158 1958 2193 Patris
1987 2164 2014 2192 et

1258 2213 1335 2246 Filii
1354 2219 1381 2246 et
1401 2214 1539 2258 Spiritus
1553 2213 1674 2248 Sancti.
1697 2211 1766 2247 Non
1792 2220 1895 2247 tamen
1916 2223 2014 2260 nega-

1259 2279 1330 2302 mus
1352 2267 1428 2314 quin
1459 2275 1488 2302 et
1522 2279 1577 2314 per
1609 2266 1660 2302 illa
1696 2265 1802 2306 verba,
1831 2266 2015 2311 Baptizetur

1258 2322 1328 2355 talis
1355 2334 1458 2356 servus
1495 2322 1610 2356 Christi
1643 2323 1675 2356 in
1703 2322 1824 2356 nomine
1848 2321 1954 2356 Patris
1987 2328 2014 2356 et

1261 2376 1336 2409 Filii
1356 2385 1381 2410 et
1408 2378 1544 2422 Spiritus
1578 2377 1709 2416 Sancti;
1736 2375 1782 2410 vel
1825 2376 2015 2421 Baptizatur

1260 2431 1401 2465 manibus
1428 2433 1500 2465 meis
1522 2432 1594 2465 talis
1625 2432 1657 2465 in
1692 2432 1814 2464 rioniine
1849 2431 1955 2465 Patris
1987 2437 2015 2465 et

1260 2484 1336 2517 Filii
1360 2492 1385 2518 et
1407 2486 1546 2530 Spiritus
1567 2485 1687 2523 Sancti,
1708 2496 1814 2519 verum
1833 2483 2015 2531 perficiatur

1260 2537 1431 2585 baptisma:
1452 2539 1616 2586 quoniam,
1631 2551 1703 2574 cum
1722 2538 1902 2585 principalis
1920 2549 2014 2574 causa

1259 2605 1296 2627 cx
1332 2605 1393 2640 qua
1432 2592 1609 2640 baptismus
1640 2592 1784 2628 virtutem
1820 2591 1940 2633 habet.
1973 2592 2015 2628 sit

1259 2645 1573 2693 SanctaTrinitas,
1613 2645 1865 2682 instrumentalis
1907 2652 2014 2682 autem

2013 262 2064 289 An.
2081 260 2110 288 C.
2129 259 2199 288 ¹⁸³⁹

2053 1611 2159 1642 timi-mo
2166 1621 2172 1640 3
