<?xml version="1.0" encoding="UTF-8"?>
<!DOCTYPE html PUBLIC "-//W3C//DTD XHTML 1.0 Transitional//EN"
    "http://www.w3.org/TR/xhtml1/DTD/xhtml1-transitional.dtd">
<html xmlns="http://www.w3.org/1999/xhtml" xml:lang="en" lang="en">
 <head>
  <title>
</title>
<meta http-equiv="Content-Type" content="text/html;charset=utf-8" />
  <meta name='ocr-system' content='tesseract 3.04.00' />
  <meta name='ocr-capabilities' content='ocr_page ocr_carea ocr_par ocr_line ocrx_word'/>
</head>
<body>
  <div class='ocr_page' id='page_1' title='image "./bullarumdiplomat05cath_0796.png"; bbox 0 0 2281 3251; ppageno 0'>
   <div class='ocr_carea' id='block_1_1' title="bbox 485 259 1368 293">
    <p class='ocr_par' dir='ltr' id='par_1_1' title="bbox 485 259 1368 293">
     <span class='ocr_line' id='line_1_1' title="bbox 485 259 1368 293; baseline -0.001 -1"><span class='ocrx_word' id='word_1_1' title='bbox 485 259 553 293; x_wconf 93' lang='grc'>778</span> <span class='ocrx_word' id='word_1_2' title='bbox 1062 268 1214 292; x_wconf 65' lang='lat' dir='ltr'>euuanu</span> <span class='ocrx_word' id='word_1_3' title='bbox 1240 268 1368 292; x_wconf 61' lang='lat' dir='ltr'>nomn-1</span> 
     </span>
    </p>
   </div>
   <div class='ocr_carea' id='block_1_2' title="bbox 433 323 1984 2721">
    <p class='ocr_par' dir='ltr' id='par_1_2' title="bbox 435 323 1977 422">
     <span class='ocr_line' id='line_1_2' title="bbox 435 323 1977 371; baseline 0.002 -11"><span class='ocrx_word' id='word_1_4' title='bbox 435 325 582 361; x_wconf 85' lang='lat' dir='ltr'>Albertus</span> <span class='ocrx_word' id='word_1_5' title='bbox 608 324 663 369; x_wconf 76' lang='lat' dir='ltr'>(S.)</span> <span class='ocrx_word' id='word_1_6' title='bbox 681 325 719 360; x_wconf 87' lang='lat' dir='ltr'>de</span> <span class='ocrx_word' id='word_1_7' title='bbox 747 325 906 371; x_wconf 78' lang='lat' dir='ltr'>Drepane,</span> <span class='ocrx_word' id='word_1_8' title='bbox 928 323 1058 358; x_wconf 83' lang='lat' dir='ltr'>Ordinis</span> <span class='ocrx_word' id='word_1_9' title='bbox 1084 323 1212 358; x_wconf 81' lang='lat' dir='ltr'>fratrum</span> <span class='ocrx_word' id='word_1_10' title='bbox 1237 323 1273 358; x_wconf 91' lang='lat' dir='ltr'>B.</span> <span class='ocrx_word' id='word_1_11' title='bbox 1298 323 1412 360; x_wconf 80' lang='lat' dir='ltr'>Mariae</span> <span class='ocrx_word' id='word_1_12' title='bbox 1439 324 1477 360; x_wconf 89' lang='lat' dir='ltr'>de</span> <span class='ocrx_word' id='word_1_13' title='bbox 1503 324 1609 362; x_wconf 83' lang='lat' dir='ltr'><strong>Monte</strong></span> <span class='ocrx_word' id='word_1_14' title='bbox 1632 326 1790 366; x_wconf 80' lang='lat' dir='ltr'>Carmclo.</span> <span class='ocrx_word' id='word_1_15' title='bbox 1810 327 1977 363; x_wconf 86' lang='lat' dir='ltr'>beatorum</span> 
     </span>
     <span class='ocr_line' id='line_1_3' title="bbox 532 374 1878 422; baseline 0.002 -12"><span class='ocrx_word' id='word_1_16' title='bbox 532 375 706 410; x_wconf 86' lang='lat' dir='ltr'>honoribus</span> <span class='ocrx_word' id='word_1_17' title='bbox 734 374 793 408; x_wconf 82' lang='lat' dir='ltr'>coli</span> <span class='ocrx_word' id='word_1_18' title='bbox 818 374 1017 421; x_wconf 68' lang='lat' dir='ltr'>permittitur,</span> <span class='ocrx_word' id='word_1_19' title='bbox 1040 374 1111 408; x_wconf 73' lang='lat'>252</span> <span class='ocrx_word' id='word_1_20' title='bbox 1138 387 1157 408; x_wconf 86' lang='lat' dir='ltr'>a</span> <span class='ocrx_word' id='word_1_21' title='bbox 1180 382 1208 408; x_wconf 92' lang='lat' dir='ltr'>et</span> <span class='ocrx_word' id='word_1_22' title='bbox 1230 387 1304 420; x_wconf 82' lang='lat' dir='ltr'>seq.;</span> <span class='ocrx_word' id='word_1_23' title='bbox 1333 374 1498 422; x_wconf 83' lang='lat' dir='ltr'>permissio</span> <span class='ocrx_word' id='word_1_24' title='bbox 1520 376 1734 418; x_wconf 83' lang='lat' dir='ltr'>confirmatur,</span> <span class='ocrx_word' id='word_1_25' title='bbox 1757 379 1830 413; x_wconf 74' lang='lat'>235</span> <span class='ocrx_word' id='word_1_26' title='bbox 1851 378 1878 412; x_wconf 87' lang='lat' dir='ltr'>b.</span> 
     </span>
    </p>

    <p class='ocr_par' dir='ltr' id='par_1_3' title="bbox 434 423 1309 467">
     <span class='ocr_line' id='line_1_4' title="bbox 434 423 1309 467; baseline -0.002 -7"><span class='ocrx_word' id='word_1_27' title='bbox 434 425 596 460; x_wconf 86' lang='lat' dir='ltr'>Alcantara</span> <span class='ocrx_word' id='word_1_28' title='bbox 620 424 679 467; x_wconf 82' lang='lat' dir='ltr'>(de)</span> <span class='ocrx_word' id='word_1_29' title='bbox 704 424 822 459; x_wconf 87' lang='lat' dir='ltr'>militia.</span> <span class='ocrx_word' id='word_1_30' title='bbox 858 424 892 457; x_wconf 91' lang='lat' dir='ltr'>V.</span> <span class='ocrx_word' id='word_1_31' title='bbox 915 423 1044 459; x_wconf 82' lang='lat' dir='ltr'>Militiae</span> <span class='ocrx_word' id='word_1_32' title='bbox 1066 423 1106 458; x_wconf 89' lang='lat' dir='ltr'>de</span> <span class='ocrx_word' id='word_1_33' title='bbox 1133 423 1309 459; x_wconf 88' lang='lat' dir='ltr'>Alcantara.</span> 
     </span>
    </p>

    <p class='ocr_par' dir='ltr' id='par_1_4' title="bbox 435 473 1203 520">
     <span class='ocr_line' id='line_1_5' title="bbox 435 473 1203 520; baseline -0.003 -10"><span class='ocrx_word' id='word_1_34' title='bbox 435 475 610 510; x_wconf 70' lang='lat' dir='ltr'>Alexander</span> <span class='ocrx_word' id='word_1_35' title='bbox 629 473 669 508; x_wconf 72' lang='lat' dir='ltr'>Vl</span> <span class='ocrx_word' id='word_1_36' title='bbox 696 474 781 520; x_wconf 84' lang='lat' dir='ltr'>Papa</span> <span class='ocrx_word' id='word_1_37' title='bbox 809 484 902 509; x_wconf 76' lang='lat' dir='ltr'>ccxvl</span> <span class='ocrx_word' id='word_1_38' title='bbox 919 473 1055 519; x_wconf 84' lang='lat' dir='ltr'>cligitur,</span> <span class='ocrx_word' id='word_1_39' title='bbox 1079 474 1150 508; x_wconf 78' lang='lat'>550</span> <span class='ocrx_word' id='word_1_40' title='bbox 1172 486 1203 508; x_wconf 88' lang='grc' dir='ltr'>α.</span> 
     </span>
    </p>

    <p class='ocr_par' dir='ltr' id='par_1_5' title="bbox 435 522 1980 621">
     <span class='ocr_line' id='line_1_6' title="bbox 435 522 1980 570; baseline 0.002 -10"><span class='ocrx_word' id='word_1_41' title='bbox 435 524 607 560; x_wconf 64' lang='lat' dir='ltr'>Alexandra</span> <span class='ocrx_word' id='word_1_42' title='bbox 630 523 669 558; x_wconf 87' lang='lat' dir='ltr'>de</span> <span class='ocrx_word' id='word_1_43' title='bbox 696 524 851 570; x_wconf 88' lang='lat' dir='ltr'>Alphanis</span> <span class='ocrx_word' id='word_1_44' title='bbox 870 535 980 559; x_wconf 76' lang='lat' dir='ltr'>novam</span> <span class='ocrx_word' id='word_1_45' title='bbox 1009 522 1223 570; x_wconf 79' lang='lat' dir='ltr'>Religionem,</span> <span class='ocrx_word' id='word_1_46' title='bbox 1250 523 1310 558; x_wconf 91' lang='lat' dir='ltr'>sub</span> <span class='ocrx_word' id='word_1_47' title='bbox 1334 524 1530 560; x_wconf 77' lang='lat' dir='ltr'>invocatione</span> <span class='ocrx_word' id='word_1_48' title='bbox 1559 532 1587 560; x_wconf 88' lang='lat' dir='ltr'>ct</span> <span class='ocrx_word' id='word_1_49' title='bbox 1614 525 1755 561; x_wconf 86' lang='lat' dir='ltr'>instituto</span> <span class='ocrx_word' id='word_1_50' title='bbox 1782 525 1816 562; x_wconf 93' lang='lat' dir='ltr'>S.</span> <span class='ocrx_word' id='word_1_51' title='bbox 1852 526 1980 563; x_wconf 82' lang='lat' dir='ltr'>loannis</span> 
     </span>
     <span class='ocr_line' id='line_1_7' title="bbox 532 572 1457 621; baseline 0 -13"><span class='ocrx_word' id='word_1_52' title='bbox 532 573 822 621; x_wconf 60' lang='lat' dir='ltr'>llicrosolymitani,</span> <span class='ocrx_word' id='word_1_53' title='bbox 847 585 943 619; x_wconf 85' lang='lat' dir='ltr'>prope</span> <span class='ocrx_word' id='word_1_54' title='bbox 966 572 1157 608; x_wconf 78' lang='lat' dir='ltr'>Florentiam</span> <span class='ocrx_word' id='word_1_55' title='bbox 1181 573 1303 615; x_wconf 87' lang='lat' dir='ltr'>fundat,</span> <span class='ocrx_word' id='word_1_56' title='bbox 1327 575 1394 608; x_wconf 68' lang='lat'>:271</span> <span class='ocrx_word' id='word_1_57' title='bbox 1427 587 1457 609; x_wconf 91' lang='grc' dir='ltr'>α.</span> 
     </span>
    </p>

    <p class='ocr_par' dir='ltr' id='par_1_6' title="bbox 435 622 1595 671">
     <span class='ocr_line' id='line_1_8' title="bbox 435 622 1595 671; baseline 0 -12"><span class='ocrx_word' id='word_1_58' title='bbox 435 624 646 659; x_wconf 75' lang='lat' dir='ltr'>Alexandrina</span> <span class='ocrx_word' id='word_1_59' title='bbox 671 625 701 658; x_wconf 90' lang='lat' dir='ltr'>in</span> <span class='ocrx_word' id='word_1_60' title='bbox 725 624 773 659; x_wconf 78' lang='lat' dir='ltr'>via</span> <span class='ocrx_word' id='word_1_61' title='bbox 795 623 998 658; x_wconf 78' lang='lat' dir='ltr'>aedificantes</span> <span class='ocrx_word' id='word_1_62' title='bbox 1021 622 1182 658; x_wconf 61' lang='lat' dir='ltr'>sat-oribus</span> <span class='ocrx_word' id='word_1_63' title='bbox 1204 623 1454 671; x_wconf 85' lang='lat' dir='ltr'>distinguuntur,</span> <span class='ocrx_word' id='word_1_64' title='bbox 1473 626 1543 659; x_wconf 84' lang='lat'>578</span> <span class='ocrx_word' id='word_1_65' title='bbox 1565 638 1595 659; x_wconf 88' lang='grc' dir='ltr'>α.</span> 
     </span>
    </p>

    <p class='ocr_par' dir='ltr' id='par_1_7' title="bbox 435 673 1982 970">
     <span class='ocr_line' id='line_1_9' title="bbox 435 673 1982 722; baseline 0.003 -14"><span class='ocrx_word' id='word_1_66' title='bbox 435 673 589 708; x_wconf 75' lang='lat' dir='ltr'>Ambrosii</span> <span class='ocrx_word' id='word_1_67' title='bbox 614 673 671 717; x_wconf 50' lang='grc' dir='ltr'>(Β.)</span> <span class='ocrx_word' id='word_1_68' title='bbox 695 673 803 708; x_wconf 75' lang='lat' dir='ltr'>fratres</span> <span class='ocrx_word' id='word_1_69' title='bbox 832 673 861 707; x_wconf 92' lang='lat' dir='ltr'>in</span> <span class='ocrx_word' id='word_1_70' title='bbox 887 685 977 707; x_wconf 85' lang='lat' dir='ltr'>unam</span> <span class='ocrx_word' id='word_1_71' title='bbox 1002 673 1278 720; x_wconf 68' lang='lat' dir='ltr'>congregationem</span> <span class='ocrx_word' id='word_1_72' title='bbox 1303 674 1497 720; x_wconf 66' lang='lat' dir='ltr'>rediguntur,</span> <span class='ocrx_word' id='word_1_73' title='bbox 1522 676 1566 709; x_wconf 76' lang='lat'>55</span> <span class='ocrx_word' id='word_1_74' title='bbox 1583 677 1610 708; x_wconf 88' lang='lat' dir='ltr'>b.</span> <span class='ocrx_word' id='word_1_75' title='bbox 1634 673 1737 710; x_wconf 89' lang='lat' dir='ltr'>Cuius</span> <span class='ocrx_word' id='word_1_76' title='bbox 1754 683 1847 722; x_wconf 86' lang='lat' dir='ltr'>caput</span> <span class='ocrx_word' id='word_1_77' title='bbox 1863 688 1982 712; x_wconf 86' lang='lat' dir='ltr'>mona-</span> 
     </span>
     <span class='ocr_line' id='line_1_10' title="bbox 531 722 1980 771; baseline 0.003 -14"><span class='ocrx_word' id='word_1_78' title='bbox 531 724 659 757; x_wconf 72' lang='lat' dir='ltr'>sterium</span> <span class='ocrx_word' id='word_1_79' title='bbox 683 723 716 757; x_wconf 87' lang='lat' dir='ltr'>S.</span> <span class='ocrx_word' id='word_1_80' title='bbox 740 723 901 758; x_wconf 72' lang='lat' dir='ltr'>Ambrosii</span> <span class='ocrx_word' id='word_1_81' title='bbox 921 723 957 757; x_wconf 89' lang='lat' dir='ltr'>ad</span> <span class='ocrx_word' id='word_1_82' title='bbox 980 722 1112 768; x_wconf 76' lang='lat' dir='ltr'>Nemus,</span> <span class='ocrx_word' id='word_1_83' title='bbox 1134 724 1208 757; x_wconf 79' lang='lat' dir='ltr'>ibid.</span> <span class='ocrx_word' id='word_1_84' title='bbox 1233 723 1266 758; x_wconf 91' lang='lat' dir='ltr'>ln</span> <span class='ocrx_word' id='word_1_85' title='bbox 1291 735 1328 758; x_wconf 90' lang='lat' dir='ltr'>eo</span> <span class='ocrx_word' id='word_1_86' title='bbox 1343 723 1478 768; x_wconf 73' lang='lat' dir='ltr'>singulis</span> <span class='ocrx_word' id='word_1_87' title='bbox 1506 725 1648 758; x_wconf 70' lang='lat' dir='ltr'>trienniis</span> <span class='ocrx_word' id='word_1_88' title='bbox 1671 725 1805 771; x_wconf 86' lang='lat' dir='ltr'>capitula</span> <span class='ocrx_word' id='word_1_89' title='bbox 1823 726 1980 771; x_wconf 82' lang='lat' dir='ltr'>generalia</span> 
     </span>
     <span class='ocr_line' id='line_1_11' title="bbox 533 772 1979 823; baseline 0.002 -16"><span class='ocrx_word' id='word_1_90' title='bbox 533 773 627 816; x_wconf 85' lang='lat' dir='ltr'>fiunt,</span> <span class='ocrx_word' id='word_1_91' title='bbox 651 774 724 807; x_wconf 72' lang='lat' dir='ltr'>ibid.</span> <span class='ocrx_word' id='word_1_92' title='bbox 761 773 882 808; x_wconf 89' lang='lat' dir='ltr'>Prioris</span> <span class='ocrx_word' id='word_1_93' title='bbox 917 781 945 807; x_wconf 89' lang='lat' dir='ltr'>et</span> <span class='ocrx_word' id='word_1_94' title='bbox 982 773 1176 808; x_wconf 70' lang='lat' dir='ltr'>visitatorum</span> <span class='ocrx_word' id='word_1_95' title='bbox 1209 772 1369 814; x_wconf 76' lang='lat' dir='ltr'>osticium,</span> <span class='ocrx_word' id='word_1_96' title='bbox 1399 775 1445 808; x_wconf 66' lang='lat'>56</span> <span class='ocrx_word' id='word_1_97' title='bbox 1471 787 1501 808; x_wconf 88' lang='grc' dir='ltr'>α.</span> <span class='ocrx_word' id='word_1_98' title='bbox 1542 773 1603 820; x_wconf 85' lang='lat' dir='ltr'>Ipsi</span> <span class='ocrx_word' id='word_1_99' title='bbox 1634 782 1664 809; x_wconf 86' lang='lat' dir='ltr'>et</span> <span class='ocrx_word' id='word_1_100' title='bbox 1697 774 1736 809; x_wconf 89' lang='lat' dir='ltr'>ab</span> <span class='ocrx_word' id='word_1_101' title='bbox 1763 775 1809 810; x_wconf 88' lang='lat' dir='ltr'>eis</span> <span class='ocrx_word' id='word_1_102' title='bbox 1840 774 1979 823; x_wconf 84' lang='lat' dir='ltr'>deputati</span> 
     </span>
     <span class='ocr_line' id='line_1_12' title="bbox 532 822 1980 864; baseline 0.002 -6"><span class='ocrx_word' id='word_1_103' title='bbox 532 822 697 858; x_wconf 79' lang='lat' dir='ltr'>absolvunt</span> <span class='ocrx_word' id='word_1_104' title='bbox 719 834 734 857; x_wconf 91' lang='lat' dir='ltr'>a</span> <span class='ocrx_word' id='word_1_105' title='bbox 756 823 881 858; x_wconf 80' lang='lat' dir='ltr'>casibus</span> <span class='ocrx_word' id='word_1_106' title='bbox 910 823 1085 864; x_wconf 81' lang='lat' dir='ltr'>reservatis,</span> <span class='ocrx_word' id='word_1_107' title='bbox 1107 825 1182 858; x_wconf 82' lang='lat' dir='ltr'>ibid.</span> <span class='ocrx_word' id='word_1_108' title='bbox 1202 825 1230 858; x_wconf 88' lang='lat' dir='ltr'>b.</span> <span class='ocrx_word' id='word_1_109' title='bbox 1254 822 1380 858; x_wconf 87' lang='lat' dir='ltr'>Fratres</span> <span class='ocrx_word' id='word_1_110' title='bbox 1401 824 1440 858; x_wconf 91' lang='lat' dir='ltr'>ad</span> <span class='ocrx_word' id='word_1_111' title='bbox 1468 823 1653 859; x_wconf 83' lang='lat' dir='ltr'>strictiorem</span> <span class='ocrx_word' id='word_1_112' title='bbox 1677 823 1830 860; x_wconf 88' lang='lat' dir='ltr'>Ordinem</span> <span class='ocrx_word' id='word_1_113' title='bbox 1848 826 1980 862; x_wconf 87' lang='lat' dir='ltr'>transire</span> 
     </span>
     <span class='ocr_line' id='line_1_13' title="bbox 532 873 1977 921; baseline 0.002 -13"><span class='ocrx_word' id='word_1_114' title='bbox 532 880 708 919; x_wconf 67' lang='lat' dir='ltr'>nequeunt3</span> <span class='ocrx_word' id='word_1_115' title='bbox 731 873 860 908; x_wconf 82' lang='lat' dir='ltr'>ordines</span> <span class='ocrx_word' id='word_1_116' title='bbox 881 885 895 907; x_wconf 91' lang='lat' dir='ltr'>a</span> <span class='ocrx_word' id='word_1_117' title='bbox 920 884 1124 920; x_wconf 85' lang='lat' dir='ltr'>quocumque</span> <span class='ocrx_word' id='word_1_118' title='bbox 1151 874 1301 920; x_wconf 85' lang='lat' dir='ltr'>episcopo</span> <span class='ocrx_word' id='word_1_119' title='bbox 1329 874 1485 921; x_wconf 85' lang='lat' dir='ltr'>recipiunt</span> <span class='ocrx_word' id='word_1_120' title='bbox 1513 881 1541 908; x_wconf 91' lang='lat' dir='ltr'>et</span> <span class='ocrx_word' id='word_1_121' title='bbox 1564 874 1700 909; x_wconf 81' lang='lat' dir='ltr'>officium</span> <span class='ocrx_word' id='word_1_122' title='bbox 1729 874 1977 911; x_wconf 84' lang='lat' dir='ltr'>Ambrosianum</span> 
     </span>
     <span class='ocr_line' id='line_1_14' title="bbox 533 922 1831 970; baseline 0.002 -14"><span class='ocrx_word' id='word_1_123' title='bbox 533 925 674 962; x_wconf 73' lang='lat' dir='ltr'>recitant,</span> <span class='ocrx_word' id='word_1_124' title='bbox 703 923 746 956; x_wconf 71' lang='lat'>57</span> <span class='ocrx_word' id='word_1_125' title='bbox 767 925 794 957; x_wconf 90' lang='lat' dir='ltr'>b.</span> <span class='ocrx_word' id='word_1_126' title='bbox 823 922 1015 958; x_wconf 90' lang='lat' dir='ltr'>Communio</span> <span class='ocrx_word' id='word_1_127' title='bbox 1039 922 1274 970; x_wconf 77' lang='lat' dir='ltr'>privilegiorum</span> <span class='ocrx_word' id='word_1_128' title='bbox 1299 924 1378 957; x_wconf 67' lang='lat' dir='ltr'>inter</span> <span class='ocrx_word' id='word_1_129' title='bbox 1400 935 1509 958; x_wconf 89' lang='lat' dir='ltr'>eorum</span> <span class='ocrx_word' id='word_1_130' title='bbox 1535 924 1738 965; x_wconf 87' lang='lat' dir='ltr'>monasteria,</span> <span class='ocrx_word' id='word_1_131' title='bbox 1756 926 1831 959; x_wconf 73' lang='lat' dir='ltr'>ibid.</span> 
     </span>
    </p>

    <p class='ocr_par' dir='ltr' id='par_1_8' title="bbox 435 972 1980 1070">
     <span class='ocr_line' id='line_1_15' title="bbox 435 972 1980 1023; baseline 0.001 -15"><span class='ocrx_word' id='word_1_132' title='bbox 435 973 566 1008; x_wconf 79' lang='lat' dir='ltr'>Animae</span> <span class='ocrx_word' id='word_1_133' title='bbox 594 972 859 1007; x_wconf 77' lang='lat' dir='ltr'>immortalitatem</span> <span class='ocrx_word' id='word_1_134' title='bbox 888 972 1093 1018; x_wconf 74' lang='lat' dir='ltr'>denegantes,</span> <span class='ocrx_word' id='word_1_135' title='bbox 1115 973 1193 1008; x_wconf 90' lang='lat' dir='ltr'>sicut</span> <span class='ocrx_word' id='word_1_136' title='bbox 1219 972 1378 1016; x_wconf 81' lang='lat' dir='ltr'>haeretici,</span> <span class='ocrx_word' id='word_1_137' title='bbox 1407 973 1570 1018; x_wconf 87' lang='lat' dir='ltr'>puniendi,</span> <span class='ocrx_word' id='word_1_138' title='bbox 1597 975 1661 1008; x_wconf 84' lang='lat'>601</span> <span class='ocrx_word' id='word_1_139' title='bbox 1689 975 1718 1009; x_wconf 89' lang='lat' dir='ltr'>b.</span> <span class='ocrx_word' id='word_1_140' title='bbox 1754 973 1980 1023; x_wconf 85' lang='lat' dir='ltr'>Philosophiae</span> 
     </span>
     <span class='ocr_line' id='line_1_16' title="bbox 533 1021 1497 1070; baseline 0.002 -14"><span class='ocrx_word' id='word_1_141' title='bbox 533 1022 726 1070; x_wconf 75' lang='lat' dir='ltr'>professores</span> <span class='ocrx_word' id='word_1_142' title='bbox 749 1023 833 1057; x_wconf 91' lang='lat' dir='ltr'>illam</span> <span class='ocrx_word' id='word_1_143' title='bbox 857 1021 973 1057; x_wconf 82' lang='lat' dir='ltr'>docere</span> <span class='ocrx_word' id='word_1_144' title='bbox 995 1022 1169 1070; x_wconf 88' lang='lat' dir='ltr'>discipulos</span> <span class='ocrx_word' id='word_1_145' title='bbox 1193 1031 1350 1067; x_wconf 74' lang='lat' dir='ltr'>tenentur,</span> <span class='ocrx_word' id='word_1_146' title='bbox 1374 1024 1444 1058; x_wconf 75' lang='lat'>602</span> <span class='ocrx_word' id='word_1_147' title='bbox 1467 1036 1497 1058; x_wconf 82' lang='grc' dir='ltr'>α.</span> 
     </span>
    </p>

    <p class='ocr_par' dir='ltr' id='par_1_9' title="bbox 435 1071 1982 1169">
     <span class='ocr_line' id='line_1_17' title="bbox 435 1071 1982 1120; baseline 0.001 -12"><span class='ocrx_word' id='word_1_148' title='bbox 435 1074 573 1108; x_wconf 86' lang='lat' dir='ltr'>Aunatas</span> <span class='ocrx_word' id='word_1_149' title='bbox 595 1085 633 1106; x_wconf 86' lang='lat' dir='ltr'>ex</span> <span class='ocrx_word' id='word_1_150' title='bbox 657 1071 813 1107; x_wconf 83' lang='lat' dir='ltr'>fructibus</span> <span class='ocrx_word' id='word_1_151' title='bbox 852 1071 1079 1107; x_wconf 78' lang='lat' dir='ltr'>beneficiorum</span> <span class='ocrx_word' id='word_1_152' title='bbox 1112 1073 1236 1107; x_wconf 89' lang='lat' dir='ltr'>statutis</span> <span class='ocrx_word' id='word_1_153' title='bbox 1258 1073 1457 1120; x_wconf 86' lang='lat' dir='ltr'>temporibus</span> <span class='ocrx_word' id='word_1_154' title='bbox 1485 1085 1545 1107; x_wconf 88' lang='lat' dir='ltr'>non</span> <span class='ocrx_word' id='word_1_155' title='bbox 1574 1072 1732 1109; x_wconf 80' lang='lat' dir='ltr'>solventes</span> <span class='ocrx_word' id='word_1_156' title='bbox 1759 1075 1982 1110; x_wconf 83' lang='lat' dir='ltr'>excommuni-</span> 
     </span>
     <span class='ocr_line' id='line_1_18' title="bbox 532 1121 1547 1169; baseline 0 -13"><span class='ocrx_word' id='word_1_157' title='bbox 532 1123 646 1157; x_wconf 85' lang='lat' dir='ltr'>cationi</span> <span class='ocrx_word' id='word_1_158' title='bbox 671 1131 701 1157; x_wconf 91' lang='lat' dir='ltr'>et</span> <span class='ocrx_word' id='word_1_159' title='bbox 725 1121 950 1158; x_wconf 77' lang='lat' dir='ltr'>beneficiorum</span> <span class='ocrx_word' id='word_1_160' title='bbox 977 1122 1142 1169; x_wconf 80' lang='lat' dir='ltr'>privationi</span> <span class='ocrx_word' id='word_1_161' title='bbox 1166 1122 1390 1167; x_wconf 69' lang='lat' dir='ltr'>subiiciuntur,</span> <span class='ocrx_word' id='word_1_162' title='bbox 1421 1125 1491 1157; x_wconf 78' lang='lat'>512</span> <span class='ocrx_word' id='word_1_163' title='bbox 1518 1125 1547 1158; x_wconf 89' lang='lat' dir='ltr'>b.</span> 
     </span>
    </p>

    <p class='ocr_par' dir='ltr' id='par_1_10' title="bbox 435 1171 1984 1271">
     <span class='ocr_line' id='line_1_19' title="bbox 435 1171 1984 1220; baseline 0.001 -12"><span class='ocrx_word' id='word_1_164' title='bbox 435 1172 669 1220; x_wconf 86' lang='lat' dir='ltr'>Appellationes</span> <span class='ocrx_word' id='word_1_165' title='bbox 691 1185 707 1207; x_wconf 91' lang='lat' dir='ltr'>a</span> <span class='ocrx_word' id='word_1_166' title='bbox 729 1172 874 1207; x_wconf 89' lang='lat' dir='ltr'>Romano</span> <span class='ocrx_word' id='word_1_167' title='bbox 905 1171 1058 1207; x_wconf 83' lang='lat' dir='ltr'>Pontifiee</span> <span class='ocrx_word' id='word_1_168' title='bbox 1091 1172 1316 1219; x_wconf 88' lang='lat' dir='ltr'>prohibentur,</span> <span class='ocrx_word' id='word_1_169' title='bbox 1342 1175 1410 1208; x_wconf 76' lang='lat'>150</span> <span class='ocrx_word' id='word_1_170' title='bbox 1432 1186 1452 1208; x_wconf 83' lang='lat' dir='ltr'>a</span> <span class='ocrx_word' id='word_1_171' title='bbox 1480 1181 1510 1208; x_wconf 90' lang='lat' dir='ltr'>et</span> <span class='ocrx_word' id='word_1_172' title='bbox 1536 1175 1606 1208; x_wconf 73' lang='lat'>479</span> <span class='ocrx_word' id='word_1_173' title='bbox 1634 1175 1662 1207; x_wconf 89' lang='lat' dir='ltr'>b.</span> <span class='ocrx_word' id='word_1_174' title='bbox 1688 1173 1796 1208; x_wconf 83' lang='lat' dir='ltr'>Veneti</span> <span class='ocrx_word' id='word_1_175' title='bbox 1826 1182 1928 1209; x_wconf 90' lang='lat' dir='ltr'>tamen</span> <span class='ocrx_word' id='word_1_176' title='bbox 1953 1182 1984 1210; x_wconf 86' lang='lat' dir='ltr'>et</span> 
     </span>
     <span class='ocr_line' id='line_1_20' title="bbox 535 1222 1982 1271; baseline 0.002 -15"><span class='ocrx_word' id='word_1_177' title='bbox 535 1222 702 1257; x_wconf 70' lang='lat' dir='ltr'>Bentivolii</span> <span class='ocrx_word' id='word_1_178' title='bbox 717 1222 888 1270; x_wconf 73' lang='lat' dir='ltr'>appellant,</span> <span class='ocrx_word' id='word_1_179' title='bbox 912 1224 985 1256; x_wconf 77' lang='lat' dir='ltr'>ibid.</span> <span class='ocrx_word' id='word_1_180' title='bbox 1012 1231 1115 1267; x_wconf 83' lang='lat' dir='ltr'>etseq.</span> <span class='ocrx_word' id='word_1_181' title='bbox 1133 1222 1371 1270; x_wconf 76' lang='lat' dir='ltr'>Appellantium</span> <span class='ocrx_word' id='word_1_182' title='bbox 1389 1231 1419 1256; x_wconf 77' lang='lat' dir='ltr'>ct</span> <span class='ocrx_word' id='word_1_183' title='bbox 1443 1222 1597 1257; x_wconf 83' lang='lat' dir='ltr'>fautorum</span> <span class='ocrx_word' id='word_1_184' title='bbox 1617 1235 1747 1269; x_wconf 81' lang='lat' dir='ltr'>poenae,</span> <span class='ocrx_word' id='word_1_185' title='bbox 1761 1225 1831 1259; x_wconf 68' lang='lat'>480</span> <span class='ocrx_word' id='word_1_186' title='bbox 1845 1226 1863 1259; x_wconf 89' lang='lat' dir='ltr'>b</span> <span class='ocrx_word' id='word_1_187' title='bbox 1877 1233 1982 1271; x_wconf 81' lang='lat' dir='ltr'>etseq.</span> 
     </span>
    </p>

    <p class='ocr_par' dir='ltr' id='par_1_11' title="bbox 434 1271 1984 1806">
     <span class='ocr_line' id='line_1_21' title="bbox 434 1271 1982 1318; baseline 0.001 -10"><span class='ocrx_word' id='word_1_188' title='bbox 434 1272 573 1308; x_wconf 76' lang='lat' dir='ltr'>Architii</span> <span class='ocrx_word' id='word_1_189' title='bbox 592 1272 752 1308; x_wconf 81' lang='lat' dir='ltr'>Romanae</span> <span class='ocrx_word' id='word_1_190' title='bbox 772 1272 887 1307; x_wconf 87' lang='lat' dir='ltr'>Curiae</span> <span class='ocrx_word' id='word_1_191' title='bbox 901 1273 1074 1318; x_wconf 78' lang='lat' dir='ltr'>scriptores</span> <span class='ocrx_word' id='word_1_192' title='bbox 1090 1272 1308 1317; x_wconf 88' lang='lat' dir='ltr'>instituuntur,</span> <span class='ocrx_word' id='word_1_193' title='bbox 1331 1275 1401 1308; x_wconf 76' lang='lat'>459</span> <span class='ocrx_word' id='word_1_194' title='bbox 1414 1275 1442 1307; x_wconf 91' lang='lat' dir='ltr'>b.</span> <span class='ocrx_word' id='word_1_195' title='bbox 1455 1271 1494 1307; x_wconf 88' lang='lat' dir='ltr'>Hi</span> <span class='ocrx_word' id='word_1_196' title='bbox 1515 1272 1753 1308; x_wconf 79' lang='lat' dir='ltr'>confessionalia</span> <span class='ocrx_word' id='word_1_197' title='bbox 1777 1274 1982 1310; x_wconf 85' lang='lat' dir='ltr'>concedenda</span> 
     </span>
     <span class='ocr_line' id='line_1_22' title="bbox 531 1321 1983 1371; baseline 0.001 -14"><span class='ocrx_word' id='word_1_198' title='bbox 531 1322 685 1363; x_wconf 82' lang='lat' dir='ltr'>scribunt,</span> <span class='ocrx_word' id='word_1_199' title='bbox 709 1323 796 1363; x_wconf 73' lang='lat' dir='ltr'>t&#39;bt&#39;d.;</span> <span class='ocrx_word' id='word_1_200' title='bbox 825 1322 933 1356; x_wconf 86' lang='lat' dir='ltr'>notarii</span> <span class='ocrx_word' id='word_1_201' title='bbox 951 1321 1069 1369; x_wconf 85' lang='lat' dir='ltr'>publici</span> <span class='ocrx_word' id='word_1_202' title='bbox 1085 1330 1172 1366; x_wconf 86' lang='lat' dir='ltr'>sunt,</span> <span class='ocrx_word' id='word_1_203' title='bbox 1199 1325 1270 1357; x_wconf 71' lang='lat'>460</span> <span class='ocrx_word' id='word_1_204' title='bbox 1293 1335 1333 1363; x_wconf 72' lang='grc' dir='ltr'>ας</span> <span class='ocrx_word' id='word_1_205' title='bbox 1355 1323 1528 1358; x_wconf 70' lang='lat' dir='ltr'>aretin-ium</span> <span class='ocrx_word' id='word_1_206' title='bbox 1553 1321 1669 1358; x_wconf 85' lang='lat' dir='ltr'>habent</span> <span class='ocrx_word' id='word_1_207' title='bbox 1693 1323 1721 1357; x_wconf 89' lang='lat' dir='ltr'>in</span> <span class='ocrx_word' id='word_1_208' title='bbox 1745 1322 1866 1358; x_wconf 79' lang='lat' dir='ltr'>Palatio</span> <span class='ocrx_word' id='word_1_209' title='bbox 1894 1324 1983 1371; x_wconf 82' lang='lat' dir='ltr'>Apo-</span> 
     </span>
     <span class='ocr_line' id='line_1_23' title="bbox 533 1371 1983 1418; baseline 0.002 -13"><span class='ocrx_word' id='word_1_210' title='bbox 533 1372 661 1416; x_wconf 87' lang='lat' dir='ltr'>stolico,</span> <span class='ocrx_word' id='word_1_211' title='bbox 696 1372 746 1406; x_wconf 83' lang='lat' dir='ltr'>nbi</span> <span class='ocrx_word' id='word_1_212' title='bbox 786 1371 953 1418; x_wconf 81' lang='lat' dir='ltr'>registraut</span> <span class='ocrx_word' id='word_1_213' title='bbox 983 1381 1072 1407; x_wconf 85' lang='lat' dir='ltr'>notas</span> <span class='ocrx_word' id='word_1_214' title='bbox 1103 1372 1385 1407; x_wconf 84' lang='lat' dir='ltr'>instrumentorum</span> <span class='ocrx_word' id='word_1_215' title='bbox 1404 1401 1412 1417; x_wconf 62' lang='lat'>7</span> <span class='ocrx_word' id='word_1_216' title='bbox 1439 1384 1519 1418; x_wconf 84' lang='lat' dir='ltr'>quae</span> <span class='ocrx_word' id='word_1_217' title='bbox 1549 1372 1585 1406; x_wconf 87' lang='lat' dir='ltr'>ad</span> <span class='ocrx_word' id='word_1_218' title='bbox 1615 1384 1669 1407; x_wconf 82' lang='lat' dir='ltr'>cos</span> <span class='ocrx_word' id='word_1_219' title='bbox 1695 1372 1843 1407; x_wconf 77' lang='lat' dir='ltr'>deferunt</span> <span class='ocrx_word' id='word_1_220' title='bbox 1871 1373 1983 1408; x_wconf 88' lang='lat' dir='ltr'>notarii</span> 
     </span>
     <span class='ocr_line' id='line_1_24' title="bbox 535 1421 1981 1469; baseline 0.002 -14"><span class='ocrx_word' id='word_1_221' title='bbox 535 1421 668 1462; x_wconf 90' lang='lat' dir='ltr'>Curiae,</span> <span class='ocrx_word' id='word_1_222' title='bbox 698 1423 787 1462; x_wconf 73' lang='lat' dir='ltr'>ibr&#39;cl.;</span> <span class='ocrx_word' id='word_1_223' title='bbox 816 1421 1015 1456; x_wconf 86' lang='lat' dir='ltr'>matriculaut</span> <span class='ocrx_word' id='word_1_224' title='bbox 1046 1423 1202 1460; x_wconf 73' lang='lat' dir='ltr'>notarios,</span> <span class='ocrx_word' id='word_1_225' title='bbox 1229 1423 1305 1456; x_wconf 75' lang='lat' dir='ltr'>ibid.</span> <span class='ocrx_word' id='word_1_226' title='bbox 1337 1424 1365 1463; x_wconf 82' lang='lat' dir='ltr'>b3</span> <span class='ocrx_word' id='word_1_227' title='bbox 1394 1422 1551 1469; x_wconf 85' lang='lat' dir='ltr'>recipiunt</span> <span class='ocrx_word' id='word_1_228' title='bbox 1583 1423 1752 1469; x_wconf 88' lang='lat' dir='ltr'>protocolla</span> <span class='ocrx_word' id='word_1_229' title='bbox 1787 1423 1981 1459; x_wconf 84' lang='lat' dir='ltr'>notariorum</span> 
     </span>
     <span class='ocr_line' id='line_1_25' title="bbox 536 1470 1982 1519; baseline 0.002 -14"><span class='ocrx_word' id='word_1_230' title='bbox 536 1471 756 1506; x_wconf 77' lang='lat' dir='ltr'>decedentium</span> <span class='ocrx_word' id='word_1_231' title='bbox 781 1471 900 1518; x_wconf 78' lang='lat' dir='ltr'>absque</span> <span class='ocrx_word' id='word_1_232' title='bbox 923 1470 995 1505; x_wconf 81' lang='lat' dir='ltr'>siliis</span> <span class='ocrx_word' id='word_1_233' title='bbox 1017 1472 1157 1516; x_wconf 88' lang='lat' dir='ltr'>notariis,</span> <span class='ocrx_word' id='word_1_234' title='bbox 1179 1473 1246 1505; x_wconf 70' lang='lat'>461</span> <span class='ocrx_word' id='word_1_235' title='bbox 1279 1484 1308 1506; x_wconf 88' lang='lat' dir='ltr'>a.</span> <span class='ocrx_word' id='word_1_236' title='bbox 1335 1471 1450 1506; x_wconf 74' lang='lat' dir='ltr'>Decem</span> <span class='ocrx_word' id='word_1_237' title='bbox 1475 1484 1511 1506; x_wconf 82' lang='lat' dir='ltr'>ex</span> <span class='ocrx_word' id='word_1_238' title='bbox 1535 1471 1621 1505; x_wconf 78' lang='lat' dir='ltr'>hisce</span> <span class='ocrx_word' id='word_1_239' title='bbox 1637 1472 1857 1519; x_wconf 82' lang='lat' dir='ltr'>scriptoribus,</span> <span class='ocrx_word' id='word_1_240' title='bbox 1876 1484 1982 1508; x_wconf 87' lang='lat' dir='ltr'>corre-</span> 
     </span>
     <span class='ocr_line' id='line_1_26' title="bbox 535 1520 1981 1569; baseline 0.001 -13"><span class='ocrx_word' id='word_1_241' title='bbox 535 1528 636 1556; x_wconf 91' lang='lat' dir='ltr'>ctores</span> <span class='ocrx_word' id='word_1_242' title='bbox 666 1523 854 1568; x_wconf 87' lang='lat' dir='ltr'>nuncupati,</span> <span class='ocrx_word' id='word_1_243' title='bbox 882 1521 1060 1556; x_wconf 83' lang='lat' dir='ltr'>examinant</span> <span class='ocrx_word' id='word_1_244' title='bbox 1084 1521 1161 1556; x_wconf 86' lang='lat' dir='ltr'>alios</span> <span class='ocrx_word' id='word_1_245' title='bbox 1187 1520 1413 1565; x_wconf 73' lang='lat' dir='ltr'>admittendos,</span> <span class='ocrx_word' id='word_1_246' title='bbox 1444 1523 1518 1556; x_wconf 80' lang='lat' dir='ltr'>ibid.</span> <span class='ocrx_word' id='word_1_247' title='bbox 1542 1523 1568 1556; x_wconf 91' lang='lat' dir='ltr'>b.</span> <span class='ocrx_word' id='word_1_248' title='bbox 1592 1521 1788 1568; x_wconf 86' lang='lat' dir='ltr'>Scriptorum</span> <span class='ocrx_word' id='word_1_249' title='bbox 1813 1521 1981 1569; x_wconf 84' lang='lat' dir='ltr'>collegium</span> 
     </span>
     <span class='ocr_line' id='line_1_27' title="bbox 534 1571 1980 1618; baseline 0.001 -12"><span class='ocrx_word' id='word_1_250' title='bbox 534 1579 617 1606; x_wconf 84' lang='lat' dir='ltr'>creat</span> <span class='ocrx_word' id='word_1_251' title='bbox 645 1571 792 1611; x_wconf 87' lang='lat' dir='ltr'>notarios,</span> <span class='ocrx_word' id='word_1_252' title='bbox 816 1572 886 1606; x_wconf 68' lang='lat'>462</span> <span class='ocrx_word' id='word_1_253' title='bbox 918 1573 948 1612; x_wconf 86' lang='lat' dir='ltr'>b;</span> <span class='ocrx_word' id='word_1_254' title='bbox 976 1571 1139 1606; x_wconf 85' lang='lat' dir='ltr'>bastardos</span> <span class='ocrx_word' id='word_1_255' title='bbox 1165 1571 1341 1618; x_wconf 83' lang='lat' dir='ltr'>legitimat,</span> <span class='ocrx_word' id='word_1_256' title='bbox 1369 1573 1444 1606; x_wconf 77' lang='lat' dir='ltr'>ibid.</span> <span class='ocrx_word' id='word_1_257' title='bbox 1474 1571 1520 1606; x_wconf 78' lang='lat' dir='ltr'>Ex</span> <span class='ocrx_word' id='word_1_258' title='bbox 1547 1583 1584 1605; x_wconf 87' lang='lat' dir='ltr'>eo</span> <span class='ocrx_word' id='word_1_259' title='bbox 1612 1571 1825 1617; x_wconf 81' lang='lat' dir='ltr'>desumuntur</span> <span class='ocrx_word' id='word_1_260' title='bbox 1853 1572 1980 1607; x_wconf 83' lang='lat' dir='ltr'>testium</span> 
     </span>
     <span class='ocr_line' id='line_1_28' title="bbox 535 1621 1981 1668; baseline 0.001 -13"><span class='ocrx_word' id='word_1_261' title='bbox 535 1629 564 1655; x_wconf 88' lang='lat' dir='ltr'>et</span> <span class='ocrx_word' id='word_1_262' title='bbox 592 1621 819 1668; x_wconf 81' lang='lat' dir='ltr'>scripturarum</span> <span class='ocrx_word' id='word_1_263' title='bbox 848 1622 1059 1667; x_wconf 73' lang='lat' dir='ltr'>interpretes,</span> <span class='ocrx_word' id='word_1_264' title='bbox 1086 1622 1174 1662; x_wconf 76' lang='lat' dir='ltr'>t&#39;bt‘d.;</span> <span class='ocrx_word' id='word_1_265' title='bbox 1204 1621 1247 1656; x_wconf 90' lang='lat' dir='ltr'>uti</span> <span class='ocrx_word' id='word_1_266' title='bbox 1271 1622 1364 1656; x_wconf 86' lang='lat' dir='ltr'>etiam</span> <span class='ocrx_word' id='word_1_267' title='bbox 1392 1621 1502 1656; x_wconf 84' lang='lat' dir='ltr'>notarii</span> <span class='ocrx_word' id='word_1_268' title='bbox 1530 1621 1671 1655; x_wconf 87' lang='lat' dir='ltr'>iudicum</span> <span class='ocrx_word' id='word_1_269' title='bbox 1705 1633 1766 1657; x_wconf 91' lang='lat' dir='ltr'>non</span> <span class='ocrx_word' id='word_1_270' title='bbox 1799 1621 1981 1657; x_wconf 85' lang='lat' dir='ltr'>habentium</span> 
     </span>
     <span class='ocr_line' id='line_1_29' title="bbox 536 1670 1982 1718; baseline 0.001 -13"><span class='ocrx_word' id='word_1_271' title='bbox 536 1671 673 1705; x_wconf 83' lang='lat' dir='ltr'>notarios</span> <span class='ocrx_word' id='word_1_272' title='bbox 690 1673 845 1718; x_wconf 87' lang='lat' dir='ltr'>proprios,</span> <span class='ocrx_word' id='word_1_273' title='bbox 867 1674 940 1706; x_wconf 71' lang='lat'>463</span> <span class='ocrx_word' id='word_1_274' title='bbox 955 1683 985 1705; x_wconf 88' lang='lat' dir='ltr'>a.</span> <span class='ocrx_word' id='word_1_275' title='bbox 1001 1670 1123 1707; x_wconf 88' lang='lat' dir='ltr'>Statuta</span> <span class='ocrx_word' id='word_1_276' title='bbox 1139 1670 1276 1717; x_wconf 81' lang='lat' dir='ltr'>collegii,</span> <span class='ocrx_word' id='word_1_277' title='bbox 1298 1673 1389 1712; x_wconf 76' lang='lat' dir='ltr'>ibid.;</span> <span class='ocrx_word' id='word_1_278' title='bbox 1413 1671 1584 1718; x_wconf 76' lang='lat' dir='ltr'>privilegia,</span> <span class='ocrx_word' id='word_1_279' title='bbox 1602 1672 1690 1712; x_wconf 54' lang='lat' dir='ltr'>ibid,</span> <span class='ocrx_word' id='word_1_280' title='bbox 1705 1670 1804 1707; x_wconf 85' lang='lat' dir='ltr'>officia</span> <span class='ocrx_word' id='word_1_281' title='bbox 1822 1672 1982 1718; x_wconf 82' lang='lat' dir='ltr'>resignare</span> 
     </span>
     <span class='ocr_line' id='line_1_30' title="bbox 537 1721 1984 1768; baseline 0.002 -14"><span class='ocrx_word' id='word_1_282' title='bbox 537 1730 684 1766; x_wconf 77' lang='lat' dir='ltr'>possunt,</span> <span class='ocrx_word' id='word_1_283' title='bbox 710 1723 785 1756; x_wconf 77' lang='lat' dir='ltr'>ibid.</span> <span class='ocrx_word' id='word_1_284' title='bbox 816 1723 843 1756; x_wconf 92' lang='lat' dir='ltr'>b.</span> <span class='ocrx_word' id='word_1_285' title='bbox 872 1721 1049 1756; x_wconf 87' lang='lat' dir='ltr'>Declaratio</span> <span class='ocrx_word' id='word_1_286' title='bbox 1083 1721 1317 1768; x_wconf 78' lang='lat' dir='ltr'>privilegiorum</span> <span class='ocrx_word' id='word_1_287' title='bbox 1353 1721 1558 1765; x_wconf 83' lang='lat' dir='ltr'>huiusmodi,</span> <span class='ocrx_word' id='word_1_288' title='bbox 1587 1723 1658 1757; x_wconf 71' lang='lat'>465</span> <span class='ocrx_word' id='word_1_289' title='bbox 1689 1734 1718 1756; x_wconf 86' lang='grc' dir='ltr'>α.</span> <span class='ocrx_word' id='word_1_290' title='bbox 1752 1722 1787 1756; x_wconf 88' lang='lat' dir='ltr'>V.</span> <span class='ocrx_word' id='word_1_291' title='bbox 1820 1721 1984 1757; x_wconf 86' lang='lat' dir='ltr'>Romanae</span> 
     </span>
     <span class='ocr_line' id='line_1_31' title="bbox 534 1769 788 1806; baseline 0.004 -2"><span class='ocrx_word' id='word_1_292' title='bbox 534 1769 650 1805; x_wconf 89' lang='lat' dir='ltr'>Curiae</span> <span class='ocrx_word' id='word_1_293' title='bbox 677 1770 788 1806; x_wconf 83' lang='lat' dir='ltr'>officia.</span> 
     </span>
    </p>

    <p class='ocr_par' dir='ltr' id='par_1_12' title="bbox 437 1820 1087 1856">
     <span class='ocr_line' id='line_1_32' title="bbox 437 1820 1087 1856; baseline -0.002 0"><span class='ocrx_word' id='word_1_294' title='bbox 437 1821 578 1856; x_wconf 85' lang='lat' dir='ltr'>Armeni.</span> <span class='ocrx_word' id='word_1_295' title='bbox 610 1822 646 1855; x_wconf 83' lang='lat' dir='ltr'>V.</span> <span class='ocrx_word' id='word_1_296' title='bbox 668 1820 831 1856; x_wconf 82' lang='lat' dir='ltr'>Romanae</span> <span class='ocrx_word' id='word_1_297' title='bbox 854 1820 1012 1856; x_wconf 82' lang='lat' dir='ltr'>Ecclesiae</span> <span class='ocrx_word' id='word_1_298' title='bbox 1033 1830 1087 1856; x_wconf 82' lang='lat' dir='ltr'>etc.</span> 
     </span>
    </p>

    <p class='ocr_par' dir='ltr' id='par_1_13' title="bbox 436 1869 1978 1917">
     <span class='ocr_line' id='line_1_33' title="bbox 436 1869 1978 1917; baseline 0 -11"><span class='ocrx_word' id='word_1_299' title='bbox 436 1871 615 1906; x_wconf 78' lang='lat' dir='ltr'>Auctoritas</span> <span class='ocrx_word' id='word_1_300' title='bbox 630 1871 796 1905; x_wconf 87' lang='lat' dir='ltr'>cardinalis</span> <span class='ocrx_word' id='word_1_301' title='bbox 819 1871 1004 1917; x_wconf 87' lang='lat' dir='ltr'>protectoris</span> <span class='ocrx_word' id='word_1_302' title='bbox 1026 1871 1155 1906; x_wconf 76' lang='lat' dir='ltr'>fratrum</span> <span class='ocrx_word' id='word_1_303' title='bbox 1179 1871 1337 1906; x_wconf 89' lang='lat' dir='ltr'>Minorum</span> <span class='ocrx_word' id='word_1_304' title='bbox 1353 1870 1483 1906; x_wconf 89' lang='lat' dir='ltr'>Ordinis</span> <span class='ocrx_word' id='word_1_305' title='bbox 1500 1869 1533 1906; x_wconf 93' lang='lat' dir='ltr'>S.</span> <span class='ocrx_word' id='word_1_306' title='bbox 1558 1869 1732 1912; x_wconf 83' lang='lat' dir='ltr'>Francisci,</span> <span class='ocrx_word' id='word_1_307' title='bbox 1748 1872 1819 1907; x_wconf 74' lang='lat'>205</span> <span class='ocrx_word' id='word_1_308' title='bbox 1836 1884 1855 1906; x_wconf 92' lang='lat' dir='ltr'>a</span> <span class='ocrx_word' id='word_1_309' title='bbox 1870 1879 1901 1907; x_wconf 89' lang='lat' dir='ltr'>et</span> <span class='ocrx_word' id='word_1_310' title='bbox 1918 1883 1978 1917; x_wconf 81' lang='lat' dir='ltr'>seq.</span> 
     </span>
    </p>

    <p class='ocr_par' dir='ltr' id='par_1_14' title="bbox 438 1919 1982 2105">
     <span class='ocr_line' id='line_1_34' title="bbox 438 1919 1979 1967; baseline 0.001 -13"><span class='ocrx_word' id='word_1_311' title='bbox 438 1921 571 1955; x_wconf 83' lang='lat' dir='ltr'>Auditor</span> <span class='ocrx_word' id='word_1_312' title='bbox 585 1933 748 1955; x_wconf 79' lang='lat' dir='ltr'>causarum</span> <span class='ocrx_word' id='word_1_313' title='bbox 763 1920 877 1955; x_wconf 81' lang='lat' dir='ltr'>Curiae</span> <span class='ocrx_word' id='word_1_314' title='bbox 894 1919 1096 1956; x_wconf 74' lang='lat' dir='ltr'>Rerereudae</span> <span class='ocrx_word' id='word_1_315' title='bbox 1118 1920 1269 1956; x_wconf 83' lang='lat' dir='ltr'>Gamerae</span> <span class='ocrx_word' id='word_1_316' title='bbox 1292 1920 1493 1967; x_wconf 75' lang='lat' dir='ltr'>Apostolicae</span> <span class='ocrx_word' id='word_1_317' title='bbox 1518 1933 1573 1967; x_wconf 83' lang='lat' dir='ltr'>per</span> <span class='ocrx_word' id='word_1_318' title='bbox 1595 1920 1845 1956; x_wconf 90' lang='lat' dir='ltr'>locumtenentes</span> <span class='ocrx_word' id='word_1_319' title='bbox 1866 1933 1979 1958; x_wconf 84' lang='lat' dir='ltr'>causas</span> 
     </span>
     <span class='ocr_line' id='line_1_35' title="bbox 536 1970 1982 2018; baseline 0.001 -14"><span class='ocrx_word' id='word_1_320' title='bbox 536 1979 594 2004; x_wconf 92' lang='lat' dir='ltr'>tam</span> <span class='ocrx_word' id='word_1_321' title='bbox 624 1971 730 2005; x_wconf 86' lang='lat' dir='ltr'>civiles</span> <span class='ocrx_word' id='word_1_322' title='bbox 752 1983 845 2017; x_wconf 83' lang='lat' dir='ltr'>quam</span> <span class='ocrx_word' id='word_1_323' title='bbox 875 1970 1054 2005; x_wconf 88' lang='lat' dir='ltr'>criminales</span> <span class='ocrx_word' id='word_1_324' title='bbox 1076 1983 1266 2017; x_wconf 81' lang='lat' dir='ltr'>cognoscere</span> <span class='ocrx_word' id='word_1_325' title='bbox 1295 1970 1399 2011; x_wconf 89' lang='lat' dir='ltr'>valet,</span> <span class='ocrx_word' id='word_1_326' title='bbox 1427 1973 1492 2005; x_wconf 76' lang='lat'>521</span> <span class='ocrx_word' id='word_1_327' title='bbox 1524 1972 1553 2011; x_wconf 90' lang='lat' dir='ltr'>b;</span> <span class='ocrx_word' id='word_1_328' title='bbox 1583 1981 1639 2005; x_wconf 87' lang='lat' dir='ltr'>uec</span> <span class='ocrx_word' id='word_1_329' title='bbox 1668 1982 1730 2005; x_wconf 89' lang='lat' dir='ltr'>non</span> <span class='ocrx_word' id='word_1_330' title='bbox 1760 1983 1928 2018; x_wconf 84' lang='lat' dir='ltr'>processus</span> <span class='ocrx_word' id='word_1_331' title='bbox 1950 1978 1982 2006; x_wconf 86' lang='lat' dir='ltr'>et</span> 
     </span>
     <span class='ocr_line' id='line_1_36' title="bbox 534 2019 1980 2068; baseline 0.002 -14"><span class='ocrx_word' id='word_1_332' title='bbox 534 2020 706 2055; x_wconf 84' lang='lat' dir='ltr'>sententias</span> <span class='ocrx_word' id='word_1_333' title='bbox 740 2020 863 2068; x_wconf 80' lang='lat' dir='ltr'>exequi,</span> <span class='ocrx_word' id='word_1_334' title='bbox 897 2021 966 2055; x_wconf 76' lang='lat'>522</span> <span class='ocrx_word' id='word_1_335' title='bbox 993 2033 1022 2055; x_wconf 87' lang='grc' dir='ltr'>α.</span> <span class='ocrx_word' id='word_1_336' title='bbox 1057 2022 1091 2055; x_wconf 86' lang='lat' dir='ltr'>V.</span> <span class='ocrx_word' id='word_1_337' title='bbox 1119 2020 1270 2056; x_wconf 86' lang='lat' dir='ltr'>Gamerae</span> <span class='ocrx_word' id='word_1_338' title='bbox 1304 2020 1504 2068; x_wconf 83' lang='lat' dir='ltr'>Apostolicae</span> <span class='ocrx_word' id='word_1_339' title='bbox 1532 2028 1586 2054; x_wconf 78' lang='lat' dir='ltr'>etc.</span> <span class='ocrx_word' id='word_1_340' title='bbox 1619 2027 1646 2054; x_wconf 81' lang='lat' dir='ltr'>et</span> <span class='ocrx_word' id='word_1_341' title='bbox 1675 2019 1835 2056; x_wconf 86' lang='lat' dir='ltr'>Romanae</span> <span class='ocrx_word' id='word_1_342' title='bbox 1864 2020 1980 2057; x_wconf 87' lang='lat' dir='ltr'>Curiae</span> 
     </span>
     <span class='ocr_line' id='line_1_37' title="bbox 536 2069 647 2105; baseline -0.009 0"><span class='ocrx_word' id='word_1_343' title='bbox 536 2069 647 2105; x_wconf 81' lang='lat' dir='ltr'>officia.</span> 
     </span>
    </p>

    <p class='ocr_par' dir='ltr' id='par_1_15' title="bbox 436 2119 1981 2311">
     <span class='ocr_line' id='line_1_38' title="bbox 436 2119 1981 2168; baseline 0.001 -14"><span class='ocrx_word' id='word_1_344' title='bbox 436 2119 604 2155; x_wconf 56' lang='lat' dir='ltr'>Ati-ditores</span> <span class='ocrx_word' id='word_1_345' title='bbox 619 2120 718 2155; x_wconf 89' lang='lat' dir='ltr'>Rotae</span> <span class='ocrx_word' id='word_1_346' title='bbox 734 2119 927 2155; x_wconf 86' lang='lat' dir='ltr'>reducuntur</span> <span class='ocrx_word' id='word_1_347' title='bbox 941 2120 978 2155; x_wconf 84' lang='lat' dir='ltr'>ad</span> <span class='ocrx_word' id='word_1_348' title='bbox 996 2132 1162 2155; x_wconf 79' lang='lat' dir='ltr'>numerum</span> <span class='ocrx_word' id='word_1_349' title='bbox 1179 2120 1359 2161; x_wconf 87' lang='lat' dir='ltr'>duodecim,</span> <span class='ocrx_word' id='word_1_350' title='bbox 1375 2122 1445 2155; x_wconf 75' lang='lat'>207</span> <span class='ocrx_word' id='word_1_351' title='bbox 1462 2122 1490 2155; x_wconf 93' lang='lat' dir='ltr'>b.</span> <span class='ocrx_word' id='word_1_352' title='bbox 1509 2119 1688 2167; x_wconf 88' lang='lat' dir='ltr'>Antequam</span> <span class='ocrx_word' id='word_1_353' title='bbox 1711 2121 1847 2168; x_wconf 87' lang='lat' dir='ltr'>quisque</span> <span class='ocrx_word' id='word_1_354' title='bbox 1862 2120 1981 2156; x_wconf 89' lang='lat' dir='ltr'>admit-</span> 
     </span>
     <span class='ocr_line' id='line_1_39' title="bbox 535 2169 1979 2215; baseline 0.002 -11"><span class='ocrx_word' id='word_1_355' title='bbox 535 2178 617 2204; x_wconf 90' lang='lat' dir='ltr'>tatur</span> <span class='ocrx_word' id='word_1_356' title='bbox 643 2170 679 2205; x_wconf 89' lang='lat' dir='ltr'>ad</span> <span class='ocrx_word' id='word_1_357' title='bbox 710 2170 769 2205; x_wconf 85' lang='lat' dir='ltr'>hoc</span> <span class='ocrx_word' id='word_1_358' title='bbox 797 2170 958 2215; x_wconf 80' lang='lat' dir='ltr'>osticium,</span> <span class='ocrx_word' id='word_1_359' title='bbox 984 2170 1183 2205; x_wconf 75' lang='lat' dir='ltr'>examinetur</span> <span class='ocrx_word' id='word_1_360' title='bbox 1210 2183 1314 2206; x_wconf 90' lang='lat' dir='ltr'>coram</span> <span class='ocrx_word' id='word_1_361' title='bbox 1347 2170 1649 2214; x_wconf 74' lang='lat' dir='ltr'>viee-cancellario,</span> <span class='ocrx_word' id='word_1_362' title='bbox 1676 2171 1748 2206; x_wconf 75' lang='lat'>208</span> <span class='ocrx_word' id='word_1_363' title='bbox 1774 2184 1805 2205; x_wconf 88' lang='grc' dir='ltr'>α.</span> <span class='ocrx_word' id='word_1_364' title='bbox 1828 2169 1979 2207; x_wconf 84' lang='lat' dir='ltr'>Officium</span> 
     </span>
     <span class='ocr_line' id='line_1_40' title="bbox 537 2220 1981 2269; baseline 0.002 -15"><span class='ocrx_word' id='word_1_365' title='bbox 537 2220 730 2259; x_wconf 89' lang='lat' dir='ltr'>huiusmodi,</span> <span class='ocrx_word' id='word_1_366' title='bbox 753 2232 814 2254; x_wconf 92' lang='lat' dir='ltr'>non</span> <span class='ocrx_word' id='word_1_367' title='bbox 833 2228 919 2255; x_wconf 83' lang='lat' dir='ltr'>vacat</span> <span class='ocrx_word' id='word_1_368' title='bbox 942 2232 996 2268; x_wconf 86' lang='lat' dir='ltr'>per</span> <span class='ocrx_word' id='word_1_369' title='bbox 1013 2221 1241 2265; x_wconf 85' lang='lat' dir='ltr'>promotionem</span> <span class='ocrx_word' id='word_1_370' title='bbox 1259 2220 1403 2260; x_wconf 87' lang='lat' dir='ltr'>titularis,</span> <span class='ocrx_word' id='word_1_371' title='bbox 1426 2221 1500 2255; x_wconf 82' lang='lat' dir='ltr'>ibid.</span> <span class='ocrx_word' id='word_1_372' title='bbox 1536 2221 1569 2254; x_wconf 90' lang='lat' dir='ltr'>V.</span> <span class='ocrx_word' id='word_1_373' title='bbox 1589 2223 1681 2255; x_wconf 80' lang='lat' dir='ltr'>etiam</span> <span class='ocrx_word' id='word_1_374' title='bbox 1704 2220 1839 2256; x_wconf 80' lang='lat' dir='ltr'>Litterae</span> <span class='ocrx_word' id='word_1_375' title='bbox 1855 2228 1981 2269; x_wconf 85' lang='lat' dir='ltr'>aposto-</span> 
     </span>
     <span class='ocr_line' id='line_1_41' title="bbox 535 2269 1501 2311; baseline 0.001 -8"><span class='ocrx_word' id='word_1_376' title='bbox 535 2269 624 2311; x_wconf 84' lang='lat' dir='ltr'>licae,</span> <span class='ocrx_word' id='word_1_377' title='bbox 648 2270 806 2305; x_wconf 84' lang='lat' dir='ltr'>Romanae</span> <span class='ocrx_word' id='word_1_378' title='bbox 829 2270 944 2306; x_wconf 88' lang='lat' dir='ltr'>Curiae</span> <span class='ocrx_word' id='word_1_379' title='bbox 970 2270 1069 2305; x_wconf 80' lang='lat' dir='ltr'>officia</span> <span class='ocrx_word' id='word_1_380' title='bbox 1096 2278 1121 2304; x_wconf 85' lang='lat' dir='ltr'>el</span> <span class='ocrx_word' id='word_1_381' title='bbox 1142 2270 1242 2305; x_wconf 89' lang='lat' dir='ltr'>Rotae</span> <span class='ocrx_word' id='word_1_382' title='bbox 1265 2270 1427 2306; x_wconf 85' lang='lat' dir='ltr'>Romanae</span> <span class='ocrx_word' id='word_1_383' title='bbox 1449 2277 1501 2304; x_wconf 79' lang='lat' dir='ltr'>etc.</span> 
     </span>
    </p>

    <p class='ocr_par' dir='ltr' id='par_1_16' title="bbox 433 2316 1980 2418">
     <span class='ocr_line' id='line_1_42' title="bbox 433 2316 1980 2368; baseline 0.001 -13"><span class='ocrx_word' id='word_1_384' title='bbox 433 2316 604 2367; x_wconf 80' lang='lat' dir='ltr'>&#39;Augustini</span> <span class='ocrx_word' id='word_1_385' title='bbox 627 2320 682 2364; x_wconf 80' lang='lat' dir='ltr'>(S.)</span> <span class='ocrx_word' id='word_1_386' title='bbox 697 2320 836 2355; x_wconf 87' lang='lat' dir='ltr'>canonici</span> <span class='ocrx_word' id='word_1_387' title='bbox 855 2321 1025 2367; x_wconf 76' lang='lat' dir='ltr'>regulares,</span> <span class='ocrx_word' id='word_1_388' title='bbox 1048 2320 1077 2354; x_wconf 91' lang='lat' dir='ltr'>iu</span> <span class='ocrx_word' id='word_1_389' title='bbox 1095 2321 1262 2367; x_wconf 85' lang='lat' dir='ltr'>episcopos</span> <span class='ocrx_word' id='word_1_390' title='bbox 1281 2320 1428 2368; x_wconf 85' lang='lat' dir='ltr'>promoti,</span> <span class='ocrx_word' id='word_1_391' title='bbox 1451 2319 1569 2361; x_wconf 85' lang='lat' dir='ltr'>habitu,</span> <span class='ocrx_word' id='word_1_392' title='bbox 1592 2331 1655 2366; x_wconf 88' lang='lat' dir='ltr'>quo</span> <span class='ocrx_word' id='word_1_393' title='bbox 1673 2319 1776 2355; x_wconf 89' lang='lat' dir='ltr'>clerici</span> <span class='ocrx_word' id='word_1_394' title='bbox 1800 2319 1980 2357; x_wconf 88' lang='lat' dir='ltr'>saeculares</span> 
     </span>
     <span class='ocr_line' id='line_1_43' title="bbox 535 2370 1315 2418; baseline 0.001 -14"><span class='ocrx_word' id='word_1_395' title='bbox 535 2370 642 2405; x_wconf 85' lang='lat' dir='ltr'>eadem</span> <span class='ocrx_word' id='word_1_396' title='bbox 667 2370 817 2416; x_wconf 77' lang='lat' dir='ltr'>dignitate</span> <span class='ocrx_word' id='word_1_397' title='bbox 842 2371 996 2418; x_wconf 81' lang='lat' dir='ltr'>insigniti,</span> <span class='ocrx_word' id='word_1_398' title='bbox 1025 2377 1164 2409; x_wconf 82' lang='lat' dir='ltr'>utantur,</span> <span class='ocrx_word' id='word_1_399' title='bbox 1192 2372 1260 2405; x_wconf 75' lang='lat'>7⁶29</span> <span class='ocrx_word' id='word_1_400' title='bbox 1285 2383 1315 2405; x_wconf 85' lang='grc' dir='ltr'>α.</span> 
     </span>
    </p>

    <p class='ocr_par' dir='ltr' id='par_1_17' title="bbox 439 2419 1982 2614">
     <span class='ocr_line' id='line_1_44' title="bbox 439 2419 1982 2469; baseline 0.001 -14"><span class='ocrx_word' id='word_1_401' title='bbox 439 2420 606 2468; x_wconf 81' lang='lat' dir='ltr'>Augustini</span> <span class='ocrx_word' id='word_1_402' title='bbox 635 2420 692 2464; x_wconf 69' lang='lat' dir='ltr'>(S.)</span> <span class='ocrx_word' id='word_1_403' title='bbox 711 2420 920 2456; x_wconf 88' lang='lat' dir='ltr'>Eremitarum</span> <span class='ocrx_word' id='word_1_404' title='bbox 949 2420 1036 2455; x_wconf 89' lang='lat' dir='ltr'>Ordo</span> <span class='ocrx_word' id='word_1_405' title='bbox 1062 2421 1227 2455; x_wconf 86' lang='lat' dir='ltr'>decoratur</span> <span class='ocrx_word' id='word_1_406' title='bbox 1256 2419 1420 2468; x_wconf 80' lang='lat' dir='ltr'>privilegio</span> <span class='ocrx_word' id='word_1_407' title='bbox 1447 2419 1613 2455; x_wconf 84' lang='lat' dir='ltr'>exercendi</span> <span class='ocrx_word' id='word_1_408' title='bbox 1643 2420 1672 2455; x_wconf 90' lang='lat' dir='ltr'>in</span> <span class='ocrx_word' id='word_1_409' title='bbox 1701 2427 1902 2468; x_wconf 83' lang='lat' dir='ltr'>perpetuum,</span> <span class='ocrx_word' id='word_1_410' title='bbox 1925 2433 1982 2469; x_wconf 83' lang='lat' dir='ltr'>per</span> 
     </span>
     <span class='ocr_line' id='line_1_45' title="bbox 535 2469 1978 2519; baseline 0.003 -16"><span class='ocrx_word' id='word_1_411' title='bbox 535 2482 630 2504; x_wconf 89' lang='lat' dir='ltr'>unum</span> <span class='ocrx_word' id='word_1_412' title='bbox 654 2482 691 2505; x_wconf 90' lang='lat' dir='ltr'>ex</span> <span class='ocrx_word' id='word_1_413' title='bbox 711 2470 850 2505; x_wconf 85' lang='lat' dir='ltr'>eiusdem</span> <span class='ocrx_word' id='word_1_414' title='bbox 874 2470 1033 2515; x_wconf 84' lang='lat' dir='ltr'>fratribus,</span> <span class='ocrx_word' id='word_1_415' title='bbox 1051 2470 1187 2505; x_wconf 82' lang='lat' dir='ltr'>officium</span> <span class='ocrx_word' id='word_1_416' title='bbox 1211 2471 1362 2506; x_wconf 85' lang='lat' dir='ltr'>sacristae</span> <span class='ocrx_word' id='word_1_417' title='bbox 1376 2469 1536 2517; x_wconf 84' lang='lat' dir='ltr'>cappellae</span> <span class='ocrx_word' id='word_1_418' title='bbox 1558 2469 1647 2505; x_wconf 90' lang='lat' dir='ltr'>Sacri</span> <span class='ocrx_word' id='word_1_419' title='bbox 1666 2469 1773 2505; x_wconf 83' lang='lat' dir='ltr'>Palatii</span> <span class='ocrx_word' id='word_1_420' title='bbox 1789 2470 1978 2519; x_wconf 85' lang='lat' dir='ltr'>Apostolici‚</span> 
     </span>
     <span class='ocr_line' id='line_1_46' title="bbox 535 2519 1980 2569; baseline 0.003 -15"><span class='ocrx_word' id='word_1_421' title='bbox 535 2522 604 2555; x_wconf 77' lang='grc'>568</span> <span class='ocrx_word' id='word_1_422' title='bbox 627 2522 668 2561; x_wconf 88' lang='lat' dir='ltr'>b;</span> <span class='ocrx_word' id='word_1_423' title='bbox 695 2520 830 2555; x_wconf 88' lang='lat' dir='ltr'>donatur</span> <span class='ocrx_word' id='word_1_424' title='bbox 853 2521 982 2568; x_wconf 85' lang='lat' dir='ltr'>insuper</span> <span class='ocrx_word' id='word_1_425' title='bbox 1003 2520 1151 2556; x_wconf 91' lang='lat' dir='ltr'>omnibus</span> <span class='ocrx_word' id='word_1_426' title='bbox 1169 2521 1276 2568; x_wconf 80' lang='lat' dir='ltr'>gratiis</span> <span class='ocrx_word' id='word_1_427' title='bbox 1297 2527 1328 2556; x_wconf 87' lang='lat' dir='ltr'>et</span> <span class='ocrx_word' id='word_1_428' title='bbox 1349 2520 1521 2569; x_wconf 78' lang='lat' dir='ltr'>privilegiis</span> <span class='ocrx_word' id='word_1_429' title='bbox 1547 2520 1680 2556; x_wconf 87' lang='lat' dir='ltr'>aliorum</span> <span class='ocrx_word' id='word_1_430' title='bbox 1704 2519 1864 2556; x_wconf 89' lang='lat' dir='ltr'>Ordinum</span> <span class='ocrx_word' id='word_1_431' title='bbox 1878 2520 1980 2558; x_wconf 89' lang='lat' dir='ltr'>Men-</span> 
     </span>
     <span class='ocr_line' id='line_1_47' title="bbox 536 2568 864 2614; baseline 0.003 -10"><span class='ocrx_word' id='word_1_432' title='bbox 536 2568 721 2614; x_wconf 89' lang='lat' dir='ltr'>dicantium,</span> <span class='ocrx_word' id='word_1_433' title='bbox 743 2572 809 2604; x_wconf 73' lang='lat'>471</span> <span class='ocrx_word' id='word_1_434' title='bbox 836 2572 864 2605; x_wconf 89' lang='lat' dir='ltr'>b.</span> 
     </span>
    </p>

    <p class='ocr_par' dir='ltr' id='par_1_18' title="bbox 440 2619 1980 2721">
     <span class='ocr_line' id='line_1_48' title="bbox 440 2619 1980 2670; baseline 0.001 -14"><span class='ocrx_word' id='word_1_435' title='bbox 440 2620 607 2668; x_wconf 82' lang='lat' dir='ltr'>Augustini</span> <span class='ocrx_word' id='word_1_436' title='bbox 622 2619 678 2664; x_wconf 48' lang='lat' dir='ltr'>(S.)</span> <span class='ocrx_word' id='word_1_437' title='bbox 700 2619 811 2656; x_wconf 83' lang='lat' dir='ltr'>fratres</span> <span class='ocrx_word' id='word_1_438' title='bbox 827 2620 994 2665; x_wconf 82' lang='lat' dir='ltr'>Eremitae,</span> <span class='ocrx_word' id='word_1_439' title='bbox 1010 2620 1265 2667; x_wconf 81' lang='lat' dir='ltr'>congregationis</span> <span class='ocrx_word' id='word_1_440' title='bbox 1282 2620 1465 2666; x_wconf 73' lang='lat' dir='ltr'>illicitanae,</span> <span class='ocrx_word' id='word_1_441' title='bbox 1479 2633 1494 2656; x_wconf 88' lang='lat' dir='ltr'>a</span> <span class='ocrx_word' id='word_1_442' title='bbox 1510 2633 1545 2656; x_wconf 92' lang='lat' dir='ltr'>su</span> <span class='ocrx_word' id='word_1_443' title='bbox 1553 2619 1732 2668; x_wconf 75' lang='lat' dir='ltr'>perior-itate</span> <span class='ocrx_word' id='word_1_444' title='bbox 1755 2620 1980 2670; x_wconf 83' lang='lat' dir='ltr'>praelatorum,</span> 
     </span>
     <span class='ocr_line' id='line_1_49' title="bbox 539 2669 1979 2721; baseline 0.003 -16"><span class='ocrx_word' id='word_1_445' title='bbox 539 2681 602 2705; x_wconf 87' lang='lat' dir='ltr'>uon</span> <span class='ocrx_word' id='word_1_446' title='bbox 625 2682 695 2706; x_wconf 82' lang='lat' dir='ltr'>vero</span> <span class='ocrx_word' id='word_1_447' title='bbox 719 2670 832 2719; x_wconf 88' lang='lat' dir='ltr'>prioris</span> <span class='ocrx_word' id='word_1_448' title='bbox 849 2670 1005 2718; x_wconf 76' lang='lat' dir='ltr'>generalis</span> <span class='ocrx_word' id='word_1_449' title='bbox 1028 2672 1124 2707; x_wconf 87' lang='lat' dir='ltr'>totius</span> <span class='ocrx_word' id='word_1_450' title='bbox 1150 2669 1292 2717; x_wconf 78' lang='lat' dir='ltr'>Ordinis,</span> <span class='ocrx_word' id='word_1_451' title='bbox 1313 2671 1507 2718; x_wconf 81' lang='lat' dir='ltr'>eximuntur,</span> <span class='ocrx_word' id='word_1_452' title='bbox 1527 2672 1564 2706; x_wconf 76' lang='grc'>71</span> <span class='ocrx_word' id='word_1_453' title='bbox 1593 2683 1624 2707; x_wconf 86' lang='grc' dir='ltr'>α.</span> <span class='ocrx_word' id='word_1_454' title='bbox 1647 2670 1840 2708; x_wconf 85' lang='lat' dir='ltr'>Eorumdem</span> <span class='ocrx_word' id='word_1_455' title='bbox 1861 2671 1979 2721; x_wconf 79' lang='lat' dir='ltr'>gratiae</span> 
     </span>
    </p>
   </div>
   <div class='ocr_carea' id='block_1_3' title="bbox 2219 182 2281 2879">
    <p class='ocr_par' dir='ltr' id='par_1_19' title="bbox 2219 182 2281 2879">
     <span class='ocr_line' id='line_1_50' title="bbox 2219 182 2281 2879; baseline 0 0"><span class='ocrx_word' id='word_1_456' title='bbox 2219 182 2281 2879; x_wconf 95' lang='lat' dir='ltr'> </span> 
     </span>
    </p>
   </div>
  </div>
 </body>
</html>
