2281 3251
230 262 280 288 An.
297 262 326 288 C.
346 262 412 288 ¹5¹⁶.)

243 367 368 387 {tefiuitore-
380 375 410 387 m<

479 251 549 284 5⁶2⁶.)
1011 259 1198 282 arctatum

476 318 496 363 g
518 319 575 350 ⁶27».
600 317 637 350 t-Jt
663 323 693 350 ιιι
717 314 875 349 canonicis
895 313 1060 361 praedietis
1077 315 1180 348 onmis

426 366 557 411 vagandi
573 366 728 400 adimatur
741 364 875 403 occasio,
899 363 1116 397 definitoribus
1135 376 1180 398 ca-

229 399 288 424 pituli
306 400 412 423 generatis
451 416 456 420 .

229 433 248 449 rt
266 434 358 455 'espech
374 435 411 449 ce-

228 462 333 480 nerabset
344 465 412 480 visum<

228 496 286 511 terr*
307 498 352 512 cuni
366 498 412 518 per-

255 524 287 542 nis
298 529 412 547 congrega-

228 555 292 573 tunnis
315 555 334 573 iu
357 561 412 574 non-

228 586 290 604 nullts
300 586 412 611 dispensa-

228 622 250 635 re
267 621 357 642 possint.

232 2158 343 2178 ueneratus
354 2163 404 2177 eor-

220 2189 300 2214 pnratia
320 2191 340 2208 et
361 2192 402 2209 eet.

220 2219 326 2240 benedicit

227 2365 354 2386 Sacerdotes
364 2371 403 2386 an-

219 2399 238 2416 te
250 2397 304 2417 diem
314 2400 340 2416 ιιι
350 2413 352 2416 ,
364 2402 403 2417 ce-

219 2427 300 2449 lebrant
318 2428 354 2453 «1),

429 415 518 462 pituli
542 414 708 461 generalis,
731 413 892 447 dumtaxat
921 412 1062 447 eiusdem
1096 425 1179 447 eou-

427 465 629 510 gregationis,
657 476 728 497 cum
757 462 921 509 quibusvis
950 463 1094 508 personis
1117 462 1179 496 dc-

429 514 543 548 l'eetnm
582 513 731 547 natalium
755 525 791 546 ex
818 511 975 546 adulterio
999 512 1179 546 incestuoso

426 571 455 597 et
483 563 594 610 quovis
621 562 680 596 alio
708 573 823 608 genere
860 561 979 595 nefario
1012 571 1042 596 ct
1072 562 1179 596 illicito

426 613 510 647 coitu
548 613 784 657 provenientem
816 610 1028 656 patientibns3
1055 623 1176 646 necnon

425 662 562 708 generali
587 670 616 696 et
646 660 861 696 visitatoribus
888 672 960 694 cum
991 661 1039 699 iis,
1067 661 1118 707 qui
1142 673 1178 695 ex

424 712 532 758 quavis
555 723 661 750 cansa,
685 718 902 758 praeterquam
928 710 1089 744 homicidii
1118 723 1178 743 vo-

425 761 563 804 luntarii,
590 760 760 806 bigamiae,
782 759 990 794 mutilationis
1018 760 1178 795 membro-

425 823 493 845 rum
518 811 704 857 irregulares
728 810 839 852 forent,
858 816 1024 856 postquam
1045 822 1178 856 congre-

423 860 580 905 gationem
599 860 696 907 ipsam
715 859 846 905 ingrcssi
871 868 901 893 et
930 859 1011 893 illam
1029 871 1177 905 expresse

425 910 555 954 professi
572 909 698 952 suerint,
723 917 875 955 perpetuo
894 908 1109 956 dispensandi,
1134 919 1177 954 nt,

423 958 546 994 defectu
589 967 618 993 et
654 958 874 1005 irregularitat.
904 958 1086 992 huiusmodi
1115 971 1175 994 non

423 1008 632 1048 obstantibus,
651 1008 688 1042 ad
712 1019 933 1056 quoscumque
952 1008 1045 1042 ctiam
1070 1020 1178 1043 saeros

423 1066 452 1092 et
477 1058 712 1106 presbyteratus
731 1057 858 1092 ordines
881 1057 1070 1105 promoveri3
1097 1067 1126 1092 et
1147 1059 1174 1093 in

424 1107 496 1147 illis,
524 1108 617 1141 etiam
643 1107 672 1141 in
691 1107 794 1142 altaris
814 1108 967 1142 minister.
986 1107 1176 1148 ministrare,

423 1165 451 1191 et
476 1156 513 1191 ad
542 1169 766 1204 quaecumque
793 1156 906 1201 officia,
928 1157 1175 1192 administratio-

422 1218 478 1241 nes
500 1218 554 1241 seu
585 1206 755 1251 dignitates
787 1206 966 1254 praedictae
993 1218 1175 1253 congrega—

423 1256 516 1290 tionis
543 1265 597 1290 aut
622 1256 704 1291 illius
732 1256 950 1301 ecclesiarum,
970 1258 1177 1291 monasterio-

423 1317 489 1340 rum
519 1315 548 1341 et
577 1305 718 1340 locorum
739 1305 836 1352 recipi
860 1313 889 1340 et
907 1306 1039 1346 assnmi3
1061 1305 1175 1353 illaque

421 1367 530 1401 gerere
558 1363 588 1389 et
615 1367 761 1390 exercere
781 1355 880 1390 libere
902 1363 932 1389 et
954 1355 1036 1390 licite
1059 1362 1089 1389 et
1108 1356 1176 1390 abs-

420 1416 482 1451 que
504 1404 741 1452 dispensatione
763 1405 864 1439 dictae
888 1404 1004 1450 Sedis,
1026 1405 1174 1452 quotiens

421 1466 502 1501 opus
524 1454 630 1499 fuerit,
653 1454 787 1498 valeant,
816 1454 974 1488 licentiam
994 1463 1023 1489 et
1048 1454 1175 1489 faculta—

422 1512 483 1538 tem
501 1503 648 1538 similiter
669 1504 876 1539 concedimus
903 1512 932 1538 et
951 1503 1043 1538 etiam
1073 1504 1175 1538 indul-

420 1565 543 1598 gemus.
567 1552 732 1597 Similiter,
747 1553 830 1600 quod
853 1552 1009 1600 praefatus
1025 1553 1109 1600 prior
1123 1566 1175 1600 ge-

420 1602 535 1637 neralis
557 1611 587 1637 et
615 1602 665 1637 alii
693 1603 846 1643 abbates,
876 1603 997 1650 priores
1023 1611 1052 1637 et
1076 1615 1174 1650 prae-

421 1653 472 1687 lati
495 1653 593 1687 dictae
607 1653 860 1699 congregationis
880 1664 934 1698 pro
951 1660 1092 1699 tempore
1107 1654 1175 1687 exi-

420 1709 564 1741 stentes,
589 1701 710 1737 valeant
737 1703 766 1736 in
795 1701 946 1737 omnibus
968 1701 1106 1746 casibus,
1142 1703 1172 1737 in

419 1751 535 1798 quibus
553 1751 592 1786 de
620 1752 687 1787 iure
715 1751 878 1786 communi
904 1751 1050 1798 praelatis
1072 1760 1102 1786 et
1121 1763 1174 1787 ca-

420 1801 544 1836 nonicis
587 1800 687 1835 dictae
721 1801 976 1847 congregationis
1003 1802 1175 1836 auctoritas

419 1851 484 1884 sive
512 1850 636 1885 licentia
655 1862 710 1885 seu
729 1850 921 1897 dispensatio
940 1851 1172 1886 ordinariorum

419 1900 454 1942 (si
478 1899 518 1934 ab
545 1900 591 1935 eis
619 1900 758 1947 exempti
783 1912 843 1934 non
868 1903 983 1944 essent)
1008 1900 1086 1934 foret
1114 1912 1174 1935 ne-

419 1949 566 1990 cessaria,
586 1961 658 1983 cum
682 1950 727 1983 eis
746 1949 933 1984 auctoritate
959 1949 1094 1996 praefata
1111 1949 1174 1985 dis-

419 2010 564 2045 pensare,
590 1999 699 2046 eisque
724 1999 926 2046 dispensandi
960 1999 1119 2034 licentiam
1143 2008 1174 2035 et

418 2053 636 2088 auctoritatem
665 2053 854 2088 concedere.

468 2108 488 2155 g
509 2109 567 2142 24.
588 2107 626 2142 Et
654 2115 815 2155 praetcrea
833 2107 890 2155 ipsi
917 2107 1011 2155 priori
1032 2108 1171 2153 generali

419 2174 475 2210 pro
495 2171 638 2209 tempore
660 2162 805 2197 existenti
829 2169 1015 2210 potestatem
1040 2162 1172 2197 facimus

417 2216 560 2252 sacrandi
575 2216 847 2264 benedicendique
865 2217 1050 2263 corporalia,
1071 2226 1172 2252 vestes

424 2280 454 2307 et
470 2284 505 2307 ea
527 2283 608 2318 quae
630 2272 727 2306 sacris
754 2272 866 2306 usibus
889 2271 1064 2307 necessaria
1080 2280 1164 2307 sunt.

467 2327 563 2374 §25-
580 2326 784 2374 Impartimur
797 2338 924 2375 quoqne
940 2334 973 2361 ut
987 2326 1170 2361 buiusmodi

418 2381 671 2428 congregationis
698 2381 889 2422 sacerdotes,
913 2381 943 2416 in
967 2381 1079 2416 itinere
1094 2393 1173 2416 con-

417 2437 538 2481 stituti,
565 2444 619 2472 aut
646 2436 703 2471 alia
733 2448 826 2472 causa
857 2437 1051 2473 subsistente
1069 2464 1078 2482 ,
1100 2446 1172 2472 ante

417 2491 501 2527 diem
525 2498 555 2526 et
579 2502 681 2538 usque
703 2491 739 2525 ad
763 2503 878 2527 nonam
904 2491 1070 2536 inclusive,
1094 2492 1172 2527 mis-

417 2557 482 2581 sam
511 2545 669 2581 celebrare
697 2553 825 2593 queant.

451 2617 490 2653 (ι)
507 2617 573 2645 Vide
583 2617 681 2645 Concil.
695 2617 780 2650 Trici„
792 2625 858 2645 sess.
870 2625 943 2651 xxii,
955 2619 1058 2645 Decret.
1075 2619 1111 2644 De
1121 2620 1170 2645 ob-

416 2661 550 2685 servandis
569 2662 593 2685 ct
609 2661 735 2685 eriemzdis
757 2661 783 2685 in
800 2661 975 2686 celebratione
991 2660 1091 2686 illissue.

1226 259 1387 282 nmmxt'u
1994 259 2040 285 An.
2059 258 2086 284 C.
2109 259 2176 285 ¹5¹2

1272 316 1291 358 ξ
1319 317 1376 348 26.
1406 315 1441 349 lit
1470 315 1565 349 altare
1591 316 1754 359 portatile,
1780 316 1809 348 in
1835 315 1974 362 ipsorum
2005 321 2176 355 1i113·ri¹it¹0r⁰r-

1224 360 1423 398 itineratione
1446 376 1518 398 cum
1547 364 1651 400 debita
1675 365 1847 400 reverentia
1864 372 1894 398 et
1917 363 1975 398 bo-
1992 351 2044 402 233¹
2066 354 2094 371 ω’
2117 351 2176 372 ”¹⁰⁵

1225 425 1299 447 nore
1321 413 1447 457 babere,
1474 423 1504 448 et
1525 426 1622 461 super
1649 428 1699 458 eo,
1723 416 1753 449 in
1772 414 1848 449 locis
1872 422 1976 448 tamen

1223 463 1373 507 congruis
1396 471 1424 496 et
1448 462 1600 504 bonestis,
1618 465 1729 499 missas
1745 472 1776 498 et
1798 464 1855 498 alia
1872 463 1976 497 divina

1222 512 1322 546 ossicia
1347 512 1528 556 celebrare,
1551 526 1586 548 ac
1613 522 1808 548 sacramenta
1825 513 1977 548 ccclesia-

1222 561 1297 595 stiea
1327 561 1442 597 ibidem
1468 563 1620 610 recipcre.

1271 611 1369 657 §⁶27-
1397 611 1436 646 Et
1461 611 1512 646 nbi
1547 613 1694 657 generale
1726 624 1782 647 seu
1811 612 1841 647 in
1869 612 1977 659 aliquo

1222 661 1349 706 speciali
1367 661 1437 696 loco
1460 661 1661 697 interdictum
1686 662 1792 703 suerit,
1820 663 1850 696 in
1874 662 1977 697 eccle-

1221 710 1274 744 siis
1301 711 1368 745 suis
1390 722 1425 745 ae
1449 711 1479 745 in
1513 711 1600 746 altari
1633 712 1768 758 portatili
1797 711 1977 759 praedictiS,

1221 768 1251 793 et
1273 759 1342 793 aliis
1364 760 1623 808 quibuscumque
1647 761 1723 796 loeis
1746 761 1889 796 bonestis
1917 761 1977 795 bu—

1223 809 1371 851 insmodi,
1401 809 1514 845 missas
1536 819 1565 845 et
1589 810 1645 844 alia
1669 810 1776 845 divina
1799 810 1898 845 officia
1923 822 1977 845 ce-

1221 858 1353 893 lebrare.
1378 859 1470 901 Quod
1494 859 1518 893 si
1543 860 1702 906 contingat
1725 860 1889 901 civitates,
1913 867 1976 895 ter-

1222 921 1270 942 ras
1286 909 1331 942 vel
1349 908 1427 953 loca,
1443 910 1472 943 in
1489 909 1604 957 quibus
1622 910 1809 944 monasteria
1830 921 1884 944 scu
1906 909 1974 944 loca

1220 957 1320 993 dictae
1344 960 1601 1005 congregationis
1615 960 1807 1000 consistunt,
1830 959 1975 994 ecclcsia-

1219 1008 1298 1042 stico
1322 1010 1460 1055 supponi
1486 1008 1672 1054 interdicto,
1695 1017 1728 1043 ut
1750 1009 1975 1055 congregatio-

1220 1057 1267 1091 nis
1296 1058 1446 1104 praelati,
1469 1058 1632 1097 canonici,
1660 1058 1803 1093 conversi
1827 1065 1857 1092 ct
1883 1070 1973 1093 com-

1220 1107 1319 1151 missi,
1345 1107 1451 1141 novitii
1475 1116 1504 1141 et
1527 1107 1718 1156 cappellani,
1741 1107 1895 1143 moniales
1908 1107 1973 1143 sive

1218 1168 1342 1190 sorores
1377 1164 1408 1191 et
1435 1156 1557 1192 oblatae
1594 1170 1650 1193 seu
1683 1158 1871 1193 commissae
1895 1169 1973 1205 per-

1218 1218 1314 1240 sonae
1337 1206 1503 1254 utriusque
1525 1219 1631 1248 sexus,
1651 1219 1785 1255 quarum
1808 1219 1916 1242 curam
1941 1207 1971 1242 in

1218 1255 1434 1302 spiritualibus
1467 1265 1609 1303 gerunt,
1641 1269 1762 1292 necnon
1791 1256 1863 1291 laici
1893 1256 1970 1292 infra

1217 1314 1305 1351 septa
1328 1307 1593 1341 monasteriorum
1623 1306 1764 1353 ipsorum
1799 1319 1855 1341 sen
1885 1305 1971 1341 loco-

1218 1367 1287 1389 rum
1317 1367 1373 1402 pro
1401 1363 1544 1403 tempore
1567 1356 1757 1397 habitantes,
1780 1364 1809 1390 et
1826 1367 1972 1403 procura-

1218 1411 1300 1438 tores
1327 1412 1357 1438 et
1384 1405 1504 1452 syndici
1529 1413 1559 1440 et
1582 1407 1708 1451 negotia
1736 1413 1883 1453 gerentes
1903 1417 1971 1440 mo—

1218 1454 1439 1493 nasteriorum,
1453 1467 1468 1489 a
1488 1454 1642 1502 praefatae
1656 1454 1909 1502 congregationis
1923 1466 1971 1489 ca-

1218 1504 1342 1537 nonicis
1370 1503 1408 1538 ad
1438 1503 1467 1538 id
1490 1504 1672 1552 deputatis,
1706 1506 1809 1540 ianuis
1842 1504 1970 1545 clausis,

1219 1552 1394 1587 interdictis
1417 1553 1554 1588 exclusis
1567 1562 1596 1588 et
1613 1555 1770 1589 submissa
1793 1565 1881 1598 voce,
1899 1553 1972 1589 mis-

1217 1613 1268 1635 sas
1291 1610 1321 1636 et
1343 1603 1400 1637 alia
1415 1603 1520 1638 divina
1543 1603 1642 1639 officia
1662 1604 1781 1645 audire,
1809 1615 1845 1639 ac
1866 1603 1970 1638 eccle-

1216 1652 1343 1686 siastiea
1367 1662 1562 1688 sacramenta
1586 1655 1761 1701 susciperc;
1785 1654 1909 1701 ipsique
1923 1665 1971 1688 ca·

1218 1702 1321 1736 nonici
1340 1702 1389 1736 illa
1407 1702 1566 1737 celebrare
1588 1711 1619 1738 et
1638 1704 1830 1745 ministram-03
1846 1715 1882 1738 ac
1904 1714 1970 1748 eos,

1217 1763 1288 1785 cum
1312 1751 1467 1787 decedere
1483 1753 1662 1798 eontigerit,
1686 1753 1715 1787 in
1740 1752 1883 1788 ecclesiis
1905 1753 1971 1787 suis

1218 1801 1364 1847 praefatis
1393 1801 1490 1836 libere
1520 1811 1549 1837 et
1578 1802 1662 1837 licite
1690 1803 1824 1850 sepelire
1848 1802 1970 1849 possint

1216 1858 1245 1884 et
1260 1850 1391 1890 valeant,
1403 1851 1528 1898 plenam
1541 1851 1700 1887 licentiam
1716 1852 1924 1888 concedimus
1938 1860 1970 1886 et

1217 1899 1410 1935 facultatem.
1434 1900 1564 1935 Necnon
1589 1901 1747 1948 praelatis,
1764 1902 1926 1937 canonicis
1940 1911 1971 1937 et

1217 1950 1359 1995 personis
1390 1950 1644 1997 congregationis
1671 1951 1867 1993 huiusmodi,
1890 1963 1972 1999 qno-

1216 2011 1353 2047 cumque
1389 2000 1517 2035 nomine
1557 2009 1764 2042 censeantur,
1798 2001 1971 2047 elargimur

1217 2060 1266 2093 ne,
1286 2057 1414 2097 propter
1444 2050 1728 2098 participationem,
1756 2051 1848 2086 etiam
1872 2052 1902 2086 in
1922 2051 1971 2085 di-

1216 2099 1308 2140 vinis,
1333 2112 1405 2135 cum
1422 2101 1720 2143 excommunicatis,
1748 2102 1913 2149 suspensis
1940 2111 1971 2138 et

1217 2150 1392 2185 interdictis
1423 2163 1439 2185 a
1468 2151 1534 2186 iure
1563 2151 1610 2187 vel
1641 2152 1766 2187 statutis
1793 2151 1971 2188 ordinario-

1216 2213 1298 2244 rum,
1320 2202 1455 2248 aliquam
1474 2201 1812 2237 excommunicationis
1835 2201 1881 2236 vel
1900 2214 1971 2237 ccn-

1215 2262 1360 2286 surarum
1384 2259 1437 2285 aut
1461 2251 1578 2298 peccati
1603 2251 1760 2286 maculam
1784 2252 1969 2296 incurrant,

1216 2300 1277 2335 nisi
1297 2300 1356 2348 ipsi
1385 2301 1649 2336 excommunicati
1671 2308 1777 2337 essent
1792 2301 1970 2348 specialiter

1215 2350 1410 2385 denunciati.

1264 2402 1284 2449 S
1306 2403 1364 2435 ⁶28.
1390 2400 1555 2449 Priorique
1580 2401 1718 2447 generali
1747 2409 1778 2436 et
1801 2401 1970 2437 visitatori-
2005 2428 2095 2450 mem,
2115 2435 2168 2450 m,

1216 2451 1273 2486 bus
1292 2463 1327 2486 ac
1353 2451 1485 2498 siugulis
1508 2451 1653 2499 praelatis
1672 2451 1775 2486 dictae
1796 2463 1969 2499 congrega-
1983 2462 2100 2486 manton-
2117 2466 2168 2488 ros-

1215 2501 1327 2545 tionis,
1351 2509 1381 2536 et
1402 2501 1455 2549 qui
1490 2501 1558 2536 loeo
1587 2513 1695 2536 eorum
1720 2495 2169 2547 constituuntur,{ffliifffls'ffiss

1216 2558 1398 2598 praesentes
1421 2559 1451 2585 et
1468 2551 1576 2596 futuri,
1592 2551 1646 2598 qni
1666 2563 1751 2586 nunc
1772 2559 1846 2586 sunt
1862 2558 1893 2586 et
1913 2563 1969 2599 pro
1983 2559 2008 2574 Μ
2022 2553 2167 2580 ⁵“⁰ss”¹³‘³¹³·

1251 2618 1289 2653 (t)
1307 2617 1374 2645 Vide
1391 2617 1490 2645 Coueil.
1505 2617 1592 2650 Tria„
1610 2624 1675 2644 sess.
1694 2625 1763 2651 xxV,
1781 2625 1840 2654 cap.
1864 2618 1906 2651 12,
1934 2620 1970 2646 De

1216 2658 1340 2691 [reflatur.

2005 626 2086 647 Celebr.
2113 627 2176 647 etiam

1992 660 2177 685 1¹0>stiitten=1=or0

1992 689 2069 709 interd.
2089 692 2126 709 eli.
2146 689 2176 716 1),
