2281 3251
0 889 9 913 ,-
2 850 4 859 ⁴

88 294 133 318 An,
149 291 174 317 C.
205 292 266 321 Ηιῗῐι

98 552 136 578 Qui
153 552 192 570 sint
208 556 268 569 rusus

87 582 219 608 Apostolum·
229 581 268 600 Se<

87 615 106 634 di
122 612 230 632 uenerint.

101 1093 210 1119 Ampliutin
220 1093 271 1113 tuiis

90 1125 206 1152 sepeliendi
233 1124 258 1151 l„

921 287 1034 309 EIYTI'S
1059 288 1089 309 ΙΥ
1123 286 1169 308 Ι“Γ’.

283 345 476 386 destinandi,
494 356 641 391 persaepe
658 352 818 378 revocetur
835 342 863 376 in
883 342 1027 385 dubium,

284 403 316 431 ut
328 394 554 430 absolventium
570 402 599 428 et
610 392 883 433 absolvetulorum,
904 392 1028 439 dispen-

282 445 416 480 santium
446 452 476 478 et
513 443 764 490 dispensatorum
802 454 856 489 pro
890 451 1028 489 tempore

285 494 411 541 puritati
445 493 654 528 eonscientiae
681 492 900 533 consulamus,
923 492 1028 526 derla-

285 555 389 578 ramus
402 543 588 582 haereticos,
604 542 754 589 relapsos,
769 541 984 576 schismaticos
999 549 1027 575 et

283 593 336 640 qui
360 593 465 627 literas
495 592 685 639 apostolicas
722 591 949 631 falsificassent,
977 600 1027 625 aut

284 642 320 676 ad
345 641 489 677 infideles
517 641 671 689 prohibita
696 641 899 681 detulissent,
928 641 1030 675 dum-

285 699 365 725 taxat
392 703 460 726 esse
481 692 517 725 ad
541 690 655 725 Sedem
679 690 893 738 Apostolicani
917 692 1029 724 merito

285 740 499 775 destinandos.
517 739 661 787 Reliquis
677 752 747 774 vero
762 740 921 779 omnibus,
937 740 1027 774 etiam

284 790 436 825 simoniae
465 790 613 836 pravitate
652 790 922 837 qualitercumque
951 790 1030 823 irre—

286 839 361 883 titis,
389 851 481 886 posse
501 851 554 885 per
573 839 652 879 illos,
672 838 787 885 quibus
817 838 892 873 inibi
917 851 1030 873 couce-

285 888 379 933 ditur,
402 888 610 923 absolutionis
633 888 821 923 heneficium
844 896 874 922 et
896 887 1030 934 dispen-

286 938 415 973 sationis
429 938 572 984 gratiam,
589 938 671 972 iuxta
688 950 816 972 casuum
832 937 1030 984 exigentiam,

287 987 451 1035 impertiri.

335 1037 355 1084 g
381 1038 414 1071 6.
437 1037 515 1071 Eam
539 1048 612 1071 vero
632 1044 750 1083 partem
768 1036 927 1070 literarum
952 1036 1032 1070 eius-

287 1087 357 1122 dem
376 1086 549 1121 Clementis
565 1086 824 1133 praedecessoris.
849 1086 878 1119 in
903 1098 963 1131 qua
980 1099 1032 1120 sc-

289 1136 443 1184 pulturam
461 1136 491 1170 in
505 1135 656 1171 Ecclesiis
671 1135 800 1170 fratrum
814 1135 886 1168 dicti
903 1134 1032 1169 Ordinis

288 1185 417 1221 l.beram
445 1198 513 1221 esse
542 1185 649 1225 voluit,
669 1185 753 1219 salva
778 1184 891 1218 iustitia
921 1184 1032 1219 Eccle-

287 1236 417 1279 siarum,
438 1247 454 1269 a
477 1234 593 1281 quibus
620 1246 750 1281 corpora
773 1243 969 1269 mortuorum
987 1247 1033 1268 as-

285 1292 466 1325 sumuntur,
483 1284 859 1319 declaranteslibertatem
874 1283 1034 1317 huiusmo-

286 1335 316 1370 di
340 1334 469 1380 intelligi
492 1333 625 1374 debere,
648 1334 739 1368 etiam
768 1333 869 1381 quoad
895 1333 970 1377 hoc,
999 1342 1032 1367 ut

286 1382 600 1431 fratresipsi,nullius
615 1395 710 1430 super
719 1383 778 1418 hoe
790 1383 882 1430 petita
896 1382 1032 1423 licentia,

287 1433 471 1481 parochias,
499 1433 528 1467 in
565 1432 680 1480 quibus
715 1445 846 1480 corpora
875 1432 1031 1479 praedicta

287 1484 398 1528 forent,
411 1495 481 1518 cum
498 1494 591 1518 cruce
613 1482 886 1530 processionaliter
900 1482 1032 1528 ingredi,

285 1545 321 1568 ac
343 1545 473 1580 corpora
502 1533 567 1579 ipsa
600 1532 703 1567 levare
724 1540 754 1567 et
775 1532 813 1567 ad
837 1544 945 1566 eorum
974 1544 1032 1566 ec-

286 1582 397 1617 clesias
427 1581 608 1629 sepelienda
643 1581 766 1617 deferre
803 1582 944 1629 possint,
978 1581 1031 1616 ubi

287 1632 346 1667 hoc
377 1640 562 1667 consuetum
590 1631 691 1676 foret,
715 1631 760 1666 vel
795 1630 967 1678 presbyteri
994 1631 1033 1666 de

286 1682 440 1717 levatione
477 1681 616 1729 requisiti
645 1681 673 1715 id
707 1681 808 1716 facere
837 1690 1032 1722 recusarent,

288 1743 345 1766 nec
367 1739 520 1778 cogantur
547 1731 647 1771 inviti,
669 1731 760 1766 etiam
785 1739 946 1778 praetextu
974 1744 1032 1765 cu-

287 1781 382 1816 iusvis
395 1780 645 1821 consuetudinis,
669 1780 726 1827 ipsi
746 1781 792 1815 vel
812 1780 1032 1815 defunctorum

286 1830 525 1877 consanguinei,
548 1829 598 1865 illa
614 1830 651 1864 ad
670 1829 861 1877 parochiales
885 1830 1033 1865 ecclesias

286 1888 338 1915 aut
365 1879 431 1915 loca
460 1879 582 1914 deferre
615 1887 656 1923 et,
679 1892 751 1914 cum
784 1879 845 1915 illis
879 1880 926 1914 vel
953 1880 1033 1920 sine,

288 1929 362 1964 inibi
397 1929 554 1965 celebrare
583 1929 629 1963 vel
665 1929 813 1964 celebrari
847 1929 949 1964 facere
977 1942 1033 1977 pro

287 1979 406 2014 eisdem
424 1979 580 2014 defunctis
594 1978 697 2026 aliqua
714 1978 817 2014 divina
832 1979 944 2019 officia,
962 1987 1034 2014 ante

289 2028 335 2063 vel
358 2037 428 2076 post
449 2028 643 2076 sepulturam
667 2028 862 2064 eorumdem.
880 2028 1031 2063 Iustitiam

287 2087 391 2114 autem
415 2078 628 2113 Ecclesiarum
652 2090 666 2112 a
695 2078 810 2125 quihus
825 2090 953 2125 corpora
969 2079 1033 2126 ipsa

287 2136 469 2172 sumuntur,
492 2128 575 2162 iuxta
592 2127 735 2163 eiusdem
750 2127 924 2163 Clementis
948 2140 1034 2175 prae-

287 2178 462 2214 decessoris
476 2177 679 2214 voluntatem,
703 2178 816 2212 salvam
833 2190 901 2213 esse
918 2177 1033 2213 debere

286 2227 487 2263 decernimus
506 2240 543 2262 eo
565 2240 638 2262 casu
666 2240 729 2275 quo
758 2227 918 2263 dumtaxat
948 2227 1032 2275 apud

287 2279 352 2313 loca
375 2278 514 2325 ipsorum
542 2276 669 2312 fratrum
698 2289 828 2323 corpora
854 2278 919 2325 ipsa
947 2289 1033 2324 sepe-

287 2328 425 2367 liuntur;
453 2328 477 2361 si
509 2339 581 2362 vero
606 2339 665 2362 nou
688 2326 772 2374 apud
801 2339 853 2362 eos
876 2339 930 2362 seu
954 2328 1033 2362 alios

285 2378 376 2412 etiam
399 2376 642 2412 Mendicantium
660 2376 816 2411 Ordinum
841 2377 1034 2424 professores

286 2439 415 2474 corpora
444 2427 509 2474 ipsa
536 2427 729 2473 contingeret
756 2427 895 2474 sepeliri,
921 2439 957 2461 ex
986 2427 1034 2461 his

286 2490 367 2524 quae
393 2475 432 2511 ad
472 2476 581 2511 fratres
616 2476 802 2524 praedictos,
835 2476 919 2524 apud
954 2489 1035 2524 quos

286 2535 360 2561 tunc
395 2538 527 2573 corpora
561 2526 625 2573 ipsa
655 2538 715 2560 non
747 2526 964 2574 sepelirentur,
997 2526 1035 2561 de

323 2605 362 2640 (l)
378 2605 428 2637 Tu,
453 2605 540 2640 quoad
560 2604 718 2632 solutionem
738 2610 860 2640 quartae,
876 2605 943 2632 scias
959 2604 1035 2631 aliter

287 2646 410 2711 statuis?
429 2645 527 2672 Concil.
545 2646 675 2677 Trident.,
694 2653 758 2672 sess.
778 2653 846 2677 xxv,
867 2648 901 2671 De
918 2645 1033 2679 Reform.

287 2692 345 2722 cap.
367 2687 378 2712 1
405 2706 411 2712 .

1694 273 1763 305 0215»

1072 342 1160 375 lionis
1182 341 1402 375 defunctorum
1423 337 1658 386 quomodolibet
1684 338 1817 372 obveni-

1071 399 1125 430 ret,
1138 391 1249 438 quovis
1273 389 1447 438 particulari
1462 389 1508 423 vel
1534 387 1698 422 universali
1714 388 1817 432 titulo,

1071 440 1188 475 directe
1211 440 1259 475 vel
1288 451 1343 487 per
1370 438 1534 485 obliquum
1550 465 1559 483 ,
1582 437 1698 472 nullam
1721 449 1818 472 cano-

1072 491 1171 525 nicam
1208 498 1261 524 aut
1297 488 1505 537 parochialem
1538 487 1714 535 portionem
1744 487 1818 521 dare

1072 548 1246 581 teneantur,
1270 551 1328 574 nec
1354 538 1498 573 similiter
1520 537 1622 584 aliqua
1646 536 1747 584 portio
1763 536 1819 571 de-

1073 589 1183 624 beatur
1204 589 1243 623 de
1271 589 1340 629 his,
1368 600 1447 636 quae
1475 587 1513 622 ad
1536 595 1639 622 certos
1666 586 1817 621 determi-

1072 647 1160 673 natos
1188 651 1273 677 usus,
1302 637 1420 673 eisdem
1451 636 1597 672 fratribus
1624 636 1671 670 vel
1707 647 1817 670 eorum

1071 688 1230 729 domibus,
1255 688 1284 721 in
1308 698 1423 734 genere
1446 696 1499 721 aut
1522 686 1552 721 in
1575 686 1697 733 speeie,
1723 686 1817 719 etiam

1071 737 1110 771 de
1131 737 1225 772 bonis
1253 748 1375 780 eorum,
1398 748 1532 783 quorum
1563 734 1711 770 cadavera
1734 734 1819 781 apud

1072 798 1125 820 eos
1147 786 1312 833 contigerit
1336 785 1472 832 sepeliri;
1497 797 1553 819 nec
1575 785 1667 820 etiam
1686 784 1714 817 in
1737 783 1819 818 casi-

1073 835 1143 880 bus,
1181 836 1211 869 in
1247 834 1374 882 quibuS,
1398 847 1452 881 per
1479 834 1619 869 eiusdem
1647 833 1820 868 Clementis

1072 892 1102 918 et
1138 885 1270 919 aliorum
1320 884 1598 930 praedecessorum
1639 889 1819 917 nostrorum

1073 934 1217 981 specialia
1247 933 1417 980 privilegia,
1439 933 1549 968 fratres
1566 932 1625 980 ipsi
1650 932 1688 966 ab
1711 932 1822 966 huius-

1074 983 1157 1017 modi
1181 984 1337 1018 solutione
1353 991 1481 1029 quartae
1508 992 1581 1017 sunt
1603 982 1749 1027 exempti;
1764 993 1822 1016 nec

1074 1033 1179 1080 aliquo
1201 1045 1273 1067 casu
1303 1032 1342 1067 de
1366 1031 1516 1072 candelis,
1545 1043 1624 1079 quae
1652 1031 1687 1065 ad
1711 1043 1822 1065 manus

1074 1082 1220 1117 fratribus
1239 1082 1363 1121 dantur,
1387 1089 1495 1128 quarta
1518 1081 1622 1127 aliqua
1649 1080 1823 1127 quomodo-

1075 1131 1148 1167 libet
1170 1131 1361 1166 detrahatur.
1386 1131 1418 1164 ln
1438 1131 1566 1178 reliquis
1592 1142 1666 1164 vero
1685 1129 1821 1173 casibus,

1074 1193 1168 1228 quam
1187 1183 1216 1216 in
1234 1181 1426 1228 praemissis,
1442 1181 1471 1214 in
1487 1180 1603 1227 quibus
1625 1187 1735 1227 quarta
1753 1179 1819 1226 ipsa

1074 1231 1221 1266 solvenda
1237 1231 1365 1274 veniret,
1378 1230 1613 1269 conventiones,
1627 1230 1651 1264 si
1661 1236 1822 1276 quaesunt

1075 1281 1155 1316 inter
1181 1280 1290 1315 fratres
1313 1279 1489 1327 praedictos
1511 1288 1540 1314 et
1567 1279 1706 1314 locorum
1730 1278 1822 1313 ordi-

1075 1331 1180 1365 narios
1201 1342 1237 1365 ac
1252 1329 1463 1364 Ecclesiarum
1484 1337 1619 1364 rectores
1635 1328 1740 1372 initae,
1753 1327 1823 1362 lau-

1074 1379 1194 1415 dabiles
1221 1388 1251 1415 et
1271 1379 1434 1423 honestae,
1464 1380 1493 1413 in
1518 1386 1678 1427 posterum
1706 1377 1823 1412 obser-

1076 1438 1195 1464 ventur.

1123 1484 1138 1523 ξ
1168 1484 1197 1514 7,
1222 1479 1261 1513 Εῑ
1283 1479 1307 1514 si
1331 1478 1421 1518 forte,
1459 1490 1514 1525 per
1547 1490 1605 1512 nos
1632 1477 1676 1511 vel
1705 1475 1820 1511 Sedem

1074 1528 1302 1576 Apostolicam,
1330 1528 1369 1562 de
1392 1528 1440 1575 pie
1467 1528 1590 1575 legatis,
1613 1527 1773 1574 dispositis
1792 1534 1822 1560 et

1077 1578 1190 1613 relictis
1218 1578 1248 1613 in
1271 1590 1386 1625 genere
1415 1577 1460 1612 vel
1479 1577 1595 1625 specie,
1623 1576 1746 1612 decima
1774 1575 1822 1610 vet

1077 1628 1134 1663 alia
1162 1628 1264 1676 portio
1291 1640 1345 1663 seu
1368 1637 1463 1675 quota
1492 1627 1576 1662 alteri
1602 1626 1669 1673 piae
1697 1626 1743 1661 vel
1759 1637 1821 1660 non

1077 1678 1145 1725 piae
1179 1690 1309 1719 causae,
1342 1690 1379 1713 ex
1407 1678 1515 1725 quavis
1550 1689 1642 1711 causa
1670 1676 1823 1711 hactenus

1075 1740 1224 1764 concessa
1256 1728 1346 1768 foret,
1374 1735 1427 1762 aut
1450 1727 1479 1761 in
1508 1734 1668 1774 posterum
1691 1725 1822 1761 concedi

1075 1786 1105 1811 et
1141 1778 1218 1812 solvi
1253 1785 1305 1812 aut
1331 1777 1409 1818 dari,
1448 1776 1588 1811 mandari
1612 1776 1821 1822 contingeret,

1076 1826 1184 1863 fratres
1200 1826 1377 1875 praedictos
1399 1835 1429 1862 et
1448 1826 1571 1861 illorum
1594 1825 1707 1860 domos
1728 1837 1763 1860 ac
1780 1825 1824 1859 eis

1076 1877 1174 1923 legata
1193 1884 1224 1912 et
1241 1876 1359 1921 relicta,
1379 1885 1433 1911 aut
1454 1875 1530 1911 alias
1553 1876 1582 1910 in
1606 1887 1715 1910 eorum
1738 1874 1824 1909 favo-

1076 1938 1141 1961 rem
1155 1926 1316 1974 disposita,
1339 1926 1369 1961 in
1385 1926 1593 1961 concessione
1616 1933 1646 1959 et
1669 1924 1823 1959 mandatis

1076 1975 1256 2011 huiusmodi
1285 1976 1487 2011 decernimus
1520 1982 1550 2010 et
1582 1974 1728 2009 volumus
1760 1986 1822 2008 non

1077 2025 1207 2067 includi,
1241 2025 1301 2060 nisi
1325 2025 1363 2061 de
1391 2025 1467 2072 ipsis
1502 2024 1649 2059 fratribus
1672 2031 1702 2058 et
1732 2035 1824 2070 prae.-

1076 2076 1155 2111 senti
1169 2076 1296 2110 decreto
1310 2087 1346 2110 ac
1365 2076 1527 2110 voluntate
1550 2081 1667 2114 nostra,
1690 2084 1751 2107 non
1769 2084 1824 2119 per

1076 2125 1238 2171 generales
1252 2124 1421 2166 clausulas,
1444 2136 1523 2172 quae
1545 2123 1637 2158 etiam
1655 2121 1822 2169 specialem

1077 2176 1270 2211 mentionem
1286 2175 1454 2222 importare
1470 2174 1663 2213 viderentur,
1678 2171 1732 2207 sed
1751 2183 1822 2205 vera

1075 2232 1105 2260 et
1126 2225 1272 2273 specifica
1294 2224 1413 2260 mentio
1436 2224 1487 2259 fiat
1511 2224 1540 2257 in
1564 2222 1694 2257 eisdem.

1124 2279 1139 2318 ἕ
1167 2277 1199 2310 8.
1228 2274 1388 2309 Indultum
1404 2285 1477 2308 vero
1492 2273 1631 2308 eiusdem
1650 2270 1823 2307 Clementis

1078 2324 1328 2371 praedecessoris
1350 2324 1389 2359 de
1411 2323 1543 2358 decimis
1565 2335 1626 2357 non
1649 2320 1823 2364 solvendis,

1076 2374 1113 2408 ad
1141 2386 1361 2422 quaecumque
1387 2373 1468 2408 bona
1503 2372 1657 2407 dictorum
1693 2371 1823 2405 fratrum

1077 2432 1107 2459 et
1132 2436 1349 2472 quascumque
1371 2423 1521 2467 decimas,
1544 2422 1635 2457 etiam
1659 2433 1738 2468 quas
1758 2421 1826 2455 vul-

1076 2486 1135 2521 gus
1152 2474 1278 2522 papales
1293 2473 1461 2521 appellant,
1473 2470 1697 2519 et‘Apostolica
1713 2470 1824 2511 Sedes,

1079 2535 1133 2570 pro
1155 2524 1340 2560 christianae
1368 2522 1440 2557 fidei
1463 2522 1645 2557 defensione
1672 2529 1724 2555 aut
1756 2520 1825 2554 aliis

1079 2573 1317 2609 imminentibus
1345 2584 1494 2620 persaepe
1518 2570 1824 2610 necessitatibus,in-

1078 2623 1165 2666 dicit,
1185 2632 1214 2658 et
1232 2634 1452 2671 quaecumque
1474 2621 1531 2656 alia
1560 2633 1665 2657 onera,
1692 2628 1775 2653 motu
1795 2629 1824 2653 et

1078 2673 1208 2709 scientia
1225 2672 1403 2721 praedictis,
1419 2670 1628 2710 extendimus,
1653 2669 1828 2704 decernen-

1839 285 1870 308 ln
1900 284 1927 308 (ἶ.
1947 281 2010 307 Ηι7ἰ

1848 1489 1956 1515 ΕΧΡηηιιίω
1981 1491 2020 1509 uli-

1836 1522 1883 1547 quid
1894 1522 2020 1541 solieudide

1837 1552 1912 1577 legatis
1929 1559 1975 1578 piis.

1850 2287 1964 2313 Ampliatio
1986 2292 2009 2306 ει

1838 2319 1950 2344 emptionis
1964 2324 1975 2337 ι
1985 2319 2023 2337 dc*

1839 2349 1905 2369 ctmts.
