2281 3251
114 304 165 332 An.
182 304 210 331 C.
229 305 293 332 ilitio

146 791 264 814 Exordium.

127 1378 175 1405 Cap.
187 1378 252 1406 Super
260 1377 296 1398 Ca-

114 1410 208 1431 thedram
233 1409 296 1430 Boui-

113 1440 161 1462 laeii
176 1439 222 1460 vui
243 1445 296 1460 con-

113 1472 244 1493 stitutionem
259 1477 296 1492 re-

114 1503 165 1524 colit
176 1503 201 1523 de
211 1501 297 1523 contes-

114 1533 208 1554 sionibus
259 1538 296 1559 per

113 1564 296 1586 narresominum

120 1596 283 1618 Mendicantium

144 1628 261 1650 audiendis.

915 298 1072 321 Et'fitzxtt's
1094 297 1127 320 tv
1149 297 1197 319 ΡΙ).

310 362 442 398 eugenius
460 362 610 397 episcopus.
624 366 718 389 servus
731 366 871 388 servorum
882 358 938 391 nei,
950 358 1054 386 univer·

355 412 393 441 sis
421 412 449 440 et
472 411 588 446 singulis
619 409 817 439 venerabilibus
836 408 973 438 fratribus
1010 414 1055 443 pa·

353 461 494 494 triorchis,
515 460 723 496 archiepiscopis
746 460 776 487 et
794 458 926 494 episeopis
962 465 993 486 ac
1017 458 1055 486 tti-

352 512 431 540 lectis
468 510 532 539 tuiis
556 510 660 542 eiectis.
699 510 729 537 et
762 508 905 536 abbatibus
943 508 1057 536 ubilibet

353 560 526 592 constitutis,
547 560 580 588 ad
600 565 665 595 quos
683 559 843 595 praesentes
862 558 977 586 litterae
997 565 1055 594 per-

354 609 490 641 venerint.
520 608 635 637 satutem
655 609 682 637 et
700 608 878 643 apostoticam
894 608 1056 636 benedictio·

353 666 423 688 nem.

360 730 472 776 Gregis
508 731 597 765 nobis
633 730 741 765 crediti
771 742 879 765 curam
915 739 1058 777 gerentes

312 781 508 828 pervigilem,
530 780 642 815 studiis
663 779 785 814 ellicere
808 792 959 814 conamur
979 780 1058 814 assi-

311 831 393 869 duis,
412 838 458 873 ut,
475 842 530 876 pro
546 842 680 876 quorum
700 830 799 864 salute
819 830 984 876 languores
1000 831 1053 863 hu-

314 893 421 914 manos
449 880 602 914 Altissimi
623 879 722 914 Filius
747 880 863 926 perpeti
890 879 998 918 voluit,
1022 879 1058 912 ti-

311 930 399 964 deles
432 929 615 963 execrandis
643 941 703 963 non
740 928 935 962 involvantur
966 941 1060 962 erro-

313 980 419 1017 ribus,
446 979 499 1013 sed
537 980 632 1013 nostri
661 979 835 1012 directione.
870 978 1059 1020 ministerii,

312 1036 404 1077 prout
426 1041 559 1076 superna
582 1030 678 1074 gratia
706 1027 892 1070 contulerit,
914 1039 928 1060 a
958 1027 1059 1061 noxiis

312 1091 348 1113 ac
370 1078 545 1125 dispendiis
565 1078 678 1124 iugiter
700 1085 954 1124 praeserventur:
980 1085 1010 1111 et
1028 1085 1059 1110 ut

313 1129 405 1163 etiam
432 1141 495 1167 vos,
520 1127 548 1161 in
574 1135 690 1174 partem
713 1125 937 1160 sollicitudinis
961 1127 1058 1161 vocati

314 1190 369 1225 pro
392 1177 484 1212 dictis
504 1175 696 1222 extirpandis
719 1175 891 1215 erroribus,
915 1187 1006 1222 opem
1030 1184 1059 1211 et

312 1239 438 1274 operam
473 1226 642 1261 ferventius
676 1225 883 1272 impendatis,
920 1238 973 1260 vos
1005 1239 1060 1273 pro

313 1277 454 1310 iniuncto
478 1275 566 1310 vobis
588 1274 690 1309 officio
718 1276 901 1309 excitamus.

359 1324 380 1371 ἓ
412 1327 438 1358 l.
464 1324 590 1359 Dudum
614 1324 770 1371 siquidem
800 1324 849 1358 fel.
874 1337 937 1359 rec.
960 1324 1059 1359 Boni-

311 1374 409 1409 facins
429 1373 509 1421 Papa
533 1382 672 1418 octavus,
696 1374 917 1420 praedecessor
943 1383 1060 1419 noster,

312 1436 379 1461 sua.
395 1435 474 1470 quae
489 1424 597 1472 incipit
610 1425 710 1469 Super
727 1425 921 1463 cathedram,
945 1424 1060 1458 consti-

312 1473 447 1512 tutione,
470 1474 534 1507 sive
563 1473 723 1518 decretali,
745 1486 838 1520 quam
864 1481 968 1520 postea
993 1475 1061 1521 piae

313 1535 406 1558 mem.
423 1523 573 1559 Clemens
586 1522 669 1570 Papa
680 1523 819 1567 V,etiam
837 1523 1061 1570 praedecessor

313 1580 430 1613 noster,
454 1573 485 1607 in
501 1572 674 1607 Viennensi
690 1573 825 1608 concilio
845 1574 1012 1613 innovavit,
1031 1582 1059 1608 et

312 1634 393 1670 quae
415 1621 645 1669 subsequenter
666 1624 703 1657 ad
727 1623 928 1658 eremitarum
954 1623 1059 1658 Sancti

312 1671 479 1718 Augustini
498 1681 527 1707 et
543 1671 656 1707 Beatae
672 1672 786 1707 Mariae
807 1673 845 1707 de
862 1672 968 1708 Monte
987 1673 1061 1708 Car-

312 1723 394 1756 melo
420 1720 576 1756 Ordiuum
612 1721 720 1757 fratres
747 1734 802 1769 per
827 1722 944 1757 Sedem
974 1722 1061 1770 Apo-

310 1770 450 1806 stolicam
467 1779 594 1805 extensa
617 1771 686 1811 fuit,
710 1773 790 1806 inter
812 1780 931 1806 caetera
955 1773 1061 1807 statuit

310 1829 340 1855 et
362 1821 518 1855 ordinavit
556 1821 639 1868 quod
663 1822 692 1855 in
721 1822 853 1868 singulis
880 1822 1059 1857 civitatibus

309 1878 339 1905 et
366 1870 581 1910 dioecesibus,
606 1871 634 1904 in
657 1871 774 1918 quibus
800 1871 1058 1907 praedicatorum

309 1928 339 1954 et
366 1919 524 1954 Minorum
548 1919 705 1955 Ordiuum
730 1921 860 1956 fratrum
892 1921 958 1956 loca
982 1934 1061 1956 con-

309 1970 467 2011 sisterent,
489 1982 524 2005 ae
544 1971 573 2004 in
594 1970 672 2005 locis
694 1972 771 2018 ipsis
793 1972 916 2016 vicinis,
941 1973 970 2007 in
994 1974 1061 2020 qui-

310 2019 369 2055 bus
393 2021 573 2056 huiusmodi
596 2022 662 2056 loca
685 2035 745 2057 non
771 2022 970 2064 haberentur,
994 2036 1061 2058 ma-

308 2071 397 2117 gistri
413 2079 442 2106 et
457 2072 577 2118 priores
592 2072 799 2119 provinciales
809 2073 1057 2108 praedicatorum

309 2128 363 2155 aut
394 2133 503 2156 eorum
538 2122 643 2156 vicarii
671 2122 834 2168 generales
861 2136 894 2157 ac
933 2125 1060 2170 provin-

308 2171 404 2206 ciales
419 2172 567 2215 ministri,
593 2184 715 2206 necnon
736 2174 882 2207 custodes
901 2174 1058 2208 Minorum

309 2219 465 2256 Ordiuum
503 2222 744 2269 praedictorum,
774 2223 811 2256 ad
850 2220 1057 2270 praesentiam

311 2271 519 2317 praelatorum
546 2272 664 2306 ibidem
683 2284 716 2306 se
739 2272 917 2307 conferrent
941 2286 995 2320 per
1013 2286 1058 2318 se,

310 2320 356 2354 vel
380 2333 435 2368 per
456 2321 577 2362 fratres,
600 2334 680 2369 quos
701 2323 737 2357 ad
763 2323 821 2357 hoc
845 2323 976 2358 idoneos
995 2324 1059 2359 fore

311 2379 468 2417 putarent,
489 2372 648 2406 humiliter
665 2373 792 2419 petituri
818 2381 850 2407 nt
868 2373 988 2414 fratres,
1005 2375 1057 2422 qui

309 2420 346 2455 ad
370 2420 429 2456 hoc
452 2421 540 2457 electi
565 2422 676 2466 forent,
694 2423 723 2456 in
747 2435 856 2457 eorum
880 2424 1059 2458 civitatibus

309 2478 340 2504 et
366 2470 565 2507 dioecesibus
586 2472 802 2508 confessiones
823 2486 953 2508 suorum
976 2474 1058 2508 sub-

310 2520 446 2556 ditorum
483 2522 624 2557 confiteri
657 2523 716 2557 sibi
751 2522 920 2557 volentium
950 2523 1058 2559 audire

310 2574 406 2611 libere
434 2577 592 2619 valerent;
615 2586 643 2613 et
671 2578 854 2614 huiusmodi
879 2578 1056 2613 confitenti—

310 2630 380 2673 bus,
404 2640 496 2680 prout
518 2633 692 2668 secundum
709 2633 810 2668 Deum
834 2633 982 2680 expedire
1003 2647 1058 2669 co-

309 2695 506 2732 gnoscerent,
529 2687 736 2735 poenitentias
760 2687 921 2736 imponere
941 2688 1058 2724 saluta-

1750 285 1795 317 85

1098 366 1146 387 res
1161 364 1197 386 ac
1220 351 1406 387 heneficium
1430 350 1638 385 absolutionis
1653 350 1844 396 impendere,

1098 403 1135 436 de
1159 402 1296 445 licentia,
1323 401 1420 448 gratia
1443 408 1473 434 et
1497 399 1693 446 beneplacito
1720 412 1845 434 corum-

1098 453 1181 486 dem:
1199 451 1391 498 praefatique
1406 450 1525 497 priores
1547 457 1576 482 ct
1593 449 1727 482 ministri
1745 449 1844 483 stude-

1100 511 1167 536 rent
1183 502 1300 547 eligere
1316 511 1463 547 personas
1479 499 1620 536 idoneas,
1643 498 1846 537 sufficientes,

1101 553 1178 586 vitae
1196 551 1353 598 probatae,
1376 550 1536 588 discretas,
1553 548 1740 591 moderatas,
1755 556 1846 595 atque

1100 602 1214 648 peritas
1241 601 1277 635 ad
1319 608 1380 634 tam
1408 598 1533 633 salubre
1572 597 1780 632 ministerium
1818 607 1845 632 et

1099 651 1234 685 officium
1269 648 1508 697 exequendum,
1544 659 1622 694 quas
1657 648 1702 682 sie
1735 647 1848 682 electas

1101 700 1246 746 praelatis
1269 701 1344 747 ipsis
1368 706 1602 746 praesentarent
1624 696 1670 731 vel
1700 709 1848 744 praesen-

1101 750 1155 784 tari
1179 749 1327 789 facerent,
1345 757 1390 792 ut,
1404 748 1442 783 de
1460 749 1569 782 e'orum
1594 747 1730 784 licentia,
1750 748 1847 793 gratia

1100 807 1130 834 et
1147 798 1357 846 beneplacito,
1380 798 1410 832 in
1434 796 1615 832 civitatibus
1643 805 1672 831 et
1694 796 1850 831 dioecesi-

1102 849 1159 883 bus
1177 848 1372 888 eorumdem,
1399 859 1549 894 personae
1575 847 1620 881 sic
1641 846 1758 881 electae
1789 847 1849 880 hn-

1103 898 1240 932 iusmodi
1263 898 1479 932 confessiones
1502 896 1558 931 sibi
1582 896 1722 930 confiteri
1742 896 1850 930 volen-

1103 948 1180 982 tium
1205 947 1362 989 audirent,
1389 954 1419 981 et
1441 947 1486 981 eis
1510 947 1707 992 imponerent
1742 946 1850 992 poeni-

1102 997 1215 1031 tentias
1233 997 1383 1031 salutares
1397 1004 1426 1031 et
1441 995 1627 1031 beneficium
1644 995 1851 1030 absolutionis

1102 1047 1332 1093 impenderent,
1363 1053 1453 1093 prout
1478 1046 1508 1079 in
1537 1046 1601 1091 ipsa
1626 1046 1850 1081 constitutione

1101 1098 1165 1131 sive
1187 1096 1334 1131 decretali
1359 1095 1482 1142 plenius
1509 1095 1697 1130 continetur.

1150 1146 1224 1193 52.
1253 1145 1292 1180 Et
1320 1146 1391 1180 licet
1414 1144 1615 1191 postmodum
1639 1144 1676 1178 ad
1708 1145 1774 1192 piae
1802 1157 1850 1179 re-

1102 1196 1293 1230 cordationis
1327 1195 1454 1229 Ioannis
1482 1194 1584 1240 Papae
1622 1193 1729 1234 xxti,
1757 1195 1850 1229 etiam

1102 1245 1354 1292 praedecessoris
1390 1245 1499 1284 nostri,
1529 1244 1667 1278 notitiam
1691 1244 1826 1279 deducto
1843 1272 1850 1283 ,

1102 1295 1186 1342 quod
1215 1294 1374 1342 quondam
1398 1294 1532 1329 loannes
1555 1293 1593 1327 de
1616 1293 1755 1332 poliaco,
1783 1306 1851 1328 ma-

1102 1345 1199 1390 gister
1234 1346 1263 1378 in
1293 1344 1472 1390 theologia,
1500 1353 1669 1390 sequentes
1704 1343 1851 1378 articulos

1104 1401 1256 1434 tenuerat,
1298 1393 1486 1441 publiceque
1516 1393 1680 1428 docuerat:
1711 1393 1852 1428 videlicet

1103 1444 1184 1491 quod
1209 1443 1343 1478 confessi
1367 1442 1517 1478 fratribus
1538 1442 1695 1477 licentiam
1720 1455 1852 1488 gencra—

1103 1494 1162 1527 lcm
1183 1493 1398 1528 confessiones
1416 1492 1565 1527 audiendi
1583 1492 1783 1533 habentibus,
1798 1505 1852 1526 ea—

1103 1543 1173 1578 dem
1191 1551 1328 1590 peccata,
1344 1555 1422 1590 quae
1437 1541 1571 1577 confessi
1590 1542 1722 1582 fuerant,
1738 1543 1850 1577 iterum

1104 1593 1229 1639 proprio
1251 1592 1407 1628 sacerdoti
1429 1592 1568 1627 confiteri
1593 1599 1788 1626 tenerentur:
1817 1605 1853 1626 ac

1103 1650 1204 1676 stante
1238 1650 1355 1677 statuto
1385 1643 1494 1677 Omnis
1524 1642 1680 1687 utriusque
1706 1654 1795 1676 sexus
1822 1642 1851 1676 in

1103 1692 1237 1727 concilio
1251 1692 1402 1739 generali,
1420 1704 1476 1726 nec
1494 1691 1592 1734 Deus,
1617 1703 1672 1725 uec
1690 1691 1854 1726 Romanus

1104 1741 1247 1776 Pontifex
1275 1742 1377 1777 faeere
1402 1750 1518 1788 posset,
1546 1740 1629 1788 quod
1658 1741 1854 1788 parochiales

1104 1803 1166 1826 non
1196 1800 1376 1827 tenerentur
1403 1791 1506 1826 omnia
1531 1800 1655 1837 peccata
1679 1803 1733 1825 sua
1755 1792 1851 1826 semel

1104 1841 1134 1875 in
1157 1853 1240 1876 anno
1269 1841 1395 1889 proprio
1418 1840 1591 1880 sacerdoti,
1618 1840 1738 1875 scilicet
1763 1853 1855 1888 paro-

1103 1890 1196 1925 chiali
1211 1900 1330 1936 curato,
1346 1890 1504 1926 confiteri:
1529 1889 1678 1937 quodque
1701 1902 1762 1924 non
1781 1903 1854 1938 pos-

1102 1948 1150 1975 set
1177 1940 1260 1988 Papa
1283 1940 1461 1987 generalem
1491 1940 1564 1974 dare
1588 1948 1773 1986 potesiatem
1796 1953 1854 1974 an-

1103 1989 1208 2024 ‹liendi
1225 1991 1455 2034 confessiones,
1473 1990 1570 2024 immo
1593 2002 1649 2024 nec
1666 1989 1761 2033 Deus,
1776 1990 1852 2036 quin

1103 2040 1266 2075 consessus
1301 2041 1482 2087 generalem
1514 2039 1639 2074 habenti
1675 2039 1852 2079 licentiam,

1103 2097 1262 2125 teneretur
1285 2090 1394 2126 eadem
1426 2090 1539 2125 iterum
1567 2101 1624 2123 suo
1647 2088 1774 2135 proprio
1801 2102 1852 2124 sa-

1102 2144 1237 2184 cerdoti,
1261 2145 1355 2180 veluti
1374 2144 1542 2192 parochiali
1560 2153 1679 2183 curato,
1698 2142 1851 2184 confiteri;

1102 2198 1204 2234 dictus
1220 2199 1354 2235 Ioannes
1370 2198 1592 2246 praedecessor
1613 2209 1628 2231 a
1649 2196 1763 2240 verbis,
1781 2210 1851 2244 quie

1102 2252 1164 2288 Vas
1185 2254 1346 2289 electionis
1361 2253 1501 2302 protulit,
1522 2251 1685 2286 exordium
1708 2263 1850 2292 sumens,

1103 2307 1206 2343 habita
1242 2308 1313 2343 inde
1355 2320 1409 2355 per
1443 2307 1546 2354 plures
1578 2317 1685 2340 sacrae
1720 2306 1850 2352 paginae

1103 2363 1296 2408 professores
1305 2361 1536 2397 examinatione
1552 2360 1708 2406 diligenti,
1726 2371 1848 2394 necnon

1101 2416 1139 2450 ile
1168 2416 1388 2452 venerabilium
1406 2416 1534 2450 fratrum
1559 2426 1688 2450 suorum
1716 2412 1798 2448 S.R.
1814 2413 1846 2446 E.

1101 2470 1306 2506 cardinalium
1330 2469 1461 2505 consilio
1484 2478 1513 2504 ct
1535 2481 1678 2512 assensu,
1697 2466 1850 2514 praefatos

1100 2525 1260 2568 articulos,
1291 2534 1448 2572 tamqnam
1475 2523 1568 2558 falsos
1595 2532 1623 2557 et
1645 2532 1793 2556 erroneos
1819 2528 1849 2553 et

1101 2591 1115 2612 a
1145 2592 1219 2614 sana
1242 2579 1380 2614 doctrina
1411 2578 1529 2622 devios,
1551 2577 1738 2612 authoritate
1765 2587 1848 2622 apo—

1861 295 1907 321 An.
1928 294 1955 320 C.
1971 295 2038 321 ttt'to

1880 1151 1964 1171 loannis
1972 1151 1996 1171 de
2004 1149 2047 1171 Po-

1867 1184 1921 1203 tiaeo
1937 1187 2029 1205 error-⁶³53

1879 2209 1895 2230 A
1906 2208 1983 2230 Ioanne
1994 2208 2047 2229 xxti

1864 2241 1968 2266 damnati,

1100 2634 1207 2668 stolica
1237 2633 1428 2668 damnaverit
1459 2642 1487 2667 et
1520 2630 1740 2679 reprobaverit,
1765 2629 1847 2676 ipse·
1875 2632 1896 2653 Β
1921 2633 1945 2653 ³¹³
1969 2634 2042 2654 ‘0⁶0⁸’

1861 2666 1947 2685 auctore
1968 2669 2044 2691 repro-

1100 2700 1160 2735 que
1193 2688 1324 2723 loannes
1351 2687 1389 2722 de
1413 2687 1539 2722 Poliaco
1566 2685 1647 2720 veris
1674 2681 1846 2718 rationibus
1860 2694 1909 2715 bati.
