<?xml version="1.0" encoding="UTF-8"?>
<!DOCTYPE html PUBLIC "-//W3C//DTD XHTML 1.0 Transitional//EN"
    "http://www.w3.org/TR/xhtml1/DTD/xhtml1-transitional.dtd">
<html xmlns="http://www.w3.org/1999/xhtml" xml:lang="en" lang="en">
 <head>
  <title>
</title>
<meta http-equiv="Content-Type" content="text/html;charset=utf-8" />
  <meta name='ocr-system' content='tesseract 3.04.00' />
  <meta name='ocr-capabilities' content='ocr_page ocr_carea ocr_par ocr_line ocrx_word'/>
</head>
<body>
  <div class='ocr_page' id='page_1' title='image "./bullarumdiplomat05cath/bullarumdiplomat05cath_0456.png"; bbox 0 0 2281 3251; ppageno 0'>
   <div class='ocr_carea' id='block_1_1' title="bbox 232 260 413 288">
    <p class='ocr_par' dir='ltr' id='par_1_1' title="bbox 232 260 413 288">
     <span class='ocr_line' id='line_1_1' title="bbox 232 260 413 288; baseline -0.006 0"><span class='ocrx_word' id='word_1_1' title='bbox 232 263 281 288; x_wconf 69' lang='lat' dir='ltr'>An.</span> <span class='ocrx_word' id='word_1_2' title='bbox 299 262 327 286; x_wconf 75' lang='lat' dir='ltr'>C.</span> <span class='ocrx_word' id='word_1_3' title='bbox 350 260 413 287; x_wconf 53' lang='lat'>2305</span> 
     </span>
    </p>
   </div>
   <div class='ocr_carea' id='block_1_2' title="bbox 429 249 1189 1258">
    <p class='ocr_par' dir='ltr' id='par_1_2' title="bbox 429 249 1189 1196">
     <span class='ocr_line' id='line_1_2' title="bbox 480 249 549 282; baseline -0.014 0"><span class='ocrx_word' id='word_1_4' title='bbox 480 249 549 282; x_wconf 70' lang='lat'>⁴58</span> 
     </span>
     <span class='ocr_line' id='line_1_3' title="bbox 429 312 1176 358; baseline -0.007 -8"><span class='ocrx_word' id='word_1_5' title='bbox 429 315 466 350; x_wconf 86' lang='lat' dir='ltr'>ad</span> <span class='ocrx_word' id='word_1_6' title='bbox 489 315 547 350; x_wconf 90' lang='lat' dir='ltr'>alia</span> <span class='ocrx_word' id='word_1_7' title='bbox 571 313 751 349; x_wconf 84' lang='lat' dir='ltr'>liuiusniodi</span> <span class='ocrx_word' id='word_1_8' title='bbox 775 313 898 358; x_wconf 74' lang='lat' dir='ltr'>negotia</span> <span class='ocrx_word' id='word_1_9' title='bbox 917 312 979 347; x_wconf 90' lang='lat' dir='ltr'>sint</span> <span class='ocrx_word' id='word_1_10' title='bbox 1000 313 1045 347; x_wconf 79' lang='lat' dir='ltr'>rel</span> <span class='ocrx_word' id='word_1_11' title='bbox 1061 312 1176 346; x_wconf 85' lang='lat' dir='ltr'>l&#39;ueriut</span> 
     </span>
     <span class='ocr_line' id='line_1_4' title="bbox 430 362 1179 412; baseline -0.008 -12"><span class='ocrx_word' id='word_1_12' title='bbox 430 366 622 412; x_wconf 85' lang='lat' dir='ltr'>ubicumque</span> <span class='ocrx_word' id='word_1_13' title='bbox 641 376 655 398; x_wconf 91' lang='lat' dir='ltr'>a</span> <span class='ocrx_word' id='word_1_14' title='bbox 673 362 755 398; x_wconf 80' lang='lat' dir='ltr'>Sede</span> <span class='ocrx_word' id='word_1_15' title='bbox 772 362 952 409; x_wconf 73' lang='lat' dir='ltr'>Apostolica</span> <span class='ocrx_word' id='word_1_16' title='bbox 968 362 1118 409; x_wconf 77' lang='lat' dir='ltr'>deputati,</span> <span class='ocrx_word' id='word_1_17' title='bbox 1135 370 1179 405; x_wconf 82' lang='lat' dir='ltr'>tn,</span> 
     </span>
     <span class='ocr_line' id='line_1_5' title="bbox 433 413 1178 462; baseline -0.007 -12"><span class='ocrx_word' id='word_1_18' title='bbox 433 415 474 450; x_wconf 85' lang='lat' dir='ltr'>lili</span> <span class='ocrx_word' id='word_1_19' title='bbox 497 414 651 462; x_wconf 80' lang='lat' dir='ltr'>generalis</span> <span class='ocrx_word' id='word_1_20' title='bbox 686 420 854 452; x_wconf 83' lang='lat' dir='ltr'>corrector,</span> <span class='ocrx_word' id='word_1_21' title='bbox 878 413 986 459; x_wconf 89' lang='lat' dir='ltr'>tuique</span> <span class='ocrx_word' id='word_1_22' title='bbox 1013 424 1178 446; x_wconf 87' lang='lat' dir='ltr'>successo-</span> 
     </span>
     <span class='ocr_line' id='line_1_6' title="bbox 433 462 1180 508; baseline -0.008 -9"><span class='ocrx_word' id='word_1_23' title='bbox 433 478 482 500; x_wconf 87' lang='lat' dir='ltr'>res</span> <span class='ocrx_word' id='word_1_24' title='bbox 510 475 668 499; x_wconf 72' lang='lat' dir='ltr'>removere</span> <span class='ocrx_word' id='word_1_25' title='bbox 695 475 750 497; x_wconf 90' lang='lat' dir='ltr'>seu</span> <span class='ocrx_word' id='word_1_26' title='bbox 790 474 956 501; x_wconf 72' lang='lat' dir='ltr'>revocare,</span> <span class='ocrx_word' id='word_1_27' title='bbox 991 462 1180 508; x_wconf 80' lang='lat' dir='ltr'>penitusque</span> 
     </span>
     <span class='ocr_line' id='line_1_7' title="bbox 434 510 1180 559; baseline -0.005 -11"><span class='ocrx_word' id='word_1_28' title='bbox 434 514 624 558; x_wconf 78' lang='lat' dir='ltr'>transferre,</span> <span class='ocrx_word' id='word_1_29' title='bbox 656 513 797 559; x_wconf 82' lang='lat' dir='ltr'>ipsisque</span> <span class='ocrx_word' id='word_1_30' title='bbox 831 512 916 558; x_wconf 79' lang='lat' dir='ltr'>(prod</span> <span class='ocrx_word' id='word_1_31' title='bbox 952 510 1180 558; x_wconf 70' lang='lat' dir='ltr'><strong>supersedeant</strong></span> 
     </span>
     <span class='ocr_line' id='line_1_8' title="bbox 434 563 1182 610; baseline -0.005 -12"><span class='ocrx_word' id='word_1_32' title='bbox 434 565 612 610; x_wconf 80' lang='lat' dir='ltr'>iniungere,</span> <span class='ocrx_word' id='word_1_33' title='bbox 639 564 782 610; x_wconf 86' lang='lat' dir='ltr'>aliosque</span> <span class='ocrx_word' id='word_1_34' title='bbox 805 563 995 597; x_wconf 85' lang='lat' dir='ltr'>substituere.</span> <span class='ocrx_word' id='word_1_35' title='bbox 1013 565 1096 605; x_wconf 92' lang='lat' dir='ltr'>(cnm</span> <span class='ocrx_word' id='word_1_36' title='bbox 1120 574 1182 595; x_wconf 78' lang='lat' dir='ltr'>ex—</span> 
     </span>
     <span class='ocr_line' id='line_1_9' title="bbox 435 610 1182 662; baseline -0.005 -14"><span class='ocrx_word' id='word_1_37' title='bbox 435 614 541 662; x_wconf 85' lang='lat' dir='ltr'>pedire</span> <span class='ocrx_word' id='word_1_38' title='bbox 569 612 736 655; x_wconf 84' lang='lat' dir='ltr'>videbitur)</span> <span class='ocrx_word' id='word_1_39' title='bbox 755 612 838 646; x_wconf 89' lang='lat' dir='ltr'>licite</span> <span class='ocrx_word' id='word_1_40' title='bbox 861 624 896 646; x_wconf 85' lang='lat' dir='ltr'>ae</span> <span class='ocrx_word' id='word_1_41' title='bbox 924 611 1021 646; x_wconf 90' lang='lat' dir='ltr'>libere</span> <span class='ocrx_word' id='word_1_42' title='bbox 1042 610 1182 649; x_wconf 87' lang='lat' dir='ltr'>valeatis,</span> 
     </span>
     <span class='ocr_line' id='line_1_10' title="bbox 435 670 1182 702; baseline -0.005 -4"><span class='ocrx_word' id='word_1_43' title='bbox 435 674 463 699; x_wconf 84' lang='lat' dir='ltr'>et</span> <span class='ocrx_word' id='word_1_44' title='bbox 492 677 520 697; x_wconf 90' lang='lat' dir='ltr'>in</span> <span class='ocrx_word' id='word_1_45' title='bbox 545 675 622 701; x_wconf 80' lang='lat' dir='ltr'>eos,</span> <span class='ocrx_word' id='word_1_46' title='bbox 650 675 675 697; x_wconf 86' lang='lat' dir='ltr'>si</span> <span class='ocrx_word' id='word_1_47' title='bbox 712 670 988 702; x_wconf 78' lang='lat' dir='ltr'>contravenerint,</span> <span class='ocrx_word' id='word_1_48' title='bbox 1017 672 1182 695; x_wconf 79' lang='lat' dir='ltr'>censuram</span> 
     </span>
     <span class='ocr_line' id='line_1_11' title="bbox 436 710 1184 758; baseline -0.005 -10"><span class='ocrx_word' id='word_1_49' title='bbox 436 713 678 748; x_wconf 84' lang='lat' dir='ltr'>ecclesiasticam</span> <span class='ocrx_word' id='word_1_50' title='bbox 706 724 869 752; x_wconf 81' lang='lat' dir='ltr'>exercere;</span> <span class='ocrx_word' id='word_1_51' title='bbox 898 724 932 746; x_wconf 86' lang='lat' dir='ltr'>ac</span> <span class='ocrx_word' id='word_1_52' title='bbox 960 710 1090 758; x_wconf 75' lang='lat' dir='ltr'>quilibet</span> <span class='ocrx_word' id='word_1_53' title='bbox 1114 722 1184 744; x_wconf 90' lang='lat' dir='ltr'>cor-</span> 
     </span>
     <span class='ocr_line' id='line_1_12' title="bbox 436 760 1184 809; baseline -0.005 -12"><span class='ocrx_word' id='word_1_54' title='bbox 436 772 536 798; x_wconf 83' lang='lat' dir='ltr'>rector</span> <span class='ocrx_word' id='word_1_55' title='bbox 559 762 758 809; x_wconf 78' lang='lat' dir='ltr'>provincialis</span> <span class='ocrx_word' id='word_1_56' title='bbox 782 762 827 796; x_wconf 81' lang='lat' dir='ltr'>rel</span> <span class='ocrx_word' id='word_1_57' title='bbox 851 762 920 796; x_wconf 84' lang='lat' dir='ltr'>eius</span> <span class='ocrx_word' id='word_1_58' title='bbox 943 761 1074 795; x_wconf 72' lang='lat' dir='ltr'>vicarius</span> <span class='ocrx_word' id='word_1_59' title='bbox 1101 760 1184 794; x_wconf 88' lang='lat' dir='ltr'>eius-</span> 
     </span>
     <span class='ocr_line' id='line_1_13' title="bbox 437 809 1184 859; baseline -0.005 -12"><span class='ocrx_word' id='word_1_60' title='bbox 437 814 506 847; x_wconf 85' lang='lat' dir='ltr'>dem</span> <span class='ocrx_word' id='word_1_61' title='bbox 534 812 688 854; x_wconf 89' lang='lat' dir='ltr'>Ordinis,</span> <span class='ocrx_word' id='word_1_62' title='bbox 717 811 853 859; x_wconf 89' lang='lat' dir='ltr'>idipsum</span> <span class='ocrx_word' id='word_1_63' title='bbox 882 812 911 845; x_wconf 94' lang='lat' dir='ltr'>in</span> <span class='ocrx_word' id='word_1_64' title='bbox 935 823 990 845; x_wconf 84' lang='lat' dir='ltr'>sna</span> <span class='ocrx_word' id='word_1_65' title='bbox 1014 809 1184 857; x_wconf 74' lang='lat' dir='ltr'>provincia.</span> 
     </span>
     <span class='ocr_line' id='line_1_14' title="bbox 437 859 1186 908; baseline -0.004 -12"><span class='ocrx_word' id='word_1_66' title='bbox 437 863 517 897; x_wconf 81' lang='lat' dir='ltr'>cirea</span> <span class='ocrx_word' id='word_1_67' title='bbox 535 863 642 896; x_wconf 78' lang='lat' dir='ltr'>iratres</span> <span class='ocrx_word' id='word_1_68' title='bbox 666 862 764 908; x_wconf 89' lang='lat' dir='ltr'>ipsius</span> <span class='ocrx_word' id='word_1_69' title='bbox 785 861 927 900; x_wconf 79' lang='lat' dir='ltr'>Ordinis,</span> <span class='ocrx_word' id='word_1_70' title='bbox 942 860 1060 908; x_wconf 87' lang='lat' dir='ltr'>quibus</span> <span class='ocrx_word' id='word_1_71' title='bbox 1078 859 1116 893; x_wconf 90' lang='lat' dir='ltr'>ab</span> <span class='ocrx_word' id='word_1_72' title='bbox 1133 871 1186 893; x_wconf 90' lang='lat' dir='ltr'>ca-</span> 
     </span>
     <span class='ocr_line' id='line_1_15' title="bbox 438 909 1187 957; baseline -0.004 -11"><span class='ocrx_word' id='word_1_73' title='bbox 438 913 507 947; x_wconf 90' lang='lat' dir='ltr'>dem</span> <span class='ocrx_word' id='word_1_74' title='bbox 535 911 618 946; x_wconf 87' lang='lat' dir='ltr'>Sede</span> <span class='ocrx_word' id='word_1_75' title='bbox 640 912 753 947; x_wconf 79' lang='lat' dir='ltr'>similia</span> <span class='ocrx_word' id='word_1_76' title='bbox 776 911 943 957; x_wconf 80' lang='lat' dir='ltr'>contigerit</span> <span class='ocrx_word' id='word_1_77' title='bbox 967 911 998 944; x_wconf 93' lang='lat' dir='ltr'>in</span> <span class='ocrx_word' id='word_1_78' title='bbox 1026 909 1076 943; x_wconf 89' lang='lat' dir='ltr'>illa</span> <span class='ocrx_word' id='word_1_79' title='bbox 1100 921 1187 944; x_wconf 88' lang='lat' dir='ltr'>com-</span> 
     </span>
     <span class='ocr_line' id='line_1_16' title="bbox 439 959 1185 1010; baseline -0.005 -14"><span class='ocrx_word' id='word_1_80' title='bbox 439 963 530 1001; x_wconf 76' lang='lat' dir='ltr'>mitti,</span> <span class='ocrx_word' id='word_1_81' title='bbox 560 962 660 996; x_wconf 88' lang='lat' dir='ltr'>facere</span> <span class='ocrx_word' id='word_1_82' title='bbox 683 961 794 1010; x_wconf 79' lang='lat' dir='ltr'>possit,</span> <span class='ocrx_word' id='word_1_83' title='bbox 823 973 884 995; x_wconf 87' lang='lat' dir='ltr'>non</span> <span class='ocrx_word' id='word_1_84' title='bbox 912 959 1110 995; x_wconf 76' lang='lat' dir='ltr'>obstantibus</span> <span class='ocrx_word' id='word_1_85' title='bbox 1133 959 1185 993; x_wconf 89' lang='lat' dir='ltr'>ali-</span> 
     </span>
     <span class='ocr_line' id='line_1_17' title="bbox 439 1008 1188 1059; baseline -0.005 -13"><span class='ocrx_word' id='word_1_86' title='bbox 439 1012 553 1059; x_wconf 86' lang='lat' dir='ltr'>quibus</span> <span class='ocrx_word' id='word_1_87' title='bbox 576 1011 673 1046; x_wconf 89' lang='lat' dir='ltr'>literis</span> <span class='ocrx_word' id='word_1_88' title='bbox 700 1011 746 1046; x_wconf 87' lang='lat' dir='ltr'>vel</span> <span class='ocrx_word' id='word_1_89' title='bbox 774 1010 977 1057; x_wconf 78' lang='lat' dir='ltr'>indulgentiis</span> <span class='ocrx_word' id='word_1_90' title='bbox 1009 1008 1188 1057; x_wconf 82' lang='lat' dir='ltr'>apostolicis</span> 
     </span>
     <span class='ocr_line' id='line_1_18' title="bbox 441 1059 1189 1108; baseline -0.005 -12"><span class='ocrx_word' id='word_1_91' title='bbox 441 1063 616 1108; x_wconf 80' lang='lat' dir='ltr'>impetratis</span> <span class='ocrx_word' id='word_1_92' title='bbox 649 1061 694 1096; x_wconf 90' lang='lat' dir='ltr'>vel</span> <span class='ocrx_word' id='word_1_93' title='bbox 723 1061 815 1095; x_wconf 89' lang='lat' dir='ltr'>etiam</span> <span class='ocrx_word' id='word_1_94' title='bbox 839 1061 868 1094; x_wconf 93' lang='lat' dir='ltr'>in</span> <span class='ocrx_word' id='word_1_95' title='bbox 894 1069 1053 1107; x_wconf 74' lang='lat' dir='ltr'>posterum</span> <span class='ocrx_word' id='word_1_96' title='bbox 1088 1059 1189 1106; x_wconf 77' lang='lat' dir='ltr'>impe—</span> 
     </span>
     <span class='ocr_line' id='line_1_19' title="bbox 441 1110 1188 1159; baseline -0.005 -13"><span class='ocrx_word' id='word_1_97' title='bbox 441 1112 560 1146; x_wconf 88' lang='lat' dir='ltr'>trandis</span> <span class='ocrx_word' id='word_1_98' title='bbox 575 1140 583 1152; x_wconf 95' lang='lat'>,</span> <span class='ocrx_word' id='word_1_99' title='bbox 610 1124 690 1159; x_wconf 85' lang='lat' dir='ltr'>quae</span> <span class='ocrx_word' id='word_1_100' title='bbox 718 1111 756 1147; x_wconf 84' lang='lat' dir='ltr'>de</span> <span class='ocrx_word' id='word_1_101' title='bbox 779 1111 837 1145; x_wconf 86' lang='lat' dir='ltr'>lioc</span> <span class='ocrx_word' id='word_1_102' title='bbox 861 1123 922 1145; x_wconf 90' lang='lat' dir='ltr'>non</span> <span class='ocrx_word' id='word_1_103' title='bbox 947 1110 1077 1145; x_wconf 79' lang='lat' dir='ltr'>fecerint</span> <span class='ocrx_word' id='word_1_104' title='bbox 1100 1121 1188 1143; x_wconf 87' lang='lat' dir='ltr'>meu-</span> 
     </span>
     <span class='ocr_line' id='line_1_20' title="bbox 442 1171 570 1196; baseline 0 0"><span class='ocrx_word' id='word_1_105' title='bbox 442 1171 570 1196; x_wconf 78' lang='lat' dir='ltr'>troni-m.</span> 
     </span>
    </p>

    <p class='ocr_par' dir='ltr' id='par_1_3' title="bbox 491 1209 1188 1258">
     <span class='ocr_line' id='line_1_21' title="bbox 491 1209 1188 1258; baseline -0.006 -13"><span class='ocrx_word' id='word_1_106' title='bbox 491 1212 511 1258; x_wconf 64' lang='lat' dir='ltr'>S</span> <span class='ocrx_word' id='word_1_107' title='bbox 538 1213 590 1245; x_wconf 76' lang='lat'>12.</span> <span class='ocrx_word' id='word_1_108' title='bbox 613 1210 797 1245; x_wconf 79' lang='lat' dir='ltr'>inhibemus</span> <span class='ocrx_word' id='word_1_109' title='bbox 815 1222 942 1257; x_wconf 86' lang='lat' dir='ltr'>quoque</span> <span class='ocrx_word' id='word_1_110' title='bbox 966 1222 1004 1244; x_wconf 88' lang='lat' dir='ltr'>ne</span> <span class='ocrx_word' id='word_1_111' title='bbox 1025 1209 1107 1255; x_wconf 72' lang='lat' dir='ltr'>quis,</span> <span class='ocrx_word' id='word_1_112' title='bbox 1123 1218 1188 1256; x_wconf 86' lang='lat' dir='ltr'>post</span> 
     </span>
    </p>
   </div>
   <div class='ocr_carea' id='block_1_3' title="bbox 286 1259 1192 1407">
    <p class='ocr_par' dir='ltr' id='par_1_4' title="bbox 286 1259 1192 1407">
     <span class='ocr_line' id='line_1_22' title="bbox 286 1259 1191 1313; baseline -0.01 -16"><span class='ocrx_word' id='word_1_113' title='bbox 286 1271 304 1283; x_wconf 83' lang='lat'>&#39;¹¹</span> <span class='ocrx_word' id='word_1_114' title='bbox 319 1265 334 1313; x_wconf 79' lang='lat'>¹¹¹</span> <span class='ocrx_word' id='word_1_115' title='bbox 367 1302 380 1313; x_wconf 90' lang='lat'><strong>¹</strong></span> <span class='ocrx_word' id='word_1_116' title='bbox 392 1300 425 1313; x_wconf 76' lang='lat'><strong>¹¹¹¹</strong></span> <span class='ocrx_word' id='word_1_117' title='bbox 444 1262 670 1309; x_wconf 78' lang='lat' dir='ltr'>professionem</span> <span class='ocrx_word' id='word_1_118' title='bbox 689 1261 717 1294; x_wconf 93' lang='lat' dir='ltr'>in</span> <span class='ocrx_word' id='word_1_119' title='bbox 734 1259 855 1295; x_wconf 81' lang='lat' dir='ltr'>Ordine</span> <span class='ocrx_word' id='word_1_120' title='bbox 869 1269 969 1294; x_wconf 74' lang='lat' dir='ltr'>restro</span> <span class='ocrx_word' id='word_1_121' title='bbox 985 1260 1191 1297; x_wconf 66' lang='lat' dir='ltr'>factam‚31n1·</span> 
     </span>
     <span class='ocr_line' id='line_1_23' title="bbox 382 1309 1192 1358; baseline -0.006 -13"><span class='ocrx_word' id='word_1_122' title='bbox 382 1331 425 1350; x_wconf 40' lang='lat' dir='ltr'>,im-</span> <span class='ocrx_word' id='word_1_123' title='bbox 443 1311 599 1358; x_wconf 73' lang='lat' dir='ltr'>generalis</span> <span class='ocrx_word' id='word_1_124' title='bbox 621 1310 668 1345; x_wconf 85' lang='lat' dir='ltr'>rel</span> <span class='ocrx_word' id='word_1_125' title='bbox 690 1310 737 1344; x_wconf 90' lang='lat' dir='ltr'>sui</span> <span class='ocrx_word' id='word_1_126' title='bbox 766 1309 968 1357; x_wconf 86' lang='lat' dir='ltr'>provincialis</span> <span class='ocrx_word' id='word_1_127' title='bbox 991 1309 1128 1352; x_wconf 75' lang='lat' dir='ltr'>licentia,</span> <span class='ocrx_word' id='word_1_128' title='bbox 1144 1309 1192 1341; x_wconf 85' lang='lat' dir='ltr'>‹li-</span> 
     </span>
     <span class='ocr_line' id='line_1_24' title="bbox 407 1357 1191 1407; baseline -0.008 -11"><span class='ocrx_word' id='word_1_129' title='bbox 407 1374 409 1377; x_wconf 77' lang='grc'>’</span> <span class='ocrx_word' id='word_1_130' title='bbox 442 1361 549 1396; x_wconf 87' lang='lat' dir='ltr'>scedat</span> <span class='ocrx_word' id='word_1_131' title='bbox 569 1360 607 1395; x_wconf 90' lang='lat' dir='ltr'>ab</span> <span class='ocrx_word' id='word_1_132' title='bbox 630 1361 708 1407; x_wconf 90' lang='lat' dir='ltr'>ipso.</span> <span class='ocrx_word' id='word_1_133' title='bbox 732 1359 956 1394; x_wconf 85' lang='lat' dir='ltr'>Discedentem</span> <span class='ocrx_word' id='word_1_134' title='bbox 975 1371 1059 1398; x_wconf 81' lang='lat' dir='ltr'>vero,</span> <span class='ocrx_word' id='word_1_135' title='bbox 1073 1357 1191 1404; x_wconf 69' lang='lat' dir='ltr'>absqn·¹</span> 
     </span>
    </p>
   </div>
   <div class='ocr_carea' id='block_1_4' title="bbox 443 1409 1209 2551">
    <p class='ocr_par' dir='ltr' id='par_1_5' title="bbox 443 1409 1209 2551">
     <span class='ocr_line' id='line_1_25' title="bbox 443 1409 1194 1455; baseline -0.005 -10"><span class='ocrx_word' id='word_1_136' title='bbox 443 1412 588 1446; x_wconf 87' lang='lat' dir='ltr'>cantione</span> <span class='ocrx_word' id='word_1_137' title='bbox 612 1410 769 1444; x_wconf 87' lang='lat' dir='ltr'>literarum</span> <span class='ocrx_word' id='word_1_138' title='bbox 787 1409 915 1443; x_wconf 87' lang='lat' dir='ltr'>alterius</span> <span class='ocrx_word' id='word_1_139' title='bbox 937 1409 1089 1455; x_wconf 89' lang='lat' dir='ltr'>ipsorum,</span> <span class='ocrx_word' id='word_1_140' title='bbox 1103 1420 1194 1453; x_wconf 88' lang='lat' dir='ltr'>prae-</span> 
     </span>
     <span class='ocr_line' id='line_1_26' title="bbox 445 1457 1192 1507; baseline -0.007 -12"><span class='ocrx_word' id='word_1_141' title='bbox 445 1469 528 1495; x_wconf 76' lang='lat' dir='ltr'>textu</span> <span class='ocrx_word' id='word_1_142' title='bbox 554 1460 706 1507; x_wconf 71' lang='lat' dir='ltr'>privilegii</span> <span class='ocrx_word' id='word_1_143' title='bbox 725 1459 858 1494; x_wconf 90' lang='lat' dir='ltr'>alicuius</span> <span class='ocrx_word' id='word_1_144' title='bbox 874 1459 1072 1506; x_wconf 73' lang='lat' dir='ltr'>Apostolicae</span> <span class='ocrx_word' id='word_1_145' title='bbox 1089 1457 1192 1492; x_wconf 71' lang='lat' dir='ltr'>Sedis</span> 
     </span>
     <span class='ocr_line' id='line_1_27' title="bbox 445 1507 1194 1554; baseline -0.005 -10"><span class='ocrx_word' id='word_1_146' title='bbox 445 1510 553 1545; x_wconf 90' lang='lat' dir='ltr'>nullus</span> <span class='ocrx_word' id='word_1_147' title='bbox 579 1510 693 1544; x_wconf 88' lang='lat' dir='ltr'>audeat</span> <span class='ocrx_word' id='word_1_148' title='bbox 715 1510 862 1549; x_wconf 71' lang='lat' dir='ltr'>retinere,</span> <span class='ocrx_word' id='word_1_149' title='bbox 889 1508 973 1554; x_wconf 86' lang='lat' dir='ltr'>quod</span> <span class='ocrx_word' id='word_1_150' title='bbox 1002 1508 1027 1541; x_wconf 81' lang='lat' dir='ltr'>si</span> <span class='ocrx_word' id='word_1_151' title='bbox 1053 1507 1129 1541; x_wconf 88' lang='lat' dir='ltr'>forie</span> <span class='ocrx_word' id='word_1_152' title='bbox 1153 1520 1194 1540; x_wconf 75' lang='lat' dir='ltr'>ri·-</span> 
     </span>
     <span class='ocr_line' id='line_1_28' title="bbox 446 1557 1193 1606; baseline -0.005 -12"><span class='ocrx_word' id='word_1_153' title='bbox 446 1561 544 1594; x_wconf 87' lang='lat' dir='ltr'>tinere</span> <span class='ocrx_word' id='word_1_154' title='bbox 568 1559 824 1606; x_wconf 73' lang='lat' dir='ltr'>praesumpserit,</span> <span class='ocrx_word' id='word_1_155' title='bbox 855 1558 959 1598; x_wconf 78' lang='lat' dir='ltr'>robis,</span> <span class='ocrx_word' id='word_1_156' title='bbox 986 1557 1140 1604; x_wconf 77' lang='lat' dir='ltr'>generalis</span> <span class='ocrx_word' id='word_1_157' title='bbox 1167 1566 1193 1589; x_wconf 82' lang='lat' dir='ltr'>et</span> 
     </span>
     <span class='ocr_line' id='line_1_29' title="bbox 446 1608 1195 1657; baseline -0.005 -13"><span class='ocrx_word' id='word_1_158' title='bbox 446 1610 651 1657; x_wconf 80' lang='lat' dir='ltr'>provinciales</span> <span class='ocrx_word' id='word_1_159' title='bbox 673 1617 868 1644; x_wconf 76' lang='lat' dir='ltr'>correctores</span> <span class='ocrx_word' id='word_1_160' title='bbox 891 1608 1064 1651; x_wconf 74' lang='lat' dir='ltr'>dumtaxat,</span> <span class='ocrx_word' id='word_1_161' title='bbox 1090 1615 1119 1641; x_wconf 91' lang='lat' dir='ltr'>et</span> <span class='ocrx_word' id='word_1_162' title='bbox 1143 1619 1195 1640; x_wconf 81' lang='lat' dir='ltr'>ve-</span> 
     </span>
     <span class='ocr_line' id='line_1_30' title="bbox 446 1657 1195 1706; baseline -0.005 -12"><span class='ocrx_word' id='word_1_163' title='bbox 446 1660 518 1694; x_wconf 83' lang='lat' dir='ltr'>stris</span> <span class='ocrx_word' id='word_1_164' title='bbox 539 1672 593 1694; x_wconf 87' lang='lat' dir='ltr'>seu</span> <span class='ocrx_word' id='word_1_165' title='bbox 619 1659 849 1706; x_wconf 83' lang='lat' dir='ltr'>provinciarum</span> <span class='ocrx_word' id='word_1_166' title='bbox 879 1657 1001 1692; x_wconf 71' lang='lat' dir='ltr'>vicariis</span> <span class='ocrx_word' id='word_1_167' title='bbox 1023 1657 1142 1691; x_wconf 88' lang='lat' dir='ltr'>licitum</span> <span class='ocrx_word' id='word_1_168' title='bbox 1158 1657 1195 1691; x_wconf 89' lang='lat' dir='ltr'>sit</span> 
     </span>
     <span class='ocr_line' id='line_1_31' title="bbox 448 1707 1198 1757; baseline -0.004 -14"><span class='ocrx_word' id='word_1_169' title='bbox 448 1710 478 1744; x_wconf 93' lang='lat' dir='ltr'>in</span> <span class='ocrx_word' id='word_1_170' title='bbox 507 1708 591 1757; x_wconf 84' lang='lat' dir='ltr'>ipsos</span> <span class='ocrx_word' id='word_1_171' title='bbox 612 1709 811 1743; x_wconf 83' lang='lat' dir='ltr'>discedentes</span> <span class='ocrx_word' id='word_1_172' title='bbox 840 1708 949 1743; x_wconf 86' lang='lat' dir='ltr'>fratres</span> <span class='ocrx_word' id='word_1_173' title='bbox 977 1707 1198 1742; x_wconf 82' lang='lat' dir='ltr'>excommuni-</span> 
     </span>
     <span class='ocr_line' id='line_1_32' title="bbox 448 1756 1200 1805; baseline -0.005 -11"><span class='ocrx_word' id='word_1_174' title='bbox 448 1759 582 1794; x_wconf 80' lang='lat' dir='ltr'>cationis</span> <span class='ocrx_word' id='word_1_175' title='bbox 603 1759 791 1793; x_wconf 87' lang='lat' dir='ltr'>scntentiam</span> <span class='ocrx_word' id='word_1_176' title='bbox 817 1758 1035 1805; x_wconf 79' lang='lat' dir='ltr'>promulgare:</span> <span class='ocrx_word' id='word_1_177' title='bbox 1059 1756 1200 1791; x_wconf 88' lang='lat' dir='ltr'>detinen—</span> 
     </span>
     <span class='ocr_line' id='line_1_33' title="bbox 450 1807 1199 1844; baseline -0.005 0"><span class='ocrx_word' id='word_1_178' title='bbox 450 1819 495 1844; x_wconf 89' lang='lat' dir='ltr'>tes</span> <span class='ocrx_word' id='word_1_179' title='bbox 511 1821 582 1843; x_wconf 85' lang='lat' dir='ltr'>vero</span> <span class='ocrx_word' id='word_1_180' title='bbox 595 1809 722 1843; x_wconf 86' lang='lat' dir='ltr'>eosdem</span> <span class='ocrx_word' id='word_1_181' title='bbox 746 1820 854 1842; x_wconf 82' lang='lat' dir='ltr'>secum</span> <span class='ocrx_word' id='word_1_182' title='bbox 880 1808 923 1842; x_wconf 84' lang='lat' dir='ltr'>vel</span> <span class='ocrx_word' id='word_1_183' title='bbox 948 1807 976 1840; x_wconf 89' lang='lat' dir='ltr'>in</span> <span class='ocrx_word' id='word_1_184' title='bbox 1001 1807 1199 1841; x_wconf 82' lang='lat' dir='ltr'>monasteriis</span> 
     </span>
     <span class='ocr_line' id='line_1_34' title="bbox 449 1857 1199 1903; baseline -0.007 -9"><span class='ocrx_word' id='word_1_185' title='bbox 449 1868 502 1894; x_wconf 91' lang='lat' dir='ltr'>aut</span> <span class='ocrx_word' id='word_1_186' title='bbox 524 1858 666 1894; x_wconf 89' lang='lat' dir='ltr'>ecclesiis</span> <span class='ocrx_word' id='word_1_187' title='bbox 682 1858 748 1892; x_wconf 93' lang='lat' dir='ltr'>suis</span> <span class='ocrx_word' id='word_1_188' title='bbox 766 1858 837 1900; x_wconf 88' lang='lat' dir='ltr'>(nisi</span> <span class='ocrx_word' id='word_1_189' title='bbox 852 1870 906 1892; x_wconf 87' lang='lat' dir='ltr'>eos</span> <span class='ocrx_word' id='word_1_190' title='bbox 922 1857 1098 1900; x_wconf 84' lang='lat' dir='ltr'>reiecerint,</span> <span class='ocrx_word' id='word_1_191' title='bbox 1114 1864 1199 1903; x_wconf 90' lang='lat' dir='ltr'>post—</span> 
     </span>
     <span class='ocr_line' id='line_1_35' title="bbox 450 1907 1199 1957; baseline -0.005 -14"><span class='ocrx_word' id='word_1_192' title='bbox 450 1921 544 1957; x_wconf 90' lang='lat' dir='ltr'>quam</span> <span class='ocrx_word' id='word_1_193' title='bbox 573 1909 619 1943; x_wconf 84' lang='lat' dir='ltr'>cis</span> <span class='ocrx_word' id='word_1_194' title='bbox 646 1908 866 1942; x_wconf 90' lang='lat' dir='ltr'>denuntiatum</span> <span class='ocrx_word' id='word_1_195' title='bbox 897 1907 1001 1951; x_wconf 86' lang='lat' dir='ltr'>fuerit)</span> <span class='ocrx_word' id='word_1_196' title='bbox 1020 1918 1199 1940; x_wconf 83' lang='lat' dir='ltr'>excommu-</span> 
     </span>
     <span class='ocr_line' id='line_1_36' title="bbox 452 1955 1200 1994; baseline -0.004 0"><span class='ocrx_word' id='word_1_197' title='bbox 452 1959 620 1994; x_wconf 79' lang='lat' dir='ltr'>nicationis</span> <span class='ocrx_word' id='word_1_198' title='bbox 647 1957 820 1992; x_wconf 86' lang='lat' dir='ltr'>sententiac</span> <span class='ocrx_word' id='word_1_199' title='bbox 844 1957 989 1992; x_wconf 74' lang='lat' dir='ltr'>volumus</span> <span class='ocrx_word' id='word_1_200' title='bbox 1011 1955 1175 1990; x_wconf 86' lang='lat' dir='ltr'>subiacere</span> <span class='ocrx_word' id='word_1_201' title='bbox 1194 1984 1200 1991; x_wconf 80' lang='grc'>,</span> 
     </span>
     <span class='ocr_line' id='line_1_37' title="bbox 453 2006 1201 2054; baseline -0.008 -10"><span class='ocrx_word' id='word_1_202' title='bbox 453 2021 515 2044; x_wconf 89' lang='lat' dir='ltr'>non</span> <span class='ocrx_word' id='word_1_203' title='bbox 543 2008 686 2042; x_wconf 87' lang='lat' dir='ltr'>obstante</span> <span class='ocrx_word' id='word_1_204' title='bbox 709 2007 792 2054; x_wconf 84' lang='lat' dir='ltr'>quod</span> <span class='ocrx_word' id='word_1_205' title='bbox 828 2006 1106 2045; x_wconf 79' lang='lat' dir='ltr'>excommunicari,</span> <span class='ocrx_word' id='word_1_206' title='bbox 1129 2018 1201 2039; x_wconf 88' lang='lat' dir='ltr'>sus-</span> 
     </span>
     <span class='ocr_line' id='line_1_38' title="bbox 454 2055 1202 2106; baseline -0.005 -14"><span class='ocrx_word' id='word_1_207' title='bbox 454 2058 547 2106; x_wconf 79' lang='lat' dir='ltr'>pendi</span> <span class='ocrx_word' id='word_1_208' title='bbox 573 2057 619 2092; x_wconf 78' lang='lat' dir='ltr'>vel</span> <span class='ocrx_word' id='word_1_209' title='bbox 643 2057 785 2091; x_wconf 83' lang='lat' dir='ltr'>interdici</span> <span class='ocrx_word' id='word_1_210' title='bbox 819 2069 881 2090; x_wconf 89' lang='lat' dir='ltr'>non</span> <span class='ocrx_word' id='word_1_211' title='bbox 906 2056 1027 2103; x_wconf 85' lang='lat' dir='ltr'>possint</span> <span class='ocrx_word' id='word_1_212' title='bbox 1051 2068 1105 2102; x_wconf 86' lang='lat' dir='ltr'>per</span> <span class='ocrx_word' id='word_1_213' title='bbox 1133 2055 1202 2088; x_wconf 88' lang='lat' dir='ltr'>lite-</span> 
     </span>
     <span class='ocr_line' id='line_1_39' title="bbox 455 2105 1200 2155; baseline -0.009 -12"><span class='ocrx_word' id='word_1_214' title='bbox 455 2121 502 2143; x_wconf 84' lang='lat' dir='ltr'>ras</span> <span class='ocrx_word' id='word_1_215' title='bbox 524 2108 712 2155; x_wconf 82' lang='lat' dir='ltr'>apostolicas</span> <span class='ocrx_word' id='word_1_216' title='bbox 749 2119 810 2141; x_wconf 91' lang='lat' dir='ltr'>non</span> <span class='ocrx_word' id='word_1_217' title='bbox 839 2106 990 2140; x_wconf 80' lang='lat' dir='ltr'>facientes</span> <span class='ocrx_word' id='word_1_218' title='bbox 1020 2105 1143 2151; x_wconf 82' lang='lat' dir='ltr'>plenam</span> <span class='ocrx_word' id='word_1_219' title='bbox 1175 2113 1200 2138; x_wconf 87' lang='lat' dir='ltr'>et</span> 
     </span>
     <span class='ocr_line' id='line_1_40' title="bbox 455 2154 1202 2206; baseline -0.008 -13"><span class='ocrx_word' id='word_1_220' title='bbox 455 2170 635 2206; x_wconf 81' lang='lat' dir='ltr'>expressam</span> <span class='ocrx_word' id='word_1_221' title='bbox 658 2157 697 2191; x_wconf 83' lang='lat' dir='ltr'>de</span> <span class='ocrx_word' id='word_1_222' title='bbox 722 2156 845 2191; x_wconf 88' lang='lat' dir='ltr'>indulto</span> <span class='ocrx_word' id='word_1_223' title='bbox 869 2155 1050 2190; x_wconf 89' lang='lat' dir='ltr'>liuiusmodi</span> <span class='ocrx_word' id='word_1_224' title='bbox 1077 2154 1202 2188; x_wconf 90' lang='lat' dir='ltr'>mentio-</span> 
     </span>
     <span class='ocr_line' id='line_1_41' title="bbox 456 2204 1204 2253; baseline -0.007 -11"><span class='ocrx_word' id='word_1_225' title='bbox 456 2221 539 2242; x_wconf 77' lang='lat' dir='ltr'>nem.</span> <span class='ocrx_word' id='word_1_226' title='bbox 573 2206 607 2242; x_wconf 86' lang='lat' dir='ltr'>Si</span> <span class='ocrx_word' id='word_1_227' title='bbox 642 2220 714 2241; x_wconf 84' lang='lat' dir='ltr'>vero</span> <span class='ocrx_word' id='word_1_228' title='bbox 747 2206 841 2253; x_wconf 85' lang='lat' dir='ltr'>aliqui</span> <span class='ocrx_word' id='word_1_229' title='bbox 871 2206 909 2241; x_wconf 88' lang='lat' dir='ltr'>de</span> <span class='ocrx_word' id='word_1_230' title='bbox 937 2204 1085 2240; x_wconf 88' lang='lat' dir='ltr'>fratribus</span> <span class='ocrx_word' id='word_1_231' title='bbox 1112 2204 1204 2238; x_wconf 84' lang='lat' dir='ltr'>vestri</span> 
     </span>
     <span class='ocr_line' id='line_1_42' title="bbox 457 2253 1206 2304; baseline -0.009 -11"><span class='ocrx_word' id='word_1_232' title='bbox 457 2257 599 2300; x_wconf 82' lang='lat' dir='ltr'>Ordinis,</span> <span class='ocrx_word' id='word_1_233' title='bbox 623 2266 691 2304; x_wconf 92' lang='lat' dir='ltr'>post</span> <span class='ocrx_word' id='word_1_234' title='bbox 712 2256 872 2291; x_wconf 88' lang='lat' dir='ltr'>obtentam</span> <span class='ocrx_word' id='word_1_235' title='bbox 902 2255 1059 2290; x_wconf 87' lang='lat' dir='ltr'>licentiam</span> <span class='ocrx_word' id='word_1_236' title='bbox 1083 2266 1098 2288; x_wconf 84' lang='lat' dir='ltr'>a</span> <span class='ocrx_word' id='word_1_237' title='bbox 1122 2253 1206 2288; x_wconf 75' lang='lat' dir='ltr'>Sede</span> 
     </span>
     <span class='ocr_line' id='line_1_43' title="bbox 459 2304 1204 2356; baseline -0.009 -14"><span class='ocrx_word' id='word_1_238' title='bbox 459 2307 615 2356; x_wconf 81' lang='lat' dir='ltr'>praedicta</span> <span class='ocrx_word' id='word_1_239' title='bbox 631 2315 681 2341; x_wconf 89' lang='lat' dir='ltr'>aut</span> <span class='ocrx_word' id='word_1_240' title='bbox 697 2318 712 2341; x_wconf 87' lang='lat' dir='ltr'>a</span> <span class='ocrx_word' id='word_1_241' title='bbox 733 2306 823 2341; x_wconf 88' lang='lat' dir='ltr'>nobis</span> <span class='ocrx_word' id='word_1_242' title='bbox 841 2306 876 2339; x_wconf 86' lang='lat' dir='ltr'>ad</span> <span class='ocrx_word' id='word_1_243' title='bbox 898 2305 1094 2352; x_wconf 73' lang='lat' dir='ltr'>Religionem</span> <span class='ocrx_word' id='word_1_244' title='bbox 1115 2304 1204 2338; x_wconf 81' lang='lat' dir='ltr'>aliani</span> 
     </span>
     <span class='ocr_line' id='line_1_44' title="bbox 459 2353 1206 2395; baseline -0.007 -4"><span class='ocrx_word' id='word_1_245' title='bbox 459 2357 653 2395; x_wconf 80' lang='lat' dir='ltr'>transeundi,</span> <span class='ocrx_word' id='word_1_246' title='bbox 669 2356 746 2390; x_wconf 85' lang='lat' dir='ltr'>infra</span> <span class='ocrx_word' id='word_1_247' title='bbox 762 2356 842 2390; x_wconf 90' lang='lat' dir='ltr'>dnos</span> <span class='ocrx_word' id='word_1_248' title='bbox 865 2355 910 2389; x_wconf 77' lang='lat' dir='ltr'>vel</span> <span class='ocrx_word' id='word_1_249' title='bbox 932 2363 993 2389; x_wconf 87' lang='lat' dir='ltr'>tres</span> <span class='ocrx_word' id='word_1_250' title='bbox 1016 2366 1154 2395; x_wconf 77' lang='lat' dir='ltr'>menses,</span> <span class='ocrx_word' id='word_1_251' title='bbox 1169 2353 1206 2387; x_wconf 88' lang='lat' dir='ltr'>ad</span> 
     </span>
     <span class='ocr_line' id='line_1_45' title="bbox 459 2405 1208 2451; baseline -0.007 -10"><span class='ocrx_word' id='word_1_252' title='bbox 459 2407 542 2442; x_wconf 88' lang='lat' dir='ltr'>illam</span> <span class='ocrx_word' id='word_1_253' title='bbox 561 2406 760 2451; x_wconf 77' lang='lat' dir='ltr'>Religionem</span> <span class='ocrx_word' id='word_1_254' title='bbox 779 2417 854 2441; x_wconf 91' lang='lat' dir='ltr'>suae</span> <span class='ocrx_word' id='word_1_255' title='bbox 875 2405 966 2439; x_wconf 87' lang='lat' dir='ltr'>saluti</span> <span class='ocrx_word' id='word_1_256' title='bbox 989 2416 1158 2450; x_wconf 77' lang='lat' dir='ltr'>congruam</span> <span class='ocrx_word' id='word_1_257' title='bbox 1176 2416 1208 2436; x_wconf 69' lang='lat' dir='ltr'>se</span> 
     </span>
     <span class='ocr_line' id='line_1_46' title="bbox 461 2454 1208 2503; baseline -0.008 -12"><span class='ocrx_word' id='word_1_258' title='bbox 461 2469 522 2491; x_wconf 91' lang='lat' dir='ltr'>non</span> <span class='ocrx_word' id='word_1_259' title='bbox 543 2456 731 2490; x_wconf 73' lang='lat' dir='ltr'>contulerint</span> <span class='ocrx_word' id='word_1_260' title='bbox 754 2464 784 2489; x_wconf 91' lang='lat' dir='ltr'>et</span> <span class='ocrx_word' id='word_1_261' title='bbox 808 2455 907 2503; x_wconf 90' lang='lat' dir='ltr'>ipsius</span> <span class='ocrx_word' id='word_1_262' title='bbox 930 2462 990 2489; x_wconf 77' lang='lat' dir='ltr'>non·</span> <span class='ocrx_word' id='word_1_263' title='bbox 1013 2454 1208 2499; x_wconf 76' lang='lat' dir='ltr'>susceperint</span> 
     </span>
     <span class='ocr_line' id='line_1_47' title="bbox 462 2503 1209 2551; baseline -0.008 -10"><span class='ocrx_word' id='word_1_264' title='bbox 462 2506 601 2541; x_wconf 82' lang='lat' dir='ltr'>habitum</span> <span class='ocrx_word' id='word_1_265' title='bbox 627 2505 812 2551; x_wconf 82' lang='lat' dir='ltr'>regularem,</span> <span class='ocrx_word' id='word_1_266' title='bbox 835 2506 954 2539; x_wconf 87' lang='lat' dir='ltr'>licitum</span> <span class='ocrx_word' id='word_1_267' title='bbox 979 2505 1019 2538; x_wconf 91' lang='lat' dir='ltr'>sit</span> <span class='ocrx_word' id='word_1_268' title='bbox 1034 2503 1131 2546; x_wconf 79' lang='lat' dir='ltr'>robis,</span> <span class='ocrx_word' id='word_1_269' title='bbox 1154 2516 1209 2549; x_wconf 78' lang='lat' dir='ltr'>ge-</span> 
     </span>
    </p>
   </div>
   <div class='ocr_carea' id='block_1_5' title="bbox 462 2553 1212 2603">
    <p class='ocr_par' dir='ltr' id='par_1_6' title="bbox 462 2553 1212 2603">
     <span class='ocr_line' id='line_1_48' title="bbox 462 2553 1212 2603; baseline -0.008 -12"><span class='ocrx_word' id='word_1_270' title='bbox 462 2556 576 2591; x_wconf 85' lang='lat' dir='ltr'>neralis</span> <span class='ocrx_word' id='word_1_271' title='bbox 598 2567 634 2590; x_wconf 89' lang='lat' dir='ltr'>ac</span> <span class='ocrx_word' id='word_1_272' title='bbox 645 2555 851 2603; x_wconf 83' lang='lat' dir='ltr'>provinciales</span> <span class='ocrx_word' id='word_1_273' title='bbox 869 2563 1071 2594; x_wconf 80' lang='lat' dir='ltr'>correctoreS,</span> <span class='ocrx_word' id='word_1_274' title='bbox 1087 2562 1117 2587; x_wconf 89' lang='lat' dir='ltr'>et</span> <span class='ocrx_word' id='word_1_275' title='bbox 1131 2553 1212 2586; x_wconf 76' lang='lat' dir='ltr'>vices</span> 
     </span>
    </p>
   </div>
   <div class='ocr_carea' id='block_1_6' title="bbox 464 2622 1211 2706">
    <p class='ocr_par' dir='ltr' id='par_1_7' title="bbox 464 2622 1211 2706">
     <span class='ocr_line' id='line_1_49' title="bbox 498 2622 1211 2661; baseline -0.007 -9"><span class='ocrx_word' id='word_1_276' title='bbox 498 2626 536 2661; x_wconf 82' lang='lat' dir='ltr'>(t)</span> <span class='ocrx_word' id='word_1_277' title='bbox 554 2626 618 2653; x_wconf 83' lang='lat' dir='ltr'>vide</span> <span class='ocrx_word' id='word_1_278' title='bbox 629 2625 725 2653; x_wconf 87' lang='lat' dir='ltr'>Concil.</span> <span class='ocrx_word' id='word_1_279' title='bbox 739 2625 871 2657; x_wconf 73' lang='lat' dir='ltr'>Trident„</span> <span class='ocrx_word' id='word_1_280' title='bbox 883 2633 948 2652; x_wconf 75' lang='lat' dir='ltr'>sess.</span> <span class='ocrx_word' id='word_1_281' title='bbox 961 2632 1021 2657; x_wconf 79' lang='lat' dir='ltr'>xrv,</span> <span class='ocrx_word' id='word_1_282' title='bbox 1033 2626 1070 2650; x_wconf 84' lang='lat' dir='ltr'>De</span> <span class='ocrx_word' id='word_1_283' title='bbox 1085 2622 1211 2656; x_wconf 50' lang='lat' dir='ltr'>normam,</span> 
     </span>
     <span class='ocr_line' id='line_1_50' title="bbox 464 2669 1131 2706; baseline -0.006 -9"><span class='ocrx_word' id='word_1_284' title='bbox 464 2679 520 2706; x_wconf 79' lang='lat' dir='ltr'>cap.</span> <span class='ocrx_word' id='word_1_285' title='bbox 543 2672 583 2704; x_wconf 84' lang='lat' dir='ltr'>tt,</span> <span class='ocrx_word' id='word_1_286' title='bbox 603 2674 629 2698; x_wconf 87' lang='lat' dir='ltr'>et</span> <span class='ocrx_word' id='word_1_287' title='bbox 646 2678 710 2698; x_wconf 79' lang='lat' dir='ltr'>sess.</span> <span class='ocrx_word' id='word_1_288' title='bbox 726 2677 795 2702; x_wconf 76' lang='lat' dir='ltr'>xxv0,</span> <span class='ocrx_word' id='word_1_289' title='bbox 811 2672 846 2695; x_wconf 81' lang='lat' dir='ltr'>De</span> <span class='ocrx_word' id='word_1_290' title='bbox 864 2671 999 2703; x_wconf 59' lang='lat' dir='ltr'>Iti-qutun,</span> <span class='ocrx_word' id='word_1_291' title='bbox 1013 2677 1072 2703; x_wconf 82' lang='lat' dir='ltr'>cap.</span> <span class='ocrx_word' id='word_1_292' title='bbox 1094 2669 1131 2694; x_wconf 73' lang='lat' dir='ltr'>iti.</span> 
     </span>
    </p>
   </div>
   <div class='ocr_carea' id='block_1_7' title="bbox 1212 1826 1240 2528">
    <p class='ocr_par' dir='ltr' id='par_1_8' title="bbox 1212 1826 1240 2528">
     <span class='ocr_line' id='line_1_51' title="bbox 1212 1826 1240 2528; baseline 0 723"><span class='ocrx_word' id='word_1_293' title='bbox 1212 1826 1240 2528; x_wconf 95' lang='lat' dir='ltr'> </span> 
     </span>
    </p>
   </div>
   <div class='ocr_carea' id='block_1_8' title="bbox 1026 257 1400 280">
    <p class='ocr_par' dir='ltr' id='par_1_9' title="bbox 1026 257 1400 280">
     <span class='ocr_line' id='line_1_52' title="bbox 1026 257 1400 280; baseline -0.008 0"><span class='ocrx_word' id='word_1_294' title='bbox 1026 257 1209 280; x_wconf 59' lang='lat' dir='ltr'>Bt&#39;tJAttit‘xi</span> <span class='ocrx_word' id='word_1_295' title='bbox 1240 257 1400 278; x_wconf 53' lang='lat' dir='ltr'>tttffltss&#39;ss</span> 
     </span>
    </p>
   </div>
   <div class='ocr_carea' id='block_1_9' title="bbox 1221 310 1978 945">
    <p class='ocr_par' dir='ltr' id='par_1_10' title="bbox 1221 310 1978 945">
     <span class='ocr_line' id='line_1_53' title="bbox 1223 310 1970 358; baseline -0.003 -14"><span class='ocrx_word' id='word_1_296' title='bbox 1223 320 1338 345; x_wconf 79' lang='lat' dir='ltr'>vestras</span> <span class='ocrx_word' id='word_1_297' title='bbox 1353 311 1535 357; x_wconf 74' lang='lat' dir='ltr'>gerentibus</span> <span class='ocrx_word' id='word_1_298' title='bbox 1558 320 1665 346; x_wconf 88' lang='lat' dir='ltr'>eontra</span> <span class='ocrx_word' id='word_1_299' title='bbox 1690 310 1788 358; x_wconf 87' lang='lat' dir='ltr'>ipsos,</span> <span class='ocrx_word' id='word_1_300' title='bbox 1813 317 1970 356; x_wconf 86' lang='lat' dir='ltr'>tamquam</span> 
     </span>
     <span class='ocr_line' id='line_1_54' title="bbox 1221 359 1972 408; baseline -0.004 -13"><span class='ocrx_word' id='word_1_301' title='bbox 1221 361 1297 396; x_wconf 90' lang='lat' dir='ltr'>alios</span> <span class='ocrx_word' id='word_1_302' title='bbox 1318 360 1448 395; x_wconf 87' lang='lat' dir='ltr'>Ordinis</span> <span class='ocrx_word' id='word_1_303' title='bbox 1471 361 1560 395; x_wconf 84' lang='lat' dir='ltr'>vestri</span> <span class='ocrx_word' id='word_1_304' title='bbox 1583 369 1759 408; x_wconf 84' lang='lat' dir='ltr'>apostatas,</span> <span class='ocrx_word' id='word_1_305' title='bbox 1789 359 1972 406; x_wconf 85' lang='lat' dir='ltr'>procedere,</span> 
     </span>
     <span class='ocr_line' id='line_1_55' title="bbox 1222 407 1973 458; baseline -0.005 -13"><span class='ocrx_word' id='word_1_306' title='bbox 1222 411 1397 445; x_wconf 84' lang='lat' dir='ltr'>secundum</span> <span class='ocrx_word' id='word_1_307' title='bbox 1427 410 1510 457; x_wconf 85' lang='lat' dir='ltr'>quod</span> <span class='ocrx_word' id='word_1_308' title='bbox 1538 410 1691 445; x_wconf 84' lang='lat' dir='ltr'>honestati</span> <span class='ocrx_word' id='word_1_309' title='bbox 1716 410 1814 458; x_wconf 92' lang='lat' dir='ltr'>ipsius</span> <span class='ocrx_word' id='word_1_310' title='bbox 1841 407 1973 443; x_wconf 87' lang='lat' dir='ltr'>Ordinis</span> 
     </span>
     <span class='ocr_line' id='line_1_56' title="bbox 1224 458 1974 507; baseline -0.004 -13"><span class='ocrx_word' id='word_1_311' title='bbox 1224 461 1363 494; x_wconf 81' lang='lat' dir='ltr'>videritis</span> <span class='ocrx_word' id='word_1_312' title='bbox 1381 460 1540 507; x_wconf 76' lang='lat' dir='ltr'>expedire.</span> <span class='ocrx_word' id='word_1_313' title='bbox 1560 459 1641 494; x_wconf 88' lang='lat' dir='ltr'>lllud</span> <span class='ocrx_word' id='word_1_314' title='bbox 1665 460 1747 495; x_wconf 87' lang='lat' dir='ltr'>idem</span> <span class='ocrx_word' id='word_1_315' title='bbox 1771 458 1902 505; x_wconf 82' lang='lat' dir='ltr'>intelligi</span> <span class='ocrx_word' id='word_1_316' title='bbox 1917 470 1974 491; x_wconf 88' lang='lat' dir='ltr'>vo—</span> 
     </span>
     <span class='ocr_line' id='line_1_57' title="bbox 1224 508 1975 556; baseline -0.004 -12"><span class='ocrx_word' id='word_1_317' title='bbox 1224 512 1328 544; x_wconf 88' lang='lat' dir='ltr'>lumus</span> <span class='ocrx_word' id='word_1_318' title='bbox 1345 510 1384 544; x_wconf 87' lang='lat' dir='ltr'>de</span> <span class='ocrx_word' id='word_1_319' title='bbox 1407 510 1466 544; x_wconf 90' lang='lat' dir='ltr'>illis</span> <span class='ocrx_word' id='word_1_320' title='bbox 1489 511 1554 556; x_wconf 85' lang='lat' dir='ltr'>qui,</span> <span class='ocrx_word' id='word_1_321' title='bbox 1578 518 1646 556; x_wconf 89' lang='lat' dir='ltr'>post</span> <span class='ocrx_word' id='word_1_322' title='bbox 1667 510 1902 556; x_wconf 85' lang='lat' dir='ltr'>susceptionem</span> <span class='ocrx_word' id='word_1_323' title='bbox 1925 508 1975 541; x_wconf 90' lang='lat' dir='ltr'>lia-</span> 
     </span>
     <span class='ocr_line' id='line_1_58' title="bbox 1225 559 1976 605; baseline -0.005 -10"><span class='ocrx_word' id='word_1_324' title='bbox 1225 562 1307 595; x_wconf 88' lang='lat' dir='ltr'>bitus</span> <span class='ocrx_word' id='word_1_325' title='bbox 1321 560 1449 594; x_wconf 89' lang='lat' dir='ltr'>alterius</span> <span class='ocrx_word' id='word_1_326' title='bbox 1463 559 1737 605; x_wconf 80' lang='lat' dir='ltr'>Religionis,infra</span> <span class='ocrx_word' id='word_1_327' title='bbox 1759 569 1887 605; x_wconf 84' lang='lat' dir='ltr'>tempus</span> <span class='ocrx_word' id='word_1_328' title='bbox 1908 569 1976 604; x_wconf 90' lang='lat' dir='ltr'>pro-</span> 
     </span>
     <span class='ocr_line' id='line_1_59' title="bbox 1226 606 1975 656; baseline -0.007 -11"><span class='ocrx_word' id='word_1_329' title='bbox 1226 611 1362 645; x_wconf 87' lang='lat' dir='ltr'>bationis</span> <span class='ocrx_word' id='word_1_330' title='bbox 1399 609 1505 654; x_wconf 88' lang='lat' dir='ltr'>(nulla</span> <span class='ocrx_word' id='word_1_331' title='bbox 1531 609 1725 656; x_wconf 74' lang='lat' dir='ltr'>professione</span> <span class='ocrx_word' id='word_1_332' title='bbox 1752 608 1866 650; x_wconf 86' lang='lat' dir='ltr'>facta),</span> <span class='ocrx_word' id='word_1_333' title='bbox 1903 606 1975 641; x_wconf 73' lang='lat' dir='ltr'>inde</span> 
     </span>
     <span class='ocr_line' id='line_1_60' title="bbox 1227 657 1975 707; baseline -0.005 -14"><span class='ocrx_word' id='word_1_334' title='bbox 1227 660 1494 707; x_wconf 83' lang='lat' dir='ltr'>praesumpserint</span> <span class='ocrx_word' id='word_1_335' title='bbox 1519 659 1647 697; x_wconf 88' lang='lat' dir='ltr'>resilire,</span> <span class='ocrx_word' id='word_1_336' title='bbox 1667 667 1720 692; x_wconf 88' lang='lat' dir='ltr'>aut</span> <span class='ocrx_word' id='word_1_337' title='bbox 1741 658 1833 693; x_wconf 89' lang='lat' dir='ltr'>etiam</span> <span class='ocrx_word' id='word_1_338' title='bbox 1852 657 1890 697; x_wconf 81' lang='lat' dir='ltr'>si,</span> <span class='ocrx_word' id='word_1_339' title='bbox 1907 665 1975 703; x_wconf 89' lang='lat' dir='ltr'>post</span> 
     </span>
     <span class='ocr_line' id='line_1_61' title="bbox 1228 706 1975 757; baseline -0.007 -13"><span class='ocrx_word' id='word_1_340' title='bbox 1228 710 1456 757; x_wconf 70' lang='lat' dir='ltr'>professionem</span> <span class='ocrx_word' id='word_1_341' title='bbox 1485 709 1687 748; x_wconf 84' lang='lat' dir='ltr'>huiusmodi,</span> <span class='ocrx_word' id='word_1_342' title='bbox 1709 708 1746 743; x_wconf 88' lang='lat' dir='ltr'>ad</span> <span class='ocrx_word' id='word_1_343' title='bbox 1774 706 1975 752; x_wconf 77' lang='lat' dir='ltr'>Religionem</span> 
     </span>
     <span class='ocr_line' id='line_1_62' title="bbox 1228 756 1977 795; baseline -0.008 0"><span class='ocrx_word' id='word_1_344' title='bbox 1228 761 1374 795; x_wconf 73' lang='lat' dir='ltr'>laxiorem</span> <span class='ocrx_word' id='word_1_345' title='bbox 1398 772 1452 794; x_wconf 88' lang='lat' dir='ltr'>seu</span> <span class='ocrx_word' id='word_1_346' title='bbox 1482 760 1635 794; x_wconf 88' lang='lat' dir='ltr'>mitiorem</span> <span class='ocrx_word' id='word_1_347' title='bbox 1659 757 1811 792; x_wconf 84' lang='lat' dir='ltr'>Ordinem</span> <span class='ocrx_word' id='word_1_348' title='bbox 1839 756 1977 790; x_wconf 88' lang='lat' dir='ltr'>transie—</span> 
     </span>
     <span class='ocr_line' id='line_1_63' title="bbox 1229 808 1978 857; baseline -0.007 -13"><span class='ocrx_word' id='word_1_349' title='bbox 1229 812 1300 854; x_wconf 78' lang='lat' dir='ltr'>rint,</span> <span class='ocrx_word' id='word_1_350' title='bbox 1329 810 1388 850; x_wconf 78' lang='lat' dir='ltr'>vel,</span> <span class='ocrx_word' id='word_1_351' title='bbox 1415 809 1498 857; x_wconf 87' lang='lat' dir='ltr'>quod</span> <span class='ocrx_word' id='word_1_352' title='bbox 1517 809 1609 849; x_wconf 90' lang='lat' dir='ltr'>absit,</span> <span class='ocrx_word' id='word_1_353' title='bbox 1631 808 1669 842; x_wconf 93' lang='lat' dir='ltr'>ad</span> <span class='ocrx_word' id='word_1_354' title='bbox 1689 808 1850 843; x_wconf 88' lang='lat' dir='ltr'>saeculum</span> <span class='ocrx_word' id='word_1_355' title='bbox 1874 816 1978 840; x_wconf 86' lang='lat' dir='ltr'>rever-</span> 
     </span>
     <span class='ocr_line' id='line_1_64' title="bbox 1229 855 1976 905; baseline -0.009 -10"><span class='ocrx_word' id='word_1_356' title='bbox 1229 869 1345 904; x_wconf 83' lang='lat' dir='ltr'>tantur,</span> <span class='ocrx_word' id='word_1_357' title='bbox 1361 859 1509 894; x_wconf 79' lang='lat' dir='ltr'>volumus</span> <span class='ocrx_word' id='word_1_358' title='bbox 1525 872 1579 894; x_wconf 74' lang='lat' dir='ltr'>ros</span> <span class='ocrx_word' id='word_1_359' title='bbox 1598 867 1706 893; x_wconf 87' lang='lat' dir='ltr'>contra</span> <span class='ocrx_word' id='word_1_360' title='bbox 1729 858 1815 905; x_wconf 88' lang='lat' dir='ltr'>ipsos</span> <span class='ocrx_word' id='word_1_361' title='bbox 1841 855 1976 902; x_wconf 82' lang='lat' dir='ltr'>rigorem</span> 
     </span>
     <span class='ocr_line' id='line_1_65' title="bbox 1231 909 1667 945; baseline -0.007 0"><span class='ocrx_word' id='word_1_362' title='bbox 1231 911 1322 945; x_wconf 87' lang='lat' dir='ltr'>vestri</span> <span class='ocrx_word' id='word_1_363' title='bbox 1350 909 1482 945; x_wconf 85' lang='lat' dir='ltr'>Ordinis</span> <span class='ocrx_word' id='word_1_364' title='bbox 1509 920 1667 943; x_wconf 85' lang='lat' dir='ltr'>exercere.</span> 
     </span>
    </p>
   </div>
   <div class='ocr_carea' id='block_1_10' title="bbox 1987 252 2168 279">
    <p class='ocr_par' dir='ltr' id='par_1_11' title="bbox 1987 252 2168 279">
     <span class='ocr_line' id='line_1_66' title="bbox 1987 252 2168 279; baseline -0.017 -1"><span class='ocrx_word' id='word_1_365' title='bbox 1987 252 2034 279; x_wconf 65' lang='lat' dir='ltr'>An⁴</span> <span class='ocrx_word' id='word_1_366' title='bbox 2054 252 2082 278; x_wconf 83' lang='lat' dir='ltr'>C.</span> <span class='ocrx_word' id='word_1_367' title='bbox 2100 252 2168 279; x_wconf 59' lang='lat' dir='ltr'>ww.</span> 
     </span>
    </p>
   </div>
   <div class='ocr_carea' id='block_1_11' title="bbox 1278 956 2167 1006">
    <p class='ocr_par' dir='ltr' id='par_1_12' title="bbox 1278 956 2167 1006">
     <span class='ocr_line' id='line_1_67' title="bbox 1278 956 2167 1006; baseline -0.006 -12"><span class='ocrx_word' id='word_1_368' title='bbox 1278 964 1293 1003; x_wconf 66' lang='lat' dir='ltr'>g</span> <span class='ocrx_word' id='word_1_369' title='bbox 1318 963 1372 994; x_wconf 86' lang='lat' dir='ltr'>t5.</span> <span class='ocrx_word' id='word_1_370' title='bbox 1402 960 1569 1006; x_wconf 84' lang='lat' dir='ltr'>Apostatas</span> <span class='ocrx_word' id='word_1_371' title='bbox 1591 970 1718 1006; x_wconf 87' lang='lat' dir='ltr'>quoque</span> <span class='ocrx_word' id='word_1_372' title='bbox 1735 958 1828 992; x_wconf 89' lang='lat' dir='ltr'>vestri</span> <span class='ocrx_word' id='word_1_373' title='bbox 1849 956 1980 992; x_wconf 87' lang='lat' dir='ltr'>Ordinis</span> <span class='ocrx_word' id='word_1_374' title='bbox 2016 966 2022 987; x_wconf 69' lang='grc' dir='ltr'><strong>ί</strong></span> <span class='ocrx_word' id='word_1_375' title='bbox 2047 967 2102 986; x_wconf 70' lang='lat' dir='ltr'>viu»</span> <span class='ocrx_word' id='word_1_376' title='bbox 2121 968 2133 986; x_wconf 72' lang='lat' dir='ltr'>i·</span> <span class='ocrx_word' id='word_1_377' title='bbox 2157 973 2167 985; x_wconf 60' lang='lat' dir='ltr'>w</span> 
     </span>
    </p>
   </div>
   <div class='ocr_carea' id='block_1_12' title="bbox 1230 1008 1979 1055">
    <p class='ocr_par' dir='ltr' id='par_1_13' title="bbox 1230 1006 2032 1055">
     <span class='ocr_line' id='line_1_68' title="bbox 1230 1008 1979 1055; baseline -0.004 -11"><span class='ocrx_word' id='word_1_378' title='bbox 1230 1021 1517 1050; x_wconf 81' lang='lat' dir='ltr'>excommunicare,</span> <span class='ocrx_word' id='word_1_379' title='bbox 1545 1019 1671 1055; x_wconf 80' lang='lat' dir='ltr'>capere,</span> <span class='ocrx_word' id='word_1_380' title='bbox 1698 1008 1806 1054; x_wconf 85' lang='lat' dir='ltr'>ligare,</span> <span class='ocrx_word' id='word_1_381' title='bbox 1833 1008 1979 1042; x_wconf 89' lang='lat' dir='ltr'>incarce-</span> 
     </span>
    </p>
   </div>
   <div class='ocr_carea' id='block_1_13' title="bbox 1232 1057 1985 1406">
    <p class='ocr_par' dir='ltr' id='par_1_14' title="bbox 1232 1057 1985 1294">
     <span class='ocr_line' id='line_1_69' title="bbox 1232 1057 1980 1104; baseline -0.005 -10"><span class='ocrx_word' id='word_1_382' title='bbox 1232 1072 1321 1103; x_wconf 83' lang='lat' dir='ltr'>rare,</span> <span class='ocrx_word' id='word_1_383' title='bbox 1349 1069 1377 1094; x_wconf 92' lang='lat' dir='ltr'>et</span> <span class='ocrx_word' id='word_1_384' title='bbox 1405 1059 1481 1093; x_wconf 85' lang='lat' dir='ltr'>alias</span> <span class='ocrx_word' id='word_1_385' title='bbox 1508 1058 1644 1093; x_wconf 84' lang='lat' dir='ltr'>subdere</span> <span class='ocrx_word' id='word_1_386' title='bbox 1679 1057 1863 1104; x_wconf 84' lang='lat' dir='ltr'>disciplinae</span> <span class='ocrx_word' id='word_1_387' title='bbox 1886 1057 1980 1103; x_wconf 85' lang='lat' dir='ltr'>rigori</span> 
     </span>
     <span class='ocr_line' id='line_1_70' title="bbox 1233 1107 1982 1158; baseline -0.005 -13"><span class='ocrx_word' id='word_1_388' title='bbox 1233 1110 1358 1158; x_wconf 89' lang='lat' dir='ltr'>possitis</span> <span class='ocrx_word' id='word_1_389' title='bbox 1382 1121 1436 1156; x_wconf 82' lang='lat' dir='ltr'>per</span> <span class='ocrx_word' id='word_1_390' title='bbox 1459 1121 1512 1143; x_wconf 83' lang='lat' dir='ltr'>ros</span> <span class='ocrx_word' id='word_1_391' title='bbox 1544 1121 1579 1143; x_wconf 90' lang='lat' dir='ltr'>ac</span> <span class='ocrx_word' id='word_1_392' title='bbox 1611 1107 1704 1142; x_wconf 89' lang='lat' dir='ltr'>etiam</span> <span class='ocrx_word' id='word_1_393' title='bbox 1727 1107 1818 1150; x_wconf 83' lang='lat' dir='ltr'>alios,</span> <span class='ocrx_word' id='word_1_394' title='bbox 1846 1107 1875 1140; x_wconf 93' lang='lat' dir='ltr'>in</span> <span class='ocrx_word' id='word_1_395' title='bbox 1898 1119 1982 1153; x_wconf 89' lang='lat' dir='ltr'>quo-</span> 
     </span>
     <span class='ocr_line' id='line_1_71' title="bbox 1232 1156 1983 1206; baseline -0.005 -12"><span class='ocrx_word' id='word_1_396' title='bbox 1232 1172 1369 1206; x_wconf 82' lang='lat' dir='ltr'>cumque</span> <span class='ocrx_word' id='word_1_397' title='bbox 1386 1158 1492 1193; x_wconf 88' lang='lat' dir='ltr'>liabitu</span> <span class='ocrx_word' id='word_1_398' title='bbox 1508 1170 1562 1193; x_wconf 86' lang='lat' dir='ltr'>eos</span> <span class='ocrx_word' id='word_1_399' title='bbox 1585 1158 1751 1203; x_wconf 83' lang='lat' dir='ltr'>contigerit</span> <span class='ocrx_word' id='word_1_400' title='bbox 1774 1157 1918 1197; x_wconf 91' lang='lat' dir='ltr'>inveniri,</span> <span class='ocrx_word' id='word_1_401' title='bbox 1935 1156 1983 1190; x_wconf 91' lang='lat' dir='ltr'>in-</span> 
     </span>
     <span class='ocr_line' id='line_1_72' title="bbox 1234 1206 1985 1255; baseline -0.004 -12"><span class='ocrx_word' id='word_1_402' title='bbox 1234 1219 1341 1244; x_wconf 72' lang='lat' dir='ltr'>vocato</span> <span class='ocrx_word' id='word_1_403' title='bbox 1363 1209 1401 1244; x_wconf 89' lang='lat' dir='ltr'>ad</span> <span class='ocrx_word' id='word_1_404' title='bbox 1418 1209 1488 1248; x_wconf 87' lang='lat' dir='ltr'>lioc,</span> <span class='ocrx_word' id='word_1_405' title='bbox 1511 1209 1536 1242; x_wconf 91' lang='lat' dir='ltr'>si</span> <span class='ocrx_word' id='word_1_406' title='bbox 1560 1219 1641 1255; x_wconf 89' lang='lat' dir='ltr'>opus</span> <span class='ocrx_word' id='word_1_407' title='bbox 1663 1206 1766 1251; x_wconf 79' lang='lat' dir='ltr'>fuerit,</span> <span class='ocrx_word' id='word_1_408' title='bbox 1785 1206 1900 1242; x_wconf 83' lang='lat' dir='ltr'>auxilio</span> <span class='ocrx_word' id='word_1_409' title='bbox 1919 1206 1985 1241; x_wconf 93' lang='lat' dir='ltr'>bra-</span> 
     </span>
     <span class='ocr_line' id='line_1_73' title="bbox 1233 1258 1502 1294; baseline -0.004 -1"><span class='ocrx_word' id='word_1_410' title='bbox 1233 1260 1294 1294; x_wconf 89' lang='lat' dir='ltr'>cliii</span> <span class='ocrx_word' id='word_1_411' title='bbox 1324 1258 1502 1293; x_wconf 87' lang='lat' dir='ltr'>saecularis.</span> 
     </span>
    </p>

    <p class='ocr_par' dir='ltr' id='par_1_15' title="bbox 1234 1305 1985 1406">
     <span class='ocr_line' id='line_1_74' title="bbox 1283 1305 1983 1352; baseline -0.004 -9"><span class='ocrx_word' id='word_1_412' title='bbox 1283 1315 1297 1352; x_wconf 60' lang='grc' dir='ltr'><strong>ξ</strong></span> <span class='ocrx_word' id='word_1_413' title='bbox 1334 1312 1388 1343; x_wconf 71' lang='lat'>14.</span> <span class='ocrx_word' id='word_1_414' title='bbox 1423 1307 1608 1342; x_wconf 81' lang='lat' dir='ltr'>Inliibemus</span> <span class='ocrx_word' id='word_1_415' title='bbox 1634 1308 1726 1341; x_wconf 79' lang='lat' dir='ltr'>etiam</span> <span class='ocrx_word' id='word_1_416' title='bbox 1746 1334 1753 1346; x_wconf 84' lang='lat'>,</span> <span class='ocrx_word' id='word_1_417' title='bbox 1786 1318 1825 1341; x_wconf 89' lang='lat' dir='ltr'>ne</span> <span class='ocrx_word' id='word_1_418' title='bbox 1858 1305 1983 1345; x_wconf 80' lang='lat' dir='ltr'>fratreS,</span> 
     </span>
     <span class='ocr_line' id='line_1_75' title="bbox 1234 1355 1985 1406; baseline -0.007 -13"><span class='ocrx_word' id='word_1_419' title='bbox 1234 1372 1315 1406; x_wconf 84' lang='lat' dir='ltr'>qnos</span> <span class='ocrx_word' id='word_1_420' title='bbox 1337 1358 1375 1393; x_wconf 87' lang='lat' dir='ltr'>ab</span> <span class='ocrx_word' id='word_1_421' title='bbox 1396 1358 1515 1393; x_wconf 88' lang='lat' dir='ltr'>Ordine</span> <span class='ocrx_word' id='word_1_422' title='bbox 1535 1365 1637 1391; x_wconf 86' lang='lat' dir='ltr'>vestro</span> <span class='ocrx_word' id='word_1_423' title='bbox 1652 1368 1707 1404; x_wconf 91' lang='lat' dir='ltr'>pro</span> <span class='ocrx_word' id='word_1_424' title='bbox 1722 1356 1788 1391; x_wconf 89' lang='lat' dir='ltr'>suis</span> <span class='ocrx_word' id='word_1_425' title='bbox 1810 1355 1912 1402; x_wconf 87' lang='lat' dir='ltr'>culpis</span> <span class='ocrx_word' id='word_1_426' title='bbox 1930 1367 1985 1402; x_wconf 89' lang='lat' dir='ltr'>per</span> 
     </span>
    </p>
   </div>
   <div class='ocr_carea' id='block_1_14' title="bbox 1234 1407 1982 1455">
    <p class='ocr_par' dir='ltr' id='par_1_16' title="bbox 1234 1407 1982 1455">
     <span class='ocr_line' id='line_1_76' title="bbox 1234 1407 1982 1455; baseline -0.008 -12"><span class='ocrx_word' id='word_1_427' title='bbox 1234 1409 1411 1455; x_wconf 79' lang='lat' dir='ltr'>generalem</span> <span class='ocrx_word' id='word_1_428' title='bbox 1435 1420 1489 1442; x_wconf 88' lang='lat' dir='ltr'>seu</span> <span class='ocrx_word' id='word_1_429' title='bbox 1505 1407 1712 1454; x_wconf 80' lang='lat' dir='ltr'>provinciales</span> <span class='ocrx_word' id='word_1_430' title='bbox 1725 1414 1918 1441; x_wconf 86' lang='lat' dir='ltr'>correctores</span> <span class='ocrx_word' id='word_1_431' title='bbox 1933 1414 1982 1440; x_wconf 88' lang='lat' dir='ltr'>aut</span> 
     </span>
    </p>
   </div>
   <div class='ocr_carea' id='block_1_15' title="bbox 1237 1455 2003 2697">
    <p class='ocr_par' dir='ltr' id='par_1_17' title="bbox 1237 1455 1995 2251">
     <span class='ocr_line' id='line_1_77' title="bbox 1238 1455 1984 1505; baseline -0.005 -12"><span class='ocrx_word' id='word_1_432' title='bbox 1238 1459 1345 1505; x_wconf 71' lang='lat' dir='ltr'>vigiles</span> <span class='ocrx_word' id='word_1_433' title='bbox 1367 1458 1479 1504; x_wconf 84' lang='lat' dir='ltr'>expelli</span> <span class='ocrx_word' id='word_1_434' title='bbox 1506 1457 1694 1503; x_wconf 81' lang='lat' dir='ltr'>contigerit,</span> <span class='ocrx_word' id='word_1_435' title='bbox 1718 1455 1764 1490; x_wconf 85' lang='lat' dir='ltr'>vel</span> <span class='ocrx_word' id='word_1_436' title='bbox 1789 1456 1843 1502; x_wconf 91' lang='lat' dir='ltr'>qui</span> <span class='ocrx_word' id='word_1_437' title='bbox 1870 1455 1984 1501; x_wconf 80' lang='lat' dir='ltr'>egressi</span> 
     </span>
     <span class='ocr_line' id='line_1_78' title="bbox 1237 1505 1986 1554; baseline -0.005 -12"><span class='ocrx_word' id='word_1_438' title='bbox 1237 1508 1352 1543; x_wconf 88' lang='lat' dir='ltr'>fuerint</span> <span class='ocrx_word' id='word_1_439' title='bbox 1370 1507 1496 1554; x_wconf 88' lang='lat' dir='ltr'>proprio</span> <span class='ocrx_word' id='word_1_440' title='bbox 1509 1519 1568 1541; x_wconf 89' lang='lat' dir='ltr'>suo</span> <span class='ocrx_word' id='word_1_441' title='bbox 1586 1514 1683 1545; x_wconf 86' lang='lat' dir='ltr'>motu,</span> <span class='ocrx_word' id='word_1_442' title='bbox 1700 1505 1890 1552; x_wconf 80' lang='lat' dir='ltr'>praedicare,</span> <span class='ocrx_word' id='word_1_443' title='bbox 1909 1517 1986 1539; x_wconf 90' lang='lat' dir='ltr'>con-</span> 
     </span>
     <span class='ocr_line' id='line_1_79' title="bbox 1239 1556 1987 1602; baseline -0.005 -10"><span class='ocrx_word' id='word_1_444' title='bbox 1239 1558 1392 1593; x_wconf 82' lang='lat' dir='ltr'>sessiones</span> <span class='ocrx_word' id='word_1_445' title='bbox 1414 1557 1532 1596; x_wconf 84' lang='lat' dir='ltr'>audire,</span> <span class='ocrx_word' id='word_1_446' title='bbox 1555 1568 1611 1590; x_wconf 90' lang='lat' dir='ltr'>seu</span> <span class='ocrx_word' id='word_1_447' title='bbox 1635 1556 1748 1590; x_wconf 87' lang='lat' dir='ltr'>docere</span> <span class='ocrx_word' id='word_1_448' title='bbox 1771 1564 1987 1602; x_wconf 72' lang='lat' dir='ltr'>praesumant,</span> 
     </span>
     <span class='ocr_line' id='line_1_80' title="bbox 1239 1604 1988 1652; baseline -0.005 -10"><span class='ocrx_word' id='word_1_449' title='bbox 1239 1608 1297 1642; x_wconf 93' lang='lat' dir='ltr'>nisi</span> <span class='ocrx_word' id='word_1_450' title='bbox 1327 1607 1363 1641; x_wconf 90' lang='lat' dir='ltr'>ad</span> <span class='ocrx_word' id='word_1_451' title='bbox 1379 1607 1475 1641; x_wconf 87' lang='lat' dir='ltr'>alium</span> <span class='ocrx_word' id='word_1_452' title='bbox 1499 1606 1666 1645; x_wconf 87' lang='lat' dir='ltr'>Ordinem,</span> <span class='ocrx_word' id='word_1_453' title='bbox 1690 1605 1719 1639; x_wconf 90' lang='lat' dir='ltr'>in</span> <span class='ocrx_word' id='word_1_454' title='bbox 1743 1617 1806 1652; x_wconf 87' lang='lat' dir='ltr'>quo</span> <span class='ocrx_word' id='word_1_455' title='bbox 1829 1605 1911 1639; x_wconf 89' lang='lat' dir='ltr'>licite</span> <span class='ocrx_word' id='word_1_456' title='bbox 1927 1604 1988 1638; x_wconf 90' lang='lat' dir='ltr'>hu-</span> 
     </span>
     <span class='ocr_line' id='line_1_81' title="bbox 1240 1654 1989 1699; baseline -0.007 -7"><span class='ocrx_word' id='word_1_457' title='bbox 1240 1658 1375 1693; x_wconf 90' lang='lat' dir='ltr'>iusmodi</span> <span class='ocrx_word' id='word_1_458' title='bbox 1391 1657 1491 1691; x_wconf 85' lang='lat' dir='ltr'>ollicia</span> <span class='ocrx_word' id='word_1_459' title='bbox 1515 1664 1714 1699; x_wconf 77' lang='lat' dir='ltr'>exercentur,</span> <span class='ocrx_word' id='word_1_460' title='bbox 1736 1655 1928 1694; x_wconf 86' lang='lat' dir='ltr'>transierint,</span> <span class='ocrx_word' id='word_1_461' title='bbox 1950 1654 1989 1688; x_wconf 79' lang='lat' dir='ltr'>de</span> 
     </span>
     <span class='ocr_line' id='line_1_82' title="bbox 1241 1704 1988 1743; baseline -0.005 -1"><span class='ocrx_word' id='word_1_462' title='bbox 1241 1717 1339 1743; x_wconf 84' lang='lat' dir='ltr'>vestra</span> <span class='ocrx_word' id='word_1_463' title='bbox 1364 1708 1409 1741; x_wconf 75' lang='lat' dir='ltr'>vel</span> <span class='ocrx_word' id='word_1_464' title='bbox 1437 1707 1592 1741; x_wconf 90' lang='lat' dir='ltr'>dictorum</span> <span class='ocrx_word' id='word_1_465' title='bbox 1621 1713 1835 1740; x_wconf 87' lang='lat' dir='ltr'>correctorum</span> <span class='ocrx_word' id='word_1_466' title='bbox 1864 1704 1988 1739; x_wconf 83' lang='lat' dir='ltr'>licentia</span> 
     </span>
     <span class='ocr_line' id='line_1_83' title="bbox 1240 1754 1991 1806; baseline -0.005 -14"><span class='ocrx_word' id='word_1_467' title='bbox 1240 1758 1379 1806; x_wconf 84' lang='lat' dir='ltr'>speciali.</span> <span class='ocrx_word' id='word_1_468' title='bbox 1404 1756 1496 1799; x_wconf 78' lang='lat' dir='ltr'>Quod</span> <span class='ocrx_word' id='word_1_469' title='bbox 1519 1757 1545 1790; x_wconf 92' lang='lat' dir='ltr'>si</span> <span class='ocrx_word' id='word_1_470' title='bbox 1573 1756 1651 1790; x_wconf 85' lang='lat' dir='ltr'>forte</span> <span class='ocrx_word' id='word_1_471' title='bbox 1674 1755 1733 1802; x_wconf 91' lang='lat' dir='ltr'>ipsi</span> <span class='ocrx_word' id='word_1_472' title='bbox 1755 1763 1862 1789; x_wconf 88' lang='lat' dir='ltr'>eontra</span> <span class='ocrx_word' id='word_1_473' title='bbox 1877 1754 1991 1789; x_wconf 84' lang='lat' dir='ltr'>liuius-</span> 
     </span>
     <span class='ocr_line' id='line_1_84' title="bbox 1242 1804 1992 1851; baseline -0.007 -9"><span class='ocrx_word' id='word_1_474' title='bbox 1242 1807 1325 1842; x_wconf 89' lang='lat' dir='ltr'>modi</span> <span class='ocrx_word' id='word_1_475' title='bbox 1350 1807 1572 1841; x_wconf 83' lang='lat' dir='ltr'>inhibitionem</span> <span class='ocrx_word' id='word_1_476' title='bbox 1597 1813 1735 1839; x_wconf 87' lang='lat' dir='ltr'>nostram</span> <span class='ocrx_word' id='word_1_477' title='bbox 1752 1804 1881 1851; x_wconf 83' lang='lat' dir='ltr'>aliquod</span> <span class='ocrx_word' id='word_1_478' title='bbox 1897 1816 1992 1850; x_wconf 91' lang='lat' dir='ltr'>super</span> 
     </span>
     <span class='ocr_line' id='line_1_85' title="bbox 1243 1857 1991 1905; baseline -0.004 -15"><span class='ocrx_word' id='word_1_479' title='bbox 1243 1857 1421 1905; x_wconf 86' lang='lat' dir='ltr'>praemissis</span> <span class='ocrx_word' id='word_1_480' title='bbox 1449 1864 1567 1898; x_wconf 77' lang='lat' dir='ltr'>temere</span> <span class='ocrx_word' id='word_1_481' title='bbox 1594 1863 1745 1889; x_wconf 88' lang='lat' dir='ltr'>attentare</span> <span class='ocrx_word' id='word_1_482' title='bbox 1769 1865 1991 1902; x_wconf 83' lang='lat' dir='ltr'>praesumpse-</span> 
     </span>
     <span class='ocr_line' id='line_1_86' title="bbox 1243 1904 1993 1954; baseline -0.007 -12"><span class='ocrx_word' id='word_1_483' title='bbox 1243 1908 1314 1951; x_wconf 78' lang='lat' dir='ltr'>rint,</span> <span class='ocrx_word' id='word_1_484' title='bbox 1340 1905 1547 1954; x_wconf 81' lang='lat' dir='ltr'>provinciales</span> <span class='ocrx_word' id='word_1_485' title='bbox 1569 1913 1762 1939; x_wconf 87' lang='lat' dir='ltr'>correctores</span> <span class='ocrx_word' id='word_1_486' title='bbox 1784 1912 1814 1938; x_wconf 89' lang='lat' dir='ltr'>et</span> <span class='ocrx_word' id='word_1_487' title='bbox 1837 1904 1944 1950; x_wconf 82' lang='lat' dir='ltr'>vigiles</span> <span class='ocrx_word' id='word_1_488' title='bbox 1958 1915 1993 1937; x_wconf 88' lang='lat' dir='ltr'>ac</span> 
     </span>
     <span class='ocr_line' id='line_1_87' title="bbox 1243 1953 1995 2000; baseline -0.007 -9"><span class='ocrx_word' id='word_1_489' title='bbox 1243 1969 1352 1992; x_wconf 90' lang='lat' dir='ltr'>corum</span> <span class='ocrx_word' id='word_1_490' title='bbox 1384 1955 1488 1990; x_wconf 82' lang='lat' dir='ltr'>vicarii</span> <span class='ocrx_word' id='word_1_491' title='bbox 1520 1955 1549 1989; x_wconf 90' lang='lat' dir='ltr'>in</span> <span class='ocrx_word' id='word_1_492' title='bbox 1582 1953 1675 1998; x_wconf 72' lang='lat' dir='ltr'>illos,</span> <span class='ocrx_word' id='word_1_493' title='bbox 1698 1966 1777 2000; x_wconf 91' lang='lat' dir='ltr'>quos</span> <span class='ocrx_word' id='word_1_494' title='bbox 1811 1954 1889 1988; x_wconf 85' lang='lat' dir='ltr'>infra</span> <span class='ocrx_word' id='word_1_495' title='bbox 1915 1953 1995 1987; x_wconf 78' lang='lat' dir='ltr'>fines</span> 
     </span>
     <span class='ocr_line' id='line_1_88' title="bbox 1244 2002 1995 2052; baseline -0.005 -11"><span class='ocrx_word' id='word_1_496' title='bbox 1244 2018 1370 2041; x_wconf 86' lang='lat' dir='ltr'>suarum</span> <span class='ocrx_word' id='word_1_497' title='bbox 1397 2005 1626 2052; x_wconf 76' lang='lat' dir='ltr'>provinciarum</span> <span class='ocrx_word' id='word_1_498' title='bbox 1649 2031 1656 2044; x_wconf 86' lang='lat'>,</span> <span class='ocrx_word' id='word_1_499' title='bbox 1680 2004 1763 2038; x_wconf 80' lang='lat' dir='ltr'>iuxta</span> <span class='ocrx_word' id='word_1_500' title='bbox 1787 2002 1995 2038; x_wconf 87' lang='lat' dir='ltr'>consuetudi-</span> 
     </span>
     <span class='ocr_line' id='line_1_89' title="bbox 1246 2052 1995 2098; baseline -0.005 -8"><span class='ocrx_word' id='word_1_501' title='bbox 1246 2069 1316 2090; x_wconf 77' lang='lat' dir='ltr'>nem</span> <span class='ocrx_word' id='word_1_502' title='bbox 1341 2055 1470 2090; x_wconf 90' lang='lat' dir='ltr'>Ordinis</span> <span class='ocrx_word' id='word_1_503' title='bbox 1493 2054 1608 2098; x_wconf 75' lang='lat' dir='ltr'>vestri,</span> <span class='ocrx_word' id='word_1_504' title='bbox 1630 2053 1796 2088; x_wconf 84' lang='lat' dir='ltr'>distractos</span> <span class='ocrx_word' id='word_1_505' title='bbox 1820 2052 1995 2087; x_wconf 85' lang='lat' dir='ltr'>invenerint</span> 
     </span>
     <span class='ocr_line' id='line_1_90' title="bbox 1247 2102 1994 2152; baseline -0.005 -12"><span class='ocrx_word' id='word_1_506' title='bbox 1247 2106 1316 2141; x_wconf 86' lang='lat' dir='ltr'>talia</span> <span class='ocrx_word' id='word_1_507' title='bbox 1341 2112 1578 2152; x_wconf 82' lang='lat' dir='ltr'>praesumentes</span> <span class='ocrx_word' id='word_1_508' title='bbox 1598 2103 1784 2148; x_wconf 82' lang='lat' dir='ltr'>(monitione</span> <span class='ocrx_word' id='word_1_509' title='bbox 1803 2102 1994 2150; x_wconf 87' lang='lat' dir='ltr'>praemissa),</span> 
     </span>
     <span class='ocr_line' id='line_1_91' title="bbox 1246 2161 1995 2191; baseline -0.005 -1"><span class='ocrx_word' id='word_1_510' title='bbox 1246 2163 1428 2191; x_wconf 87' lang='lat' dir='ltr'>anctoritate</span> <span class='ocrx_word' id='word_1_511' title='bbox 1442 2163 1558 2191; x_wconf 82' lang='lat' dir='ltr'>nostra.</span> <span class='ocrx_word' id='word_1_512' title='bbox 1574 2161 1914 2188; x_wconf 84' lang='lat' dir='ltr'>excommunicationis</span> <span class='ocrx_word' id='word_1_513' title='bbox 1927 2164 1995 2187; x_wconf 89' lang='lat' dir='ltr'>sen-</span> 
     </span>
     <span class='ocr_line' id='line_1_92' title="bbox 1248 2203 1755 2251; baseline -0.006 -11"><span class='ocrx_word' id='word_1_514' title='bbox 1248 2206 1375 2240; x_wconf 88' lang='lat' dir='ltr'>tentiam</span> <span class='ocrx_word' id='word_1_515' title='bbox 1400 2204 1520 2239; x_wconf 73' lang='lat' dir='ltr'>valeant</span> <span class='ocrx_word' id='word_1_516' title='bbox 1544 2203 1755 2251; x_wconf 82' lang='lat' dir='ltr'>promulgare.</span> 
     </span>
    </p>

    <p class='ocr_par' dir='ltr' id='par_1_18' title="bbox 1249 2251 2003 2697">
     <span class='ocr_line' id='line_1_93' title="bbox 1296 2251 1997 2298; baseline -0.007 -9"><span class='ocrx_word' id='word_1_517' title='bbox 1296 2261 1311 2298; x_wconf 55' lang='grc' dir='ltr'>ὲ·</span> <span class='ocrx_word' id='word_1_518' title='bbox 1342 2256 1396 2289; x_wconf 79' lang='grc'>15.</span> <span class='ocrx_word' id='word_1_519' title='bbox 1425 2254 1549 2289; x_wconf 83' lang='lat' dir='ltr'>Eiectos</span> <span class='ocrx_word' id='word_1_520' title='bbox 1573 2261 1676 2288; x_wconf 88' lang='lat' dir='ltr'>autem</span> <span class='ocrx_word' id='word_1_521' title='bbox 1699 2252 1738 2286; x_wconf 90' lang='lat' dir='ltr'>de</span> <span class='ocrx_word' id='word_1_522' title='bbox 1760 2251 1881 2287; x_wconf 88' lang='lat' dir='ltr'>Ordine</span> <span class='ocrx_word' id='word_1_523' title='bbox 1896 2259 1997 2287; x_wconf 85' lang='lat' dir='ltr'>vestro</span> 
     </span>
     <span class='ocr_line' id='line_1_94' title="bbox 1250 2300 1997 2352; baseline -0.005 -13"><span class='ocrx_word' id='word_1_524' title='bbox 1250 2305 1296 2340; x_wconf 86' lang='lat' dir='ltr'>vel</span> <span class='ocrx_word' id='word_1_525' title='bbox 1312 2316 1469 2352; x_wconf 79' lang='lat' dir='ltr'>egressos,</span> <span class='ocrx_word' id='word_1_526' title='bbox 1491 2305 1543 2351; x_wconf 90' lang='lat' dir='ltr'>qui</span> <span class='ocrx_word' id='word_1_527' title='bbox 1569 2303 1748 2350; x_wconf 87' lang='lat' dir='ltr'>receptione</span> <span class='ocrx_word' id='word_1_528' title='bbox 1768 2304 1797 2337; x_wconf 89' lang='lat' dir='ltr'>in</span> <span class='ocrx_word' id='word_1_529' title='bbox 1817 2302 1927 2336; x_wconf 87' lang='lat' dir='ltr'>eodem</span> <span class='ocrx_word' id='word_1_530' title='bbox 1944 2300 1997 2335; x_wconf 91' lang='lat' dir='ltr'>Or·</span> 
     </span>
     <span class='ocr_line' id='line_1_95' title="bbox 1249 2350 1999 2401; baseline -0.007 -12"><span class='ocrx_word' id='word_1_531' title='bbox 1249 2355 1335 2394; x_wconf 82' lang='lat' dir='ltr'>dine,</span> <span class='ocrx_word' id='word_1_532' title='bbox 1358 2355 1424 2389; x_wconf 92' lang='lat' dir='ltr'>suis</span> <span class='ocrx_word' id='word_1_533' title='bbox 1439 2354 1541 2401; x_wconf 89' lang='lat' dir='ltr'>culpis</span> <span class='ocrx_word' id='word_1_534' title='bbox 1558 2351 1771 2399; x_wconf 76' lang='lat' dir='ltr'>exigentibus,</span> <span class='ocrx_word' id='word_1_535' title='bbox 1795 2350 1999 2386; x_wconf 78' lang='lat' dir='ltr'>reddiderunt</span> 
     </span>
     <span class='ocr_line' id='line_1_96' title="bbox 1250 2400 1999 2450; baseline -0.007 -11"><span class='ocrx_word' id='word_1_536' title='bbox 1250 2418 1283 2439; x_wconf 88' lang='lat' dir='ltr'>se</span> <span class='ocrx_word' id='word_1_537' title='bbox 1312 2405 1470 2450; x_wconf 74' lang='lat' dir='ltr'>indignos,</span> <span class='ocrx_word' id='word_1_538' title='bbox 1492 2413 1521 2439; x_wconf 90' lang='lat' dir='ltr'>et</span> <span class='ocrx_word' id='word_1_539' title='bbox 1538 2403 1616 2438; x_wconf 87' lang='lat' dir='ltr'>alios</span> <span class='ocrx_word' id='word_1_540' title='bbox 1643 2401 1752 2436; x_wconf 86' lang='lat' dir='ltr'>fratres</span> <span class='ocrx_word' id='word_1_541' title='bbox 1773 2401 1917 2437; x_wconf 89' lang='lat' dir='ltr'>eiusdem</span> <span class='ocrx_word' id='word_1_542' title='bbox 1935 2400 1999 2435; x_wconf 92' lang='lat' dir='ltr'>Or-</span> 
     </span>
     <span class='ocr_line' id='line_1_97' title="bbox 1251 2452 1999 2498; baseline -0.007 -9"><span class='ocrx_word' id='word_1_543' title='bbox 1251 2455 1344 2495; x_wconf 91' lang='lat' dir='ltr'>dinis,</span> <span class='ocrx_word' id='word_1_544' title='bbox 1360 2467 1396 2488; x_wconf 84' lang='lat' dir='ltr'>ex</span> <span class='ocrx_word' id='word_1_545' title='bbox 1415 2453 1590 2488; x_wconf 87' lang='lat' dir='ltr'>rationabili</span> <span class='ocrx_word' id='word_1_546' title='bbox 1605 2463 1710 2495; x_wconf 84' lang='lat' dir='ltr'>causa,</span> <span class='ocrx_word' id='word_1_547' title='bbox 1730 2452 1766 2486; x_wconf 90' lang='lat' dir='ltr'>ad</span> <span class='ocrx_word' id='word_1_548' title='bbox 1782 2462 1999 2498; x_wconf 85' lang='lat' dir='ltr'>quoscumque</span> 
     </span>
     <span class='ocr_line' id='line_1_98' title="bbox 1252 2499 1998 2550; baseline -0.009 -11"><span class='ocrx_word' id='word_1_549' title='bbox 1252 2504 1390 2539; x_wconf 90' lang='lat' dir='ltr'>Ordines</span> <span class='ocrx_word' id='word_1_550' title='bbox 1417 2503 1630 2550; x_wconf 78' lang='lat' dir='ltr'>approbatos,</span> <span class='ocrx_word' id='word_1_551' title='bbox 1654 2510 1872 2548; x_wconf 78' lang='lat' dir='ltr'>praeterquam</span> <span class='ocrx_word' id='word_1_552' title='bbox 1900 2499 1938 2535; x_wconf 89' lang='lat' dir='ltr'>ad</span> <span class='ocrx_word' id='word_1_553' title='bbox 1962 2499 1998 2533; x_wconf 88' lang='lat' dir='ltr'>B.</span> 
     </span>
     <span class='ocr_line' id='line_1_99' title="bbox 1253 2550 1999 2600; baseline -0.009 -11"><span class='ocrx_word' id='word_1_554' title='bbox 1253 2552 1706 2600; x_wconf 77' lang='lat' dir='ltr'>Augustini,Templariorum,</span> <span class='ocrx_word' id='word_1_555' title='bbox 1718 2550 1999 2598; x_wconf 82' lang='lat' dir='ltr'>Hospitalariorum</span> 
     </span>
     <span class='ocr_line' id='line_1_100' title="bbox 1254 2599 2001 2649; baseline -0.008 -11"><span class='ocrx_word' id='word_1_556' title='bbox 1254 2612 1284 2638; x_wconf 90' lang='lat' dir='ltr'>et</span> <span class='ocrx_word' id='word_1_557' title='bbox 1305 2604 1438 2639; x_wconf 92' lang='lat' dir='ltr'>aliorum</span> <span class='ocrx_word' id='word_1_558' title='bbox 1455 2603 1673 2649; x_wconf 77' lang='lat' dir='ltr'>religiosorum</span> <span class='ocrx_word' id='word_1_559' title='bbox 1689 2613 1774 2636; x_wconf 87' lang='lat' dir='ltr'>arma</span> <span class='ocrx_word' id='word_1_560' title='bbox 1799 2599 2001 2647; x_wconf 77' lang='lat' dir='ltr'>portantium,</span> 
     </span>
     <span class='ocr_line' id='line_1_101' title="bbox 1255 2649 2003 2697; baseline -0.005 -10"><span class='ocrx_word' id='word_1_561' title='bbox 1255 2654 1292 2688; x_wconf 81' lang='lat' dir='ltr'>ad</span> <span class='ocrx_word' id='word_1_562' title='bbox 1317 2654 1471 2689; x_wconf 85' lang='lat' dir='ltr'>vitandam</span> <span class='ocrx_word' id='word_1_563' title='bbox 1499 2652 1697 2688; x_wconf 84' lang='lat' dir='ltr'>occasionem</span> <span class='ocrx_word' id='word_1_564' title='bbox 1725 2649 1888 2697; x_wconf 77' lang='lat' dir='ltr'>evagandi,</span> <span class='ocrx_word' id='word_1_565' title='bbox 1910 2660 2003 2696; x_wconf 83' lang='lat' dir='ltr'>genc—</span> 
     </span>
    </p>
   </div>
   <div class='ocr_carea' id='block_1_16' title="bbox 2000 1314 2184 1466">
    <p class='ocr_par' dir='ltr' id='par_1_19' title="bbox 2013 1314 2182 1342">
     <span class='ocr_line' id='line_1_102' title="bbox 2013 1314 2182 1342; baseline -0.006 -7"><span class='ocrx_word' id='word_1_566' title='bbox 2013 1314 2096 1342; x_wconf 69' lang='lat' dir='ltr'>lixpulsi</span> <span class='ocrx_word' id='word_1_567' title='bbox 2110 1314 2134 1334; x_wconf 84' lang='lat' dir='ltr'>ab</span> <span class='ocrx_word' id='word_1_568' title='bbox 2145 1314 2182 1334; x_wconf 85' lang='lat' dir='ltr'>Or-</span> 
     </span>
    </p>

    <p class='ocr_par' dir='ltr' id='par_1_20' title="bbox 2000 1346 2184 1466">
     <span class='ocr_line' id='line_1_103' title="bbox 2000 1346 2183 1373; baseline -0.011 -7"><span class='ocrx_word' id='word_1_569' title='bbox 2000 1348 2056 1371; x_wconf 73' lang='lat' dir='ltr'>dine,</span> <span class='ocrx_word' id='word_1_570' title='bbox 2073 1346 2183 1373; x_wconf 77' lang='lat' dir='ltr'>praedira-</span> 
     </span>
     <span class='ocr_line' id='line_1_104' title="bbox 2001 1377 2183 1402; baseline -0.016 -5"><span class='ocrx_word' id='word_1_571' title='bbox 2001 1385 2031 1402; x_wconf 71' lang='grc' dir='ltr'>ιν,</span> <span class='ocrx_word' id='word_1_572' title='bbox 2041 1377 2133 1397; x_wconf 67' lang='lat' dir='ltr'>confess.</span> <span class='ocrx_word' id='word_1_573' title='bbox 2150 1382 2183 1395; x_wconf 70' lang='lat' dir='ltr'>au-</span> 
     </span>
     <span class='ocr_line' id='line_1_105' title="bbox 2002 1409 2184 1429; baseline -0.005 -1"><span class='ocrx_word' id='word_1_574' title='bbox 2002 1410 2046 1429; x_wconf 73' lang='lat' dir='ltr'>dire</span> <span class='ocrx_word' id='word_1_575' title='bbox 2060 1411 2094 1428; x_wconf 69' lang='lat' dir='ltr'>aut</span> <span class='ocrx_word' id='word_1_576' title='bbox 2106 1409 2184 1429; x_wconf 66' lang='lat' dir='ltr'>dovere</span> 
     </span>
     <span class='ocr_line' id='line_1_106' title="bbox 2002 1441 2150 1466; baseline -0.014 -6"><span class='ocrx_word' id='word_1_577' title='bbox 2002 1447 2012 1460; x_wconf 77' lang='grc' dir='ltr'>ιι</span> <span class='ocrx_word' id='word_1_578' title='bbox 2024 1447 2042 1460; x_wconf 77' lang='grc' dir='ltr'>ιιι</span> <span class='ocrx_word' id='word_1_579' title='bbox 2059 1441 2150 1466; x_wconf 62' lang='lat' dir='ltr'>possinh</span> 
     </span>
    </p>
   </div>
   <div class='ocr_carea' id='block_1_17' title="bbox 2014 2266 2196 2356">
    <p class='ocr_par' dir='ltr' id='par_1_21' title="bbox 2014 2266 2196 2356">
     <span class='ocr_line' id='line_1_107' title="bbox 2036 2266 2196 2288; baseline -0.019 0"><span class='ocrx_word' id='word_1_580' title='bbox 2036 2267 2059 2288; x_wconf 78' lang='grc' dir='ltr'>ΕΙ,</span> <span class='ocrx_word' id='word_1_581' title='bbox 2083 2267 2107 2287; x_wconf 75' lang='lat' dir='ltr'>ad</span> <span class='ocrx_word' id='word_1_582' title='bbox 2134 2266 2196 2286; x_wconf 77' lang='lat' dir='ltr'>atium</span> 
     </span>
     <span class='ocr_line' id='line_1_108' title="bbox 2014 2297 2196 2323; baseline -0.022 -4"><span class='ocrx_word' id='word_1_583' title='bbox 2014 2300 2100 2323; x_wconf 60' lang='lat' dir='ltr'>(edim,</span> <span class='ocrx_word' id='word_1_584' title='bbox 2117 2301 2138 2317; x_wconf 85' lang='lat' dir='ltr'>nt</span> <span class='ocrx_word' id='word_1_585' title='bbox 2155 2297 2196 2321; x_wconf 69' lang='lat' dir='ltr'>inv,</span> 
     </span>
     <span class='ocr_line' id='line_1_109' title="bbox 2015 2329 2195 2356; baseline -0.022 -5"><span class='ocrx_word' id='word_1_586' title='bbox 2015 2330 2087 2351; x_wconf 62' lang='lat' dir='ltr'>transi.</span> <span class='ocrx_word' id='word_1_587' title='bbox 2107 2329 2195 2356; x_wconf 77' lang='lat' dir='ltr'>possint.</span> 
     </span>
    </p>
   </div>
  </div>
 </body>
</html>
