2281 3251
225 249 262 275 An
291 249 319 274 C.
336 248 400 275 11170

245 758 324 779 ”niun
356 759 406 778 Ale-

224 793 308 814 tandm,
323 792 406 815 :elimo-

273 829 282 840 ι·
304 822 406 842 munt-ties

225 856 337 874 destitutae
359 856 406 873 sunt

223 889 347 911 1=pport=in==
373 884 406 904 la-

223 915 335 936 ruitantia«
348 916 372 935 ad
383 921 406 935 se

224 947 404 967 ‹ub-tenundum.

223 978 281 1000 ltine,
291 978 407 998 tomman-

223 1013 242 1029 tt·
252 1012 350 1033 magistro
359 1010 407 1029 hus-

224 1041 293 1067 pilults
308 1040 328 1058 5,
343 1039 407 1060 lonn-

224 1078 255 1090 ιικ
282 1070 407 1098 lherosoli-

223 1105 307 1124 mitani.

247 2159 324 2179 Yornm
355 2159 408 2179 hune

225 2191 298 2211 onim.
325 2191 410 2216 stippri—

227 2226 260 2242 mit
278 2221 381 2242 l'ontilet⁴

470 238 539 270 272

422 303 474 338 riis
513 303 740 351 professionem
769 303 948 338 huiusmodi
980 303 1169 343 emitterent,

423 365 543 388 necnon
574 353 796 400 pugnantibus,
820 353 970 387 ministris
986 361 1015 387 et
1038 353 1169 387 servito-

422 403 509 438 ribus
545 403 708 450 praedictis
737 402 905 450 plenariam
943 402 1168 448 indulgentiam

421 462 451 488 et
475 454 690 488 remissionem
710 454 852 486 omnium
878 460 1076 499 peccatorum
1101 465 1169 486 suo-

421 516 503 546 rnm,
527 503 556 537 in
580 502 677 537 forma
706 502 863 537 Ecclesiae
890 510 1052 541 consueta,
1073 502 1169 536 semel

423 553 452 587 in
477 553 535 587 vita
558 560 588 587 et
611 553 640 586 in
670 552 780 586 mortis
806 550 936 585 articulo
958 551 1078 598 elargiri
1115 563 1171 585 cn-

422 602 568 640 ravimus,
594 610 684 648 prout
716 602 745 635 in
775 601 890 635 nostris
917 600 988 635 inde
1020 601 1170 636 confectis

423 652 519 687 literis
548 651 671 698 plenius
692 651 878 686 continetur.

470 702 490 749 g
512 705 544 736 4.
568 699 649 735 Cum
678 709 795 741 autern,
817 701 898 735 sicnt
922 712 1023 747 nuper
1046 700 1171 746 accepi-

423 764 504 790 mus,
528 762 679 798 personae
707 750 868 798 utriusque
890 762 995 789 sexus,
1017 763 1109 798 quae,
1128 750 1170 783 li—

422 809 558 836 tei·arum
575 800 804 847 praedictarum
829 807 991 847 pirctextu,
1014 802 1044 836 in
1064 801 1171 835 fratres

421 861 453 886 ct
493 862 616 884 sorores
655 849 757 885 dictae
795 849 992 884 Alexandrae
1027 857 1170 897 receptae

422 901 559 944 suerunt,
579 908 608 934 et
633 899 858 947 professionem
882 899 1053 934 emiserunt
1076 909 1171 934 ante—

421 950 547 990 dictam,
570 949 652 984 dicta
680 949 857 984 Alexandra
882 950 939 983 iani
969 950 1029 984 vita
1053 950 1170 992 functa,

421 999 608 1047 opportunis
630 998 669 1033 ad
693 999 836 1046 religiose
857 1007 887 1034 et
910 999 1040 1034 honeste
1065 1000 1171 1033 viren-

420 1050 496 1084 dum
521 1049 770 1084 habitationibus
791 1058 821 1084 et
843 1049 1006 1089 clausuris,
1022 1062 1057 1083 ac
1081 1049 1170 1084 sacul-

421 1099 537 1134 tatibus
572 1111 628 1146 pro
657 1110 763 1133 earum
792 1099 914 1134 decenti
943 1098 1170 1134 sustentatione

421 1157 576 1189 carentes,
593 1160 674 1192 earn,
696 1160 790 1195 quam
805 1149 893 1183 decet
917 1148 1080 1195 religiosas
1100 1160 1171 1195 per—

421 1211 526 1237 sonas,
548 1198 772 1245 exemplarem,
799 1199 866 1233 Deo
893 1207 1012 1244 gratam
1035 1206 1065 1233 et
1087 1198 1169 1245 apud

421 1248 567 1283 homines
602 1247 884 1283 commendabilem
927 1248 1018 1283 vitam
1054 1247 1170 1283 ducere

421 1298 586 1333 commode
611 1307 781 1345 nequeant·
808 1298 915 1340 immo,
939 1305 971 1332 ut
998 1298 1169 1353 plurimum

421 1360 456 1383 ex
473 1347 589 1383 Christi
614 1347 755 1382 fidelium
773 1347 833 1394 piis
847 1347 1013 1402 suffragiis,
1034 1359 1089 1394 pro
1104 1360 1172 1394 qui-

421 1397 480 1432 bus
504 1396 668 1437 habendis,
698 1397 970 1444 quaestuarioium
995 1409 1093 1441 more,
1118 1410 1172 1443 pei

421 1447 542 1482 diversa
564 1447 630 1482 loca
654 1446 845 1491 discurrunt,
872 1459 905 1481 sc
927 1454 1115 1487 sustentent3
1142 1456 1170 1481 et

423 1496 545 1532 illorum
574 1496 669 1532 modo
697 1496 818 1531 vivendi
846 1496 940 1531 divini
965 1497 1070 1531 cultus
1092 1508 1171 1542 aug-

422 1554 563 1582 mentum
599 1559 670 1582 cum
698 1547 875 1581 animarum
909 1546 1008 1580 salute
1042 1546 1171 1580 minime

423 1597 595 1644 proveniat,
631 1604 661 1631 ut
684 1595 889 1643 sperabamus
917 1604 1059 1643 tempore
1082 1595 1171 1630 datae

423 1647 582 1682 literarum
607 1646 848 1693 praedictarum;
872 1646 967 1680 immo
989 1658 1027 1680 ex
1050 1645 1170 1680 illarum

422 1696 544 1731 vivendi
569 1697 628 1731 ritu
648 1705 675 1730 et
701 1695 794 1730 modo
810 1695 1004 1737 huiusmodi,
1028 1707 1172 1730 murmu-

422 1747 559 1781 rationes
578 1754 606 1780 et
628 1746 773 1781 scandala
790 1757 938 1792 persaepe
962 1746 990 1779 in
1015 1745 1173 1780 mentibus

424 1795 562 1830 lidelium
585 1796 777 1836 exoriantur,
805 1803 834 1830 et
861 1795 966 1830 dilecti
997 1795 1049 1829 lilii
1079 1796 1174 1841 magi-

422 1855 485 1880 ster
511 1854 542 1879 et
564 1845 672 1879 fratres
695 1844 855 1891 hospitalis
883 1844 1032 1900 praedicti
1061 1844 1173 1879 huius-

424 1895 508 1930 modi
532 1906 633 1930 novae
666 1893 841 1941 Religionis
876 1895 1081 1936 institutione,
1114 1894 1173 1928 snb

425 1945 620 1980 invocatione
642 1944 769 1992 praefati
795 1944 893 1979 sancti
911 1957 981 1979 cum
1006 1944 1174 1991 privilegiis

423 1994 606 2030 corumdem
631 1993 929 2038 communicatione,
951 2006 1051 2041 aequo
1068 1995 1174 2029 animo

425 2044 558 2080 tolerare
580 2052 755 2092 nequeant:

473 2104 488 2143 ἕ
516 2101 547 2134 5.
584 2098 665 2138 Νο5,
698 2098 750 2145 qui
780 2098 955 2133 animarum
986 2098 1117 2133 salntem
1146 2106 1173 2132 et

425 2155 561 2201 quietem
588 2152 770 2200 quaerimus
791 2151 1001 2199 singulorum,
1017 2164 1174 2199 persona-

427 2221 495 2243 rum
520 2208 748 2255 praedictarum
766 2207 859 2243 statui
882 2206 1048 2242 consulere
1072 2208 1175 2242 volen-

427 2270 578 2308 tes,etne
599 2262 692 2310 aliqui
709 2274 747 2297 ex
760 2262 882 2297 illarum
907 2262 965 2296 vita
992 2261 1173 2296 huiusmodi

425 2315 689 2360 scandalizentur,
713 2315 877 2363 providere
902 2315 1052 2360 volentes,
1079 2324 1111 2349 nt
1135 2324 1174 2349 to-

428 2383 538 2406 nemur
553 2398 562 2415 ,
586 2378 671 2405 motu
709 2371 859 2418 proprio,
894 2382 956 2405 non
979 2370 1017 2404 ad
1040 2369 1175 2404 alicuius

428 2425 518 2460 nobis
540 2437 635 2469 super
657 2424 717 2459 hoc
744 2424 865 2460 oblatae
888 2423 1047 2472 petitionis
1062 2424 1176 2459 instan-

429 2480 515 2524 tiam,
536 2479 591 2514 sed
607 2478 646 2513 dc
665 2487 768 2514 nostra
788 2491 874 2514 mera
897 2478 1122 2513 deliberatione
1146 2487 1174 2512 et

427 2547 463 2569 ex
499 2542 581 2570 certa
614 2541 717 2569 nostra
753 2534 884 2569 scicntia
915 2533 1020 2568 literas
1055 2540 1176 2567 nostras

429 2587 600 2635 praedictas
621 2599 656 2622 ac
674 2588 779 2623 omnia
796 2596 827 2623 et
849 2587 970 2635 singula
985 2587 1014 2622 in
1031 2587 1090 2621 illis
1104 2599 1175 2622 con-

428 2651 522 2688 tenta,
547 2641 730 2678 auctoritate
753 2642 935 2690 apostolica,
958 2642 1173 2690 praesentium

1007 248 1190 271 tst'tssAtttmt
1215 247 1373 270 ssOMANt'M

1212 312 1317 337 tenore
1353 313 1553 338 revocamus:
1578 310 1777 348 erectamque
1809 313 1864 348 per
1891 299 1957 335 illas

1212 364 1322 387 novam
1347 351 1560 398 Religionem,
1588 363 1642 386 sen
1666 350 1792 386 vivendi
1817 350 1956 394 modum,

1211 414 1247 435 nc
1265 402 1451 437 monasteria
1468 401 1624 448 praedicta
1640 401 1766 448 penitus
1784 409 1812 436 et
1828 400 1956 435 omnino

1211 451 1441 499 supprimimus
1460 459 1489 485 et
1511 451 1733 498 extinguimus.

1260 501 1338 547 St».
1371 501 1417 535 Ac
1441 501 1584 535 volumus
1598 479 1707 548 equod
1743 511 1895 548 personae
1929 500 1956 534 in

1212 551 1321 585 eadem
1357 551 1401 585 sic
1425 550 1591 597 Religione
1621 558 1782 597 receptae,
1803 549 1988 599 siquidem

1212 600 1287 634 dum
1300 600 1343 634 sic
1355 609 1498 646 receptae
1499 577 1652 643 eluerunt,
1669 600 1698 634 in
1717 599 1822 646 aliquo
1839 598 1959 633 Ordine

1214 662 1269 697 per
1287 649 1403 684 Sedem
1418 649 1631 696 Apostolicam
1646 648 1818 696 approbato
1844 648 1960 695 profes·

1212 700 1332 734 sionem
1356 699 1537 743 emiserant,
1554 698 1591 733 ad
1615 698 1685 733 illos
1708 698 1819 739 redire,
1847 698 1872 732 si
1889 710 1960 733 vero

1212 749 1347 784 alicuius
1368 749 1499 783 Ordinis
1517 748 1709 796 professores
1725 760 1785 782 non
1809 755 1907 788 erant,
1923 749 1959 782 ad

1212 799 1345 847 aliquem
1369 810 1407 833 ex
1435 798 1552 833 eisdem
1576 798 1756 846 approbatis
1773 797 1959 836 Ordinibus.

1214 849 1243 882 in
1266 861 1328 896 quo
1364 848 1532 883 benevolos
1565 848 1740 883 invenerint
1768 855 1960 894 receptores,

1214 898 1290 933 infra
1306 910 1458 938 mensem,
1475 906 1641 946 postquam
1660 897 1956 944 praesentesliterae

1214 956 1336 983 nostrae
1367 948 1397 982 in
1425 948 1619 983 Cancellaria
1646 947 1827 995 Apostolica
1852 946 1958 994 publi—

1212 1007 1298 1033 catae
1315 998 1442 1042 suerint,
1457 1011 1490 1032 se
1506 997 1672 1033 transferre
1689 997 1818 1032 omnino
1834 1004 1958 1032 tenean-

1213 1056 1275 1092 tur,
1297 1056 1327 1082 et
1341 1056 1525 1096 susceptum
1556 1060 1610 1095 per
1631 1059 1684 1082 eas
1707 1046 1846 1082 habitum
1862 1058 1957 1082 novae

1212 1097 1389 1144 Religionis
1419 1097 1595 1143 praedictae
1620 1097 1798 1132 nullatenus
1823 1105 1958 1144 gestare,

1212 1156 1265 1181 aut
1287 1160 1319 1182 se
1348 1147 1386 1182 de
1414 1147 1579 1193 Religione
1613 1146 1769 1194 praedicta
1797 1146 1959 1181 nominare

1213 1210 1266 1232 seu
1295 1198 1448 1232 nominari
1465 1197 1578 1241 faeere,
1600 1205 1628 1231 et
1657 1198 1686 1231 in
1710 1196 1824 1231 erectis
1847 1207 1958 1230 mona-

1212 1247 1315 1282 steriis
1340 1247 1509 1294 praedictis
1531 1246 1657 1286 morari,
1679 1254 1732 1281 aut
1755 1245 1854 1281 literis
1871 1257 1960 1292 prae-

1212 1296 1303 1331 dictis
1326 1298 1400 1331 alias
1424 1297 1465 1331 uti
1493 1295 1729 1344 quomodolibet
1745 1304 1959 1343 praesumant,

1212 1346 1272 1381 sub
1307 1346 1642 1381 excommunicationis
1675 1346 1753 1380 latae
1784 1345 1959 1380 sententiae

1214 1408 1312 1443 poena
1328 1409 1365 1431 eo
1382 1397 1449 1443 ipso
1464 1410 1518 1444 per
1540 1408 1605 1439 eos,
1628 1396 1680 1443 qui
1705 1394 1958 1439 contrafecerint,

1214 1446 1413 1480 incurrentla.

1261 1497 1282 1543 g
1309 1499 1339 1529 Τ.
1364 1496 1403 1530 Et
1427 1495 1634 1530 nihilominus
1651 1494 1882 1530 venerabilibus
1899 1494 1960 1530 sra-

1214 1546 1314 1580 tribus
1336 1545 1573 1592 archiepiscopo
1600 1544 1814 1600 Salernitano,
1832 1552 1862 1579 et
1883 1544 1962 1580 Bar-

1214 1596 1375 1631 (monensi
1409 1604 1437 1629 et
1478 1595 1659 1630 Civitatensi
1694 1594 1871 1642 episcopis,
1907 1607 1962 1642 per

1214 1646 1381 1700 apostolica
1423 1645 1537 1693 scripta
1578 1644 1763 1680 mandamus
1806 1651 1962 1692 quatenus

1215 1708 1271 1742 ipsi
1294 1695 1339 1729 vel
1359 1695 1423 1729 duo
1445 1703 1499 1730 aut
1523 1707 1606 1729 unus
1636 1707 1759 1739 eorum,
1783 1706 1838 1741 pet
1866 1706 1900 1729 se
1915 1694 1961 1729 vel

1213 1745 1309 1779 alium
1338 1757 1395 1779 seu
1416 1744 1510 1785 alios,
1546 1745 1612 1780 illas
1634 1757 1670 1779 ex
1699 1744 1842 1791 personis
1865 1755 1962 1798 prae-

1215 1795 1317 1835 dictis,
1333 1807 1412 1841 quas
1428 1794 1763 1829 excommunicationis
1773 1793 1961 1829 sententiam

1216 1845 1394 1879 huiusmodi
1419 1845 1464 1879 eis
1482 1844 1650 1878 incurrisse
1671 1844 1857 1884 constiterit,
1880 1855 1963 1890 quo-

1215 1896 1271 1929 ties
1297 1894 1433 1940 desnper
1456 1906 1509 1941 pet·
1523 1894 1657 1941 aliquem
1673 1906 1710 1929 ex
1726 1893 1873 1929 fratribus
1887 1893 1961 1929 dicti

1216 1944 1389 1991 Hospitalis
1406 1943 1520 1978 fuerint
1535 1944 1690 1991 requisiti,
1707 1945 1964 1979 excommunica-

1217 2002 1263 2028 tos
1291 1993 1415 2039 publice
1450 1994 1595 2028 nuntient
1623 2002 1653 2028 et
1682 1993 1795 2029 saciant
1822 1993 1860 2028 ab
1894 1993 1964 2029 aliis

1217 2044 1370 2083 nunciari,
1393 2056 1427 2078 ac
1456 2043 1494 2078 ab
1525 2043 1673 2078 omnibus
1701 2044 1817 2078 arctius
1843 2043 1964 2087 evitari,

1215 2098 1316 2133 donec
1332 2098 1549 2145 praesentibus
1564 2098 1678 2133 nostris
1692 2098 1788 2133 literis
1805 2098 1964 2145 paruerint

1215 2165 1285 2187 cum
1302 2152 1427 2196 ellectu,
1450 2161 1479 2188 et
1499 2153 1670 2188 meruerint
1699 2165 1715 2188 a
1738 2153 1818 2187 dicta
1842 2164 1964 2187 excom-

1217 2207 1438 2242 municationis
1461 2207 1613 2242 sententia
1636 2206 1844 2242 absolutionis
1866 2206 1965 2241 bene-

1218 2261 1321 2295 licium
1350 2262 1517 2302 obtinere;
1549 2273 1585 2296 ac
1609 2261 1756 2308 legitimis
1789 2272 1885 2307 super
1917 2261 1964 2295 his

1218 2315 1369 2351 habendis
1391 2316 1521 2351 servatis
1537 2315 1745 2363 processibus,
1761 2316 1830 2351 illos
1846 2316 1965 2351 iteratis

1218 2370 1337 2405 xicihus
1365 2382 1545 2417 aggravare,
1567 2379 1597 2405 et
1624 2369 1660 2404 ad
1685 2369 1860 2417 parendum
1880 2382 1963 2417 prae·

1216 2425 1358 2460 sentibus
1375 2425 1470 2460 literis
1483 2425 1598 2469 nostris
1618 2425 1755 2472 praecise
1772 2425 1965 2472 compellere

1219 2488 1401 2526 procurent,
1419 2480 1560 2515 invocato
1582 2480 1673 2514 etiam
1697 2478 1733 2514 ad
1759 2479 1830 2524 hoc,
1843 2479 1867 2514 si
1883 2491 1964 2527 opus

1218 2533 1321 2578 suerit,
1348 2534 1463 2569 auxilio
1486 2533 1602 2569 brachii
1633 2533 1816 2569 saecularis.

1266 2594 1280 2632 ᾗ
1308 2591 1339 2623 8.
1375 2588 1443 2624 Νοιι
1480 2588 1677 2623 obstantibus
1712 2588 1891 2636 praemissis
1930 2599 1966 2623 ac

1217 2643 1494 2678 constitutionibus
1518 2651 1545 2678 et
1566 2642 1817 2678 ordinationibus
1839 2649 1964 2690 aposto-

1976 247 2023 273 Αῐι.
2039 246 2068 273 C.
2090 245 2157 273 {1079

1992 515 2005 535 lt
2001 522 2012 535 ιι
2030 519 2097 542 eoque
2111 519 2147 540 pro
2155 522 2166 526 -

1976 549 1992 568 1-
1997 554 2043 569 son
2059 547 2120 568 altuni
2134 552 2164 567 ex

1990 579 2098 606 plumbatis
2119 577 2163 597 Or-

1975 612 2061 632 unibus
2081 611 2162 637 ingredi

1977 650 1995 669 p·
2008 643 2087 668 tecipit.

1984 1509 2125 1530 Comnnszarit
2135 1508 2158 1527 mi

1977 1541 2014 1562 hot·
2031 1541 2131 1568 deputati.

1987 2602 2117 2623 obstantium
2126 2601 2160 2621 do-

1979 2636 2067 2660 rogatio.
