2281 3251
114 293 163 320 An.
177 290 206 318 C.
228 290 293 318 15¹6

127 1292 149 1313 Et
157 1293 271 1313 venientu».
280 1291 304 1311 ad

123 1325 198 1345 concil.
225 1330 234 1344 s
243 1323 304 1343 ilvum

120 1356 246 1376 conductum
271 1355 303 1374 de-

995 291 1057 315 LEO
1078 292 1101 315 X
1122 291 1171 315 1²1².

312 345 476 385 bavimus3
503 351 532 379 et
560 343 728 379 concilium
760 344 875 392 ipsum,
895 357 998 393 usque
1021 345 1058 381 ad

314 395 534 443 perlectionem
549 405 726 435 causarum,
743 404 869 442 propter
881 408 960 443 quas
983 396 1060 430 indi-

313 454 395 480 ctum
418 444 610 489 extiterat,et
629 445 811 491 praesertim
835 453 867 480 ut
881 446 961 480 iuter
979 446 1061 493 prin-

314 495 400 541 cipes
415 502 445 529 et
458 502 637 550 potentatus
659 494 857 540 christianos,
873 496 963 530 bellis
977 505 1061 531 atro-

313 544 403 579 cibus
429 545 557 591 pacatis,
579 544 811 592 hostilibusque
838 546 933 580 armis
960 545 1061 593 depo-

313 594 407 634 sitis,
430 593 619 629 universalis
640 602 671 629 et
698 594 785 631 firma
821 607 879 642 pax
914 596 1060 643 componi

314 643 439 684 valeret,
452 656 507 690 pro
523 657 597 691 qua,
608 653 768 692 tamquam
785 657 840 692 pro
853 645 1062 680 saluberrimo

314 693 408 735 bono,
432 694 581 729 intactum
602 694 678 728 nibil
697 695 916 742 relinquendo
932 703 1062 730 conatus

315 756 425 778 omnes
461 753 586 779 nostros
629 744 779 779 adhibere
810 745 1061 786 intendebamus,

317 793 462 840 prosequi
490 802 520 829 et
553 794 614 836 fine
637 793 742 829 debito
765 795 933 829 terminare
961 795 1061 835 velle,

315 843 479 890 nostrique
503 843 770 878 incommutabilis
797 844 893 879 animi
916 852 946 879 et
965 844 1064 879 inten-

316 893 409 928 tionis
431 893 496 927 fore
530 901 561 928 et
589 905 658 928 esse
681 893 919 935 declaravimus,
947 902 980 928 ut
1003 893 1063 938 his,

315 954 396 988 quae
422 942 459 977 ad
484 942 540 977 Dei
568 942 692 978 laudem
727 943 951 990 Ecclesiaeque
980 956 1065 990 prae·

316 991 395 1026 satae
417 992 635 1027 exaltationem
659 1001 689 1027 et
715 992 966 1028 christifidelium
981 1006 1064 1029 con-

317 1041 457 1076 cordiam
491 1043 677 1089 pertinent,
699 1042 875 1087 absolutis,
902 1051 1007 1078 sancta
1035 1051 1065 1078 et

318 1093 550 1137 pernecessaria
578 1091 736 1139 expeditio
763 1101 870 1126 contra
893 1093 1065 1127 catholicae

319 1140 390 1174 [idei
418 1140 525 1176 hostes
545 1141 625 1186 lieri,
648 1141 844 1188 feliciterque
866 1141 904 1176 de
928 1142 999 1188 illis,
1014 1142 1067 1177 Al-

317 1190 441 1224 tissimo
465 1191 600 1235 favente,
628 1191 813 1238 triumphari
839 1199 954 1237 posset.

367 1239 388 1287 S
410 1244 442 1274 5.
468 1240 509 1275 Et
528 1249 561 1275 ut
581 1240 620 1275 ad
644 1249 704 1275 tam
729 1240 863 1287 perutile
891 1239 1063 1275 concilium

319 1289 467 1323 accedere
489 1289 641 1324 debentes
668 1289 707 1324 ab
733 1302 859 1325 accessu
884 1289 1064 1324 huiusmodi

321 1338 499 1373 nullatenus
521 1339 768 1379 retraherentur
790 1340 974 1387 nullamque
997 1352 1067 1374 om-

319 1387 396 1422 nino
420 1400 545 1423 causam
569 1389 773 1436 praetendere
803 1398 940 1437 possent
963 1390 1067 1424 omni-

320 1436 560 1484 busetsingulis
565 1438 1068 1495 ,adcelebrationemconciliiper

320 1485 434 1521 lulium
466 1489 740 1534 praedecessorem
770 1490 962 1529 convocatis,
985 1499 1013 1523 et
1030 1489 1066 1522 ad

321 1535 615 1572 dictumconcilium
630 1538 839 1573 Lateranense
857 1538 1067 1577 venientibus,

323 1585 528 1633 ipsorumque
562 1588 753 1622 venientium
777 1588 983 1622 servitoribus
1001 1616 1008 1627 ,
1031 1587 1066 1622 ad

322 1635 489 1670 concilium
513 1636 658 1672 Lateran.
684 1650 719 1671 ac
744 1636 859 1672 Urbem
888 1637 1068 1672 huiusmodi

322 1686 466 1720 veniendi
495 1695 525 1720 et
553 1687 583 1721 in
606 1699 639 1722 ea
664 1686 761 1721 libere
783 1689 996 1722 commorandi
1013 1687 1071 1722 sal-

324 1747 393 1769 tum
422 1735 630 1777 conductum,
657 1737 740 1771 dicto
754 1749 842 1771 sacro
861 1737 1070 1772 Lateranense

323 1784 513 1840 approbante
537 1765 690 1827 concilio,
719 1787 867 1822 dedimus
889 1796 920 1821 et
947 1800 1070 1822 eonces-

323 1835 436 1876 simus;
464 1847 500 1870 ac
527 1849 617 1882 reges
639 1845 669 1870 et
692 1838 852 1883 piiucipes
880 1837 989 1872 boitati
1015 1837 1073 1871 fui-

323 1897 393 1918 mus
417 1894 460 1928 ut,
479 1898 533 1932 pro
555 1886 648 1920 Sedis
666 1887 865 1933 'tpostolieae
886 1888 1070 1926 reverentia,

323 1934 484 1969 venientes
501 1936 682 1969 huiusmodi
707 1949 767 1970 nou
789 1937 1000 1981 molestarent,
1017 1936 1070 1971 sed

1726 277 1791 311 651

1101 345 1470 394 principescbristianos,
1483 355 1677 392 quaeunaex
1688 344 1847 391 principa-

1101 396 1230 431 lioribus
1263 407 1412 442 congreg.
1440 393 1562 429 concilii
1587 392 1713 450 praefati
1741 406 1847 439 causa,

1102 445 1211 490 fuer-,at
1238 453 1269 480 et
1294 446 1473 480 schismatis
1500 444 1731 491 extirpatiouis3
1753 444 1848 478 altera

1100 496 1256 541 generalis
1278 494 1509 530 reformationis
1532 494 1624 529 etiam
1648 492 1780 534 Curiae;
1800 505 1849 528 re-

1103 545 1184 592 liqua
1197 545 1479 580 verodiscussionis
1492 542 1743 590 etabrogationis
1754 543 1851 589 Prag-

1103 597 1235 630 maticae
1264 594 1435 630 sanctionis
1456 602 1485 629 et
1507 606 1610 629 rerum
1643 593 1848 629 orthodoxam

1104 645 1196 679 fidem
1224 645 1500 685 concernentium,
1530 643 1719 690 peculiarem
1742 654 1850 678 curam

1103 694 1266 729 haberent.
1291 693 1330 728 Et
1360 707 1431 729 cum
1463 705 1669 741 unaquaeque
1691 691 1851 740 deputatio

1104 745 1291 791 quamplura
1319 744 1407 778 utilia
1429 751 1459 778 et
1487 744 1663 778 necessaria
1685 742 1852 788 diligenter

1103 793 1348 829 examinaverint
1368 802 1397 827 et
1412 800 1555 827 accurate
1571 794 1662 827 nobis
1677 792 1852 835 retulerint,

1104 855 1139 878 ac
1159 856 1214 890 per
1230 855 1285 878 eos
1304 842 1448 877 discussa
1476 850 1506 877 et
1529 843 1702 876 examinata
1726 842 1754 875 in
1780 841 1850 875 aliis

1105 893 1247 948 quinque
1277 891 1474 928 sessionibus
1514 893 1692 927 successive
1715 904 1768 938 per
1796 902 1854 924 nos

1106 944 1213 985 tentis,
1228 955 1316 977 sacro
1339 941 1532 988 approbante
1551 942 1697 985 concilio,
1722 953 1776 987 per
1798 951 1855 974 nos

1105 992 1226 1026 favente
1239 991 1542 1034 Domino,absoluta
1565 1001 1594 1025 et
1609 992 1772 1026 terminata
1786 988 1856 1024 fue-

1107 1041 1297 1088 rint,procul
1315 1040 1412 1075 dubio
1431 1042 1665 1087 cognoscimus,
1687 1039 1790 1074 Deum
1806 1039 1856 1086 ip-

1106 1104 1187 1132 sum,
1206 1091 1358 1126 bonorum
1377 1090 1529 1133 datorem,
1546 1091 1605 1137 piis
1621 1089 1734 1124 nostris
1749 1098 1778 1123 et
1793 1101 1855 1122 non

1108 1141 1164 1174 nisi
1189 1141 1225 1174 ad
1254 1152 1423 1175 commune
1442 1139 1560 1174 bonum
1583 1139 1786 1174 tendentibus
1799 1139 1857 1173 de-

1107 1190 1240 1233 sideriis,
1255 1201 1309 1236 pro
1331 1202 1387 1224 sua
1408 1190 1558 1223 immensa
1583 1190 1696 1236 pietate
1718 1197 1747 1222 et
1763 1189 1857 1222 mise-

1109 1239 1253 1283 ricordia,
1282 1239 1452 1286 plurimum
1476 1237 1606 1279 savisse;
1629 1251 1663 1273 ac
1686 1238 1795 1281 nobis,
1822 1246 1858 1272 ut

1107 1301 1187 1336 quae
1221 1297 1326 1323 mente
1371 1298 1474 1323 nostra
1514 1301 1669 1334 gessimus
1710 1297 1740 1321 et
1777 1299 1859 1322 eirca

1108 1351 1188 1386 quae
1217 1339 1388 1386 plurimum
1411 1337 1633 1382 laboravimus,
1661 1337 1805 1371 tidelicet
1828 1346 1860 1371 ut

1108 1389 1301 1423 concilium
1296 1401 1411 1443 ipsum,
1434 1388 1551 1431 causiS,
1572 1396 1700 1442 propter
1721 1387 1860 1434 quasin-

1109 1439 1228 1472 dictum
1253 1439 1364 1478 suerat,
1382 1438 1463 1472 iuxta
1480 1446 1586 1471 votum
1612 1437 1798 1477 terminatis,
1814 1436 1861 1471 fe-

1111 1489 1210 1522 liciter
1238 1488 1339 1523 claudi
1367 1496 1397 1522 et
1426 1486 1544 1521 absolvi
1570 1498 1694 1534 posset,
1721 1499 1860 1521 conces-

1109 1550 1200 1572 sisse.

1164 1587 1177 1598 '2
1208 1591 1223 1600 υ

1159 1590 1178 1634 5
1205 1602 1237 1621 ο.
1266 1585 1456 1621 Carissimus
1474 1598 1609 1633 namque
1625 1587 1653 1620 in
1674 1585 1802 1621 Christo
1821 1585 1859 1620 fi-

1111 1688 1228 1722 electus
1255 1685 1325 1719 Iulii
1356 1685 1607 1732 praedecessoris
1637 1685 1776 1733 praefati,
1801 1698 1860 1720 no-

1111 1746 1174 1771 stro
1189 1749 1260 1771 vero
1277 1745 1419 1782 tempore
1442 1736 1542 1770 clarae
1565 1749 1658 1770 mem.
1679 1736 1860 1771 Ludovicus

1112 1787 1304 1821 Francorum
1334 1795 1364 1821 et
1392 1787 1486 1820 ceteri
1522 1799 1610 1832 reges
1650 1794 1679 1820 et
1704 1787 1862 1833 principes

1112 1837 1285 1874 christiani,
1309 1848 1434 1870 summo
1462 1849 1533 1870 cum
1562 1837 1704 1870 omnium
1730 1836 1861 1882 gaudio,

1113 1886 1315 1920 Later-{mensi
1351 1885 1495 1926 concilio,
1530 1887 1560 1919 in
1588 1885 1707 1932 Spiritu
1746 1886 1862 1920 Sancto

1113 1936 1252 1981 legitime
1275 1944 1482 1981 congregato,
1506 1935 1726 1970 adhaeserunt.

1859 289 1907 315 An.
1925 289 1953 316 C.
1974 288 2039 315 1516

1883 1598 1981 1625 Imperatv
1994 1602 2013 1619 et
2023 1604 2059 1619 re-

1113 1637 1173 1671 lius
1194 1644 1300 1670 noster
1321 1636 1568 1680 MaximilianuS,
1591 1636 1618 1670 in
1638 1638 1857 1683 imperatorem
1875 1632 1998 1687 §22322'1'1'311‘
2012 1638 2059 1651 '³¹⁴¹'

322 1995 378 2019 eos
406 1983 502 2019 libere
526 1986 628 2019 venire
649 1987 874 2032 permitterent.

371 2033 439 2081 ἑά.
455 2034 502 2068 Ac
515 2036 681 2081 septimam
698 2037 872 2070 sessionem
889 2035 1072 2079 indiximus,

138 2093 252 2116 Concilium
271 2092 309 2114 ruti
324 2082 353 2117 in
368 2096 441 2130 qua,
457 2096 527 2118 cum
544 2084 618 2118 nihil
635 2087 733 2131 magis
745 2085 961 2120 affectaremus
977 2098 1070 2132 quam

124 2125 311 2183 ἕζζζῖζίᾋεζῗῗ(
325 2146 356 2171 ut
377 2149 490 2173 causae
513 2139 606 2173 utiles
635 2147 665 2173 et
693 2140 912 2184 necessariae,
948 2148 1074 2186 propter

124 2188 311 2245 ξζῗίοζῖᾛςπζζ
323 2203 402 2238 quas
417 2192 536 2226 dictum
566 2193 733 2227 concilium
752 2192 894 2227 Lateran.
920 2193 1071 2227 indictum

324 2246 436 2286 suerat,
466 2256 498 2281 ut
525 2247 673 2282 desiderii
700 2248 795 2282 nostri
819 2256 897 2291 erat,
923 2248 959 2282 ad
979 2248 1071 2283 finem

323 2301 465 2336 debitum
484 2302 743 2349 perducerentur,
759 2303 852 2336 trium
864 2302 1071 2337 cardinalium

323 2356 522 2404 aliorumque
540 2359 760 2405 praelatorum,
777 2359 827 2405 qui
844 2370 954 2392 causas
968 2357 1075 2391 liuius-

1150 1986 1208 2033 SG.
1220 1985 1266 2019 Ac
1279 1984 1692 2027 Pisanumconciliabulum,
1707 1997 1760 2031 per
1771 1997 1863 2030 quos-
1878 1994 2062 2054 qffioenlgitiapuiiurgl-

1946 2034 1996 2046 ,,,,,
2022 2036 2031 2045 2,
2056 2037 2063 2040 .

1113 2035 1183 2069 dam
1200 2035 1315 2069 nullam
1334 2043 1517 2081 potestatem
1533 2035 1683 2068 babentes
1697 2034 1862 2074 indictum,
1878 2061 1947 2078 „dmm
1964 2058 2007 2078 sm,

1113 2093 1143 2119 et
1154 2097 1207 2132 per
1219 2084 1365 2119 eumdem
1382 2085 1491 2118 lulium
1505 2084 1764 2130 praedecessorem
1779 2084 1865 2118 dam·

1114 2148 1236 2183 natum,
1248 2140 1329 2173 iuxta
1346 2138 1519 2185 ipsiuslulii
1533 2139 1781 2185 praedecessoris
1795 2152 1865 2173 sen-

1116 2194 1262 2237 tentiam,
1281 2207 1335 2241 pro
1355 2193 1501 2227 damnato
1521 2193 1710 2237 babuerunt,
1727 2194 1864 2228 etschis-

1116 2262 1164 2284 ma
1187 2263 1225 2284 ex
1247 2250 1292 2283 eis
1320 2248 1474 2296 pullulare
1497 2258 1643 2294 coeptum
1669 2248 1763 2294 (qiiod
1778 2261 1864 2282 sem-

1117 2317 1181 2351 per,
1203 2305 1277 2337 dum
1303 2304 1413 2349 viguit,
1437 2315 1529 2349 quam
1556 2303 1704 2348 plurimas
1732 2302 1864 2336 calami-

1116 2369 1192 2393 tates
1220 2359 1363 2405 praelatis
1385 2366 1413 2391 et
1436 2358 1505 2391 aliis
1532 2357 1803 2394 christifidelibus.
1827 2369 1864 2391 ex

126 2252 198 2271 cordia
219 2252 309 2278 princip.

125 2282 250 2305 christian.;
273 2289 309 2309 pro

124 2313 209 2334 reform.
226 2312 309 2338 Curiam

125 2350 162 2370 pro
171 2343 308 2371 abrogatione

124 2374 234 2401 Pugnan.
259 2382 310 2396 san—

125 2407 209 2427 ttionis.

325 2412 407 2446 modi
439 2422 468 2447 et
496 2413 573 2448 alias
597 2414 781 2448 concilim-es
809 2415 954 2448 materias
983 2414 1074 2448 audi·

324 2475 392 2501 rcnt
416 2475 446 2502 et
462 2468 668 2509 discuterent,
691 2467 861 2514 auditaque
889 2476 917 2501 et
933 2468 1073 2502 discussa

325 2521 354 2554 iu
379 2522 492 2556 eodem
517 2523 651 2557 concilio
675 2522 844 2565 referrent,
874 2522 1074 2568 particulares

325 2575 544 2622 deputationes
563 2577 696 2612 fecimus
718 2586 811 2624 atque
836 2576 1074 2621 mandavimus,

324 2641 454 2676 quarum
479 2631 605 2679 quidem
628 2631 883 2678 deputationum,
903 2644 961 2666 una
989 2632 1074 2679 pacis

325 2684 507 2720 universalis
532 2685 771 2734 componendae
803 2686 882 2722 inter
918 2698 1005 2733 reges
1039 2698 1075 2721 ac

1115 2413 1246 2448 diversis
1274 2414 1477 2447 schismatum
1516 2412 1710 2458 temporibus
1743 2420 1772 2445 et
1798 2411 1865 2445 aliis

1115 2469 1315 2515 generalibus
1349 2467 1489 2501 conciliis
1513 2466 1663 2501 hacteuus
1691 2466 1865 2505 celebratis,

1115 2524 1256 2557 attulisse
1269 2527 1401 2563 constat)
1424 2522 1610 2565 extinctum,
1625 2533 1660 2555 ac
1677 2521 1864 2554 universalis

1117 2577 1278 2612 Ecclesiae
1308 2588 1366 2623 pax
1391 2584 1420 2610 et
1444 2577 1519 2610 unio
1546 2584 1651 2610 secuta
1674 2575 1782 2608 extitit.

1165 2635 1179 2675 g
1204 2634 1234 2665 7
1251 2630 1379 2665 Necnon
1395 2639 1455 2664 tam
1472 2629 1752 2664 ecclesiasticarum
1770 2640 1863 2676 quam
1881 2641 1968 2693 leeoncin
1954 2641 1973 2660 r
1971 2647 2016 2692 ”em
2020 2643 2066 2692 1:⁴2-

1905 2679 1968 2693 ΓΠΣΠΙΘ

1115 2685 1320 2721 saecularium
1337 2693 1367 2721 et
1379 2685 1509 2721 aliarum
1525 2695 1728 2732 personarum
1748 2695 1866 2728 mores,
1880 2703 1945 2724 mum
1960 2702 2005 2723 sm.
