2281 3251
238 287 286 312 An.
306 285 334 312 C.
355 287 418 313 1517

233 1234 378 1255 thesauram
393 1236 423 1255 in-

237 1269 333 1287 ramento
341 1267 368 1287 de
381 1267 424 1287 sol-

238 1299 312 1319 venitin
342 1298 425 1320 salariis

234 1330 254 1349 in
271 1334 363 1355 pecunia
382 1336 422 1350 nu-

238 1365 326 1387 metata,

243 2285 375 2306 The-aurarii
386 2291 429 2306 mn·

243 2323 294 2338 nere
317 2319 337 2338 in
359 2318 429 2338 corri-

243 2350 316 2373 flendis
349 2349 429 2370 castel-

244 2380 296 2401 lanis
307 2381 392 2406 arcium,

487 277 551 309 704
1016 284 1199 308 BULLARtmt

435 342 573 377 dendntn
592 342 742 376 rationem
768 341 970 387 praemissam
985 340 1184 387 adstringan-
1225 352 1240 374 a

436 400 501 433 tur,
530 404 662 438 quornm
691 391 848 437 computis
877 391 906 424 in
927 390 1058 425 Gamcra
1087 402 1122 424 ex
1151 402 1184 424 se

436 442 485 476 illa
515 454 568 488 pcr
589 453 654 483 cos,
673 440 790 487 quibus
811 452 867 487 per
892 439 1059 486 praefatam
1075 439 1186 474 Came-

437 504 499 525 ram
525 491 690 524 commissa
720 490 848 533 suerint,
870 490 1036 536 diligenter
1063 488 1185 524 etsttle-

437 542 504 574 liter
530 540 761 583 examinentur,
787 548 896 573 vocato
914 567 921 578 ,
951 539 1078 586 qnando
1106 551 1187 585 opus

435 598 495 628 est,
515 589 705 636 computista
719 589 874 636 praefatae
891 587 1056 629 Gamerae,
1080 589 1132 635 qui
1149 589 1186 623 ad

435 638 525 673 taleni
562 638 711 673 clericum
749 638 1016 678 commissarium,
1040 639 1189 685 quotiens

436 701 516 735 opus
540 688 646 728 fuerit,
674 688 732 723 snb
756 701 856 735 poena
879 688 1063 722 amissionis
1085 688 1188 723 salarii

435 750 486 772 sex
517 738 686 780 mensium,
710 739 815 772 veuit-e
833 746 989 782 teneatur,
1004 747 1034 773 et
1050 738 1188 773 officinm

435 800 526 821 sunm
544 787 713 833 diligenter
736 788 931 834 impendere.
948 788 1024 823 Post
1048 800 1120 822 vero
1143 789 1191 835 ip-

435 849 542 871 sorum
568 846 789 884 computorum
808 845 1024 884 opportunum
1044 850 1190 875 examen

438 886 519 922 idem
537 887 775 921 commissarius
797 887 826 921 in
849 887 982 922 Gamera
1003 888 1117 922 ceteris
1132 887 1193 922 col-

439 937 518 984 legis
537 938 604 972 suis
626 938 674 971 illa
692 936 826 972 fideliter
840 945 870 972 et
885 937 1053 984 diligenter
1069 938 1192 978 reserat,

440 996 484 1032 nt,
511 987 580 1022 sine
602 986 709 1034 aliquo
731 986 859 1031 affectu,
881 986 1034 1022 Gamerae
1058 988 1192 1027 utilitati

439 1049 511 1072 cum
542 1037 657 1072 institia
687 1045 804 1077 tamen,
832 1037 956 1072 consuli
982 1039 1092 1084 possit.

735 1108 815 1144 Cn.
843 1108 897 1144 XI.

491 1181 529 1216 Et
556 1181 704 1228 quoniam
733 1181 918 1216 thesaurarii
941 1181 1094 1217 Gamerae
1107 1182 1194 1230 Apo-

441 1231 589 1276 stolicae,
604 1239 637 1265 nt
658 1243 752 1278 saepe
779 1231 926 1279 querelae
945 1232 1129 1275 audiuntur,
1143 1244 1194 1266 ca-

441 1281 582 1316 stellanis
604 1281 724 1315 arcium
753 1290 783 1315 et
814 1282 883 1315 aliis
911 1280 1098 1316 officialibus
1126 1290 1194 1316 ter-

442 1344 547 1366 rarum
579 1330 613 1365 S.
641 1330 681 1365 R.
704 1330 867 1366 Ecclesiae
892 1339 946 1365 aut
972 1343 1044 1366 sero
1070 1331 1196 1366 satissa-

443 1381 544 1424 ciunt,
558 1389 611 1415 ant
634 1380 695 1415 illis
716 1393 825 1416 eornm
845 1381 1001 1428 stipendia
1025 1388 1055 1415 et
1072 1381 1195 1425 salaria,

441 1443 504 1465 non
533 1432 563 1465 in
587 1432 721 1477 pecunia
745 1439 906 1465 numerata
934 1430 1072 1475 solvunt,
1087 1431 1143 1466 sed
1164 1430 1194 1465 in

440 1481 554 1527 pannis
572 1489 602 1514 et
625 1481 693 1514 aliis
709 1481 814 1524 rebus,
837 1492 914 1527 quas
933 1493 988 1527 pro
1002 1481 1111 1515 maiori
1129 1493 1196 1528 pre-

441 1531 484 1565 tio
512 1542 605 1577 quam
627 1530 747 1565 valeant
769 1531 815 1565 eis
841 1538 1040 1576 computant,
1070 1538 1196 1577 propter

440 1580 523 1626 qnod
553 1580 610 1627 ipsi
633 1580 793 1614 castellani
814 1588 844 1614 et
866 1579 1014 1614 officiales
1051 1593 1111 1615 non
1137 1579 1195 1615 levi

439 1630 555 1664 damno
578 1629 770 1675 alliciuntur,
793 1639 823 1663 et
839 1630 922 1664 dicta
946 1629 1078 1664 Gamera
1101 1630 1193 1665 etiam

439 1692 477 1714 ex
493 1679 552 1714 hoc
565 1680 714 1714 iacturam
731 1691 856 1726 gravem
875 1680 1001 1727 patitur,
1017 1692 1087 1714 cnm
1106 1692 1195 1727 prae-

439 1729 514 1764 dicti
539 1729 700 1769 ossiciales,
723 1742 761 1764 ex
778 1729 992 1764 diminutione
1019 1741 1127 1764 eorum
1144 1730 1197 1764 sti-

440 1778 627 1826 pendiorum
651 1787 681 1813 et
708 1780 906 1822 salariorum,
930 1788 1108 1827 opportune
1131 1780 1196 1814 de-

439 1829 555 1863 servire
578 1840 639 1863 non
657 1829 792 1876 possint3
817 1838 981 1884 propterea
1007 1838 1197 1865 moneantur

440 1878 640 1923 thesaurarii,
662 1879 755 1913 etiam
779 1879 839 1913 sub
863 1880 1041 1914 iuramento
1064 1892 1095 1913 ιιι
1109 1892 1197 1926 prm-

440 1928 525 1974 cipio
546 1940 676 1962 snorum
690 1928 878 1969 officiorum,
893 1929 977 1976 qnod
1002 1929 1124 1963 eisdem
1142 1942 1196 1964 ca-

440 1977 582 2013 stellanis
604 1987 633 2012 et
656 1977 845 2013 officialibus
869 1979 898 2013 in
929 1979 1061 2025 pecunia
1081 1991 1195 2014 nume-

442 2037 505 2062 rata
528 2036 557 2063 et
585 2040 647 2062 non
677 2029 707 2062 in
740 2028 843 2076 aliqua
871 2028 930 2064 alia
961 2041 1064 2064 rerum
1093 2029 1197 2077 specie

441 2077 645 2113 satisfaciant.

727 2150 810 2186 Cn.
837 2150 909 2186 XII.

493 2222 574 2264 Quia
598 2235 670 2258 vero
699 2223 858 2258 castellani
887 2224 1004 2259 arcium
1033 2224 1068 2259 S.
1096 2225 1135 2260 R.
1160 2225 1197 2260 E.

445 2284 611 2307 numerum
647 2273 910 2321 stipendiatorum
929 2274 974 2308 eis
998 2273 1197 2321 designatum

444 2321 612 2369 aliquando
629 2335 691 2358 non
716 2323 863 2367 retinent,
880 2332 922 2364 et,
939 2336 994 2370 pro
1016 2336 1126 2359 eornm
1146 2338 1200 2359 sa-

447 2371 632 2411 tissactione,
656 2373 790 2408 Gamera
812 2374 1014 2420 gravissimas
1036 2374 1122 2409 subit
1139 2375 1200 2409 im—

447 2433 573 2469 pensas,
596 2422 633 2457 ad
657 2423 837 2458 evitandum
863 2423 1037 2471 pericnlum
1062 2436 1199 2471 occupa-

447 2477 541 2512 tionis
567 2476 702 2512 alicuins
717 2478 807 2519 arcis,
823 2490 861 2513 ex
884 2477 1006 2513 defectu
1022 2478 1200 2525 stipendia-

447 2535 550 2561 torum
574 2535 604 2561 et
624 2528 874 2563 necessariarum
899 2528 1123 2571 munitionum
1138 2527 1201 2562 Ga-

447 2588 532 2611 mera
554 2576 619 2624 ipsa
634 2577 818 2625 Apostolica
833 2586 957 2613 moneat
973 2577 1200 2623 thesaurarios,

447 2626 499 2672 qui
529 2626 603 2672 ipsis
625 2626 807 2662 castellanis
828 2627 982 2675 stipendia
1008 2628 1200 2675 persolvunt,

449 2683 483 2709 nt
504 2676 584 2711 ultra
609 2677 829 2723 visitationem,
849 2690 943 2725 qnam
968 2677 1041 2713 facit
1061 2678 1202 2713 visitator

1229 285 1389 308 nonnam:

1292 340 1360 374 D.
1385 339 1422 374 N
1448 351 1503 384 pro
1530 347 1673 387 tempore
1696 340 1889 395 deputatus
1919 340 1977 386 ipsi

1227 401 1319 436 §ssepe
1335 397 1376 427 (Ἣ
1391 390 1416 424 Sl
1437 388 1501 423 [lesi
1517 398 1632 436 POleSl,
1648 403 1734 424 omn!
1749 402 1796 423 ΙΙΙ(
1802 402 1856 424 1150
1869 398 1979 425 curent

1229 439 1403 481 intellifleie
1431 451 1468 472 an
1497 439 1658 474 castellani
1693 452 1787 486 pagas
1821 439 1980 474 ordinatas

1229 490 1437 530 retineant;et
1453 489 1477 522 si
1495 489 1525 522 in
1550 488 1609 523 hoc
1623 489 1758 524 deficere
1781 490 1894 536 reperti
1913 489 1981 523 sne-

1230 539 1304 577 rint,
1327 539 1373 573 eis
1399 538 1438 572 de
1466 550 1576 572 eorum
1605 539 1765 586 stipendio
1793 551 1853 573 non
1883 540 1981 573 satis—

1230 587 1355 628 faciant,
1368 588 1454 629 alias,
1470 588 1527 634 ipsi
1545 588 1728 622 thesaurarii
1741 589 1771 623 in
1785 588 1980 623 tantumdem

1230 650 1246 672 a
1269 637 1402 673 Camera
1427 639 1629 673 mulctentur.

1514 709 1594 744 GAr.
1618 708 1702 744 tht.

1282 782 1372 826 Item,
1394 782 1465 837 qnia
1494 781 1609 816 dicitnr
1630 782 1713 829 qnod
1735 782 1904 828 impunitas
1924 795 1982 817 ma

1234 810 1428 866 leticiortiin
1423 832 1612 866 ιιιοεηιίιυιῐι
1625 831 1751 878 praebet
1764 832 1983 879 delinquendi,

1233 883 1258 916 si
1281 881 1433 916 habeatnr
1457 882 1564 916 notitia
1593 882 1676 929 qnod
1700 882 1816 937 aliquis
1844 881 1984 916 officialis

1234 940 1388 966 terrarum
1408 931 1582 975 Ecclesiae,
1610 932 1730 977 ignavia
1745 944 1801 965 sua
1829 932 1875 966 vel
1900 931 1987 966 tuali-

1235 982 1364 1028 gnitate
1387 981 1501 1016 delicta
1529 981 1685 1029 relinquat
1708 981 1876 1029 impunita,
1902 981 1986 1016 unde

1235 1040 1263 1067 et
1288 1031 1365 1066 mala
1389 1032 1531 1078 exempla
1559 1039 1590 1066 et
1616 1031 1762 1066 scandala
1802 1032 1882 1066 inter
1903 1031 1986 1066 sub-

1235 1082 1318 1116 ditos
1340 1081 1512 1122 Ecclesiae,
1535 1093 1608 1115 cum
1629 1081 1746 1115 iactura
1759 1081 1852 1116 etiam
1866 1080 1986 1116 Game-

1237 1143 1300 1175 rae,
1327 1130 1508 1178 frequenter
1540 1131 1696 1172 oriuntur;
1719 1131 1770 1165 tali
1792 1130 1935 1175 officiali,
1962 1132 1987 1165 si

1238 1190 1307 1227 post
1321 1181 1528 1215 monitionem
1542 1193 1575 1215 se
1598 1193 1659 1215 non
1683 1181 1869 1224 correxerit,
1890 1180 1929 1215 de
1943 1192 1990 1215 sa-

1237 1231 1314 1265 lario
1336 1230 1443 1265 debito
1463 1243 1525 1265 non
1554 1230 1742 1272 satisfaciam
1769 1239 1798 1265 et
1823 1230 1902 1265 ultra
1929 1230 1989 1265 hoe

1237 1280 1293 1314 alia
1314 1280 1492 1327 pecuniaria
1506 1293 1606 1328 poena
1623 1279 1752 1316 arbitrio
1766 1279 1918 1315 Gamerae
1929 1293 1990 1328 pn-

1238 1338 1350 1365 ntatnr.

1518 1402 1598 1437 Cap.
1626 1401 1709 1437 xlv.

1286 1475 1376 1515 Item,
1398 1475 1471 1522 qnia
1494 1474 1612 1510 subditi
1632 1474 1805 1515 Ecclesiae,
1829 1483 1989 1521 tamqnam

1239 1525 1291 1559 [ilii
1320 1525 1436 1560 liberae
1459 1534 1488 1559 et
1520 1524 1574 1558 lilii
1603 1524 1746 1569 ancillae,
1768 1537 1840 1559 cnm
1864 1525 1990 1559 caritate

1237 1583 1267 1609 et
1290 1576 1406 1622 pietate
1429 1574 1580 1609 tractandi
1609 1583 1683 1608 snnt
1706 1575 1737 1608 iu
1760 1586 1870 1609 eorum
1886 1586 1993 1621 grava-

1238 1625 1392 1662 minibus
1407 1637 1513 1660 sacros
1528 1624 1624 1672 pedes
1645 1623 1678 1658 S.
1702 1624 1742 1658 D
1766 1624 1803 1658 N
1828 1637 1889 1658 non
1904 1623 1993 1659 facile

1237 1674 1324 1709 adire
1352 1675 1466 1720 valent,
1489 1686 1594 1722 neque
1616 1673 1699 1708 alind
1727 1686 1820 1721 quain
1840 1673 1993 1709 Gamerae

1237 1724 1440 1771 Apostolicae
1468 1724 1623 1770 refugium
1649 1723 1776 1765 habent;
1805 1724 1891 1771 quod
1909 1736 1993 1759 non-

1240 1787 1412 1822 numquam
1433 1787 1450 1809 a
1468 1775 1641 1822 plerisque,
1657 1773 1741 1808 velut
1764 1774 1881 1808 diaboli
1899 1785 1995 1808 mem—

1239 1824 1315 1864 bris,
1332 1837 1393 1859 non
1418 1824 1580 1859 Ecclesiae
1594 1824 1678 1868 filiis,
1701 1824 1894 1869 malignitate
1916 1836 1994 1871 qua-

1238 1874 1309 1909 dam
1324 1874 1469 1921 impediri
1483 1874 1638 1915 ridemus,
1649 1875 1673 1909 si
1690 1873 1728 1908 de
1741 1873 1847 1920 aliquo
1862 1881 1995 1918 rectore,

1238 1924 1331 1959 etiam
1361 1924 1596 1959 locuintenente
1610 1924 1742 1958 alicuius
1771 1923 1996 1958 reverendissi-

1239 1975 1281 2008 mi
1305 1974 1416 2021 legati,
1439 1981 1491 2008 aut
1518 1974 1579 2008 alio
1602 1974 1724 2009 officiali
1761 1973 1994 2020 provinciarum

1240 2024 1304 2058 sire
1332 2033 1485 2059 terrarum
1517 2023 1680 2058 Romanae
1714 2023 1874 2058 Ecclesiae
1915 2023 1995 2058 mala

1240 2074 1320 2108 sama
1336 2073 1374 2108 de
1401 2073 1563 2117 iniustitia,
1581 2073 1816 2108 extorsionibus
1844 2081 1899 2108 aut
1913 2073 1996 2108 malo

1241 2123 1395 2170 regimine
1423 2123 1459 2158 ad
1488 2122 1885 2170 GameramApostolicam
1905 2122 1995 2158 allata

1240 2173 1346 2213 suerit,
1363 2181 1445 2208 etex
1473 2173 1703 2208 monitionibus
1725 2173 1823 2220 ipsius
1844 2171 1996 2208 Gamerae

1241 2222 1489 2269 incorrigibilem
1500 2235 1533 2258 se
1543 2222 1851 2263 demonstraverit‚et
1866 2222 1934 2257 talis
1948 2222 1996 2256 le-

1241 2281 1333 2319 gatus
1354 2273 1394 2308 de
1410 2285 1468 2307 sno
1484 2273 1720 2308 locumtenente
1743 2281 1921 2318 opportune
1934 2284 1995 2306 non

1242 2323 1439 2370 providerit,
1468 2323 1664 2369 significetur
1690 2321 1799 2356 saltem
1829 2334 1884 2368 per
1916 2321 1998 2356 dnos

1242 2372 1376 2407 clericos
1402 2372 1437 2407 S.
1457 2372 1495 2407 D.
1519 2372 1570 2415 N.,
1593 2381 1623 2406 et
1651 2371 1753 2406 habita
1782 2372 1870 2406 venia
1898 2384 1913 2405 a
1940 2383 1996 2406 sua

1242 2421 1520 2466 Sanctitate,iusto
1535 2421 1686 2457 Gamerae
1697 2420 1824 2455 arbitrio
1835 2421 1998 2469 providea-

1244 2481 1306 2510 tur:
1320 2480 1349 2507 et
1364 2472 1525 2507 Ecclesiae
1537 2471 1655 2518 populi,
1668 2483 1701 2505 se
1716 2470 1798 2518 lupis
1814 2471 1997 2506 lacerandos

1244 2539 1305 2560 non
1336 2526 1485 2574 relinqui,
1507 2526 1561 2561 sed
1590 2525 1649 2560 sibi
1675 2534 1834 2572 tamquam
1859 2525 1931 2560 filiis
1946 2538 1997 2573 op-

1245 2588 1419 2627 portunum
1456 2581 1663 2628 patrocinium
1693 2580 1841 2627 praestari
1877 2592 1997 2626 cogno-

1282 2652 1320 2686 (1)
1342 2652 1381 2678 Ad
1403 2652 1453 2679 hoc
1474 2651 1534 2679 vide
1550 2652 1629 2679 etiarn
1639 2659 1719 2687 supra
1730 2651 1945 2679 constitutionem
1958 2650 1999 2678 hic

1245 2691 1270 2717 in
1292 2692 1420 2728 principio
1436 2692 1572 2719 insertam.

1994 285 2042 310 An.
2063 283 2174 311 01517

1997 796 2120 818 officialium
2140 795 2184 816 St&

1999 832 2030 848 tus
2022 827 2145 848 ‹Ecetestas
2136 827 2183 847 <nei

1999 860 2017 884 ig
2020 865 2045 879 ua
2049 860 2080 879 via
2095 861 2116 879 et
2138 863 2185 878 mn-

1999 890 2093 916 lignitate
2119 894 2183 910 coer-

1999 922 2067 942 cenda
2081 921 2118 948 (1,,

2019 1481 2145 1509 Eisdemque
2163 1481 2189 1502 de

2005 1513 2114 1534 iniustitiis
2124 1516 2145 1534 et
2156 1517 2191 1534 ex-

2006 1544 2136 1566 torsionibun
2150 1549 2191 1572 pn-

2007 1577 2098 1603 niendu,
