<?xml version="1.0" encoding="UTF-8"?>
<!DOCTYPE html PUBLIC "-//W3C//DTD XHTML 1.0 Transitional//EN"
    "http://www.w3.org/TR/xhtml1/DTD/xhtml1-transitional.dtd">
<html xmlns="http://www.w3.org/1999/xhtml" xml:lang="en" lang="en">
 <head>
  <title>
</title>
<meta http-equiv="Content-Type" content="text/html;charset=utf-8" />
  <meta name='ocr-system' content='tesseract 3.04.00' />
  <meta name='ocr-capabilities' content='ocr_page ocr_carea ocr_par ocr_line ocrx_word'/>
</head>
<body>
  <div class='ocr_page' id='page_1' title='image "./bullarumdiplomat05cath_0619.png"; bbox 0 0 2281 3251; ppageno 0'>
   <div class='ocr_carea' id='block_1_1' title="bbox 74 271 256 300">
    <p class='ocr_par' dir='ltr' id='par_1_1' title="bbox 74 271 256 300">
     <span class='ocr_line' id='line_1_1' title="bbox 74 271 256 300; baseline -0.005 0"><span class='ocrx_word' id='word_1_1' title='bbox 74 272 122 300; x_wconf 78' lang='lat' dir='ltr'>An.</span> <span class='ocrx_word' id='word_1_2' title='bbox 141 272 170 298; x_wconf 83' lang='lat' dir='ltr'>C.</span> <span class='ocrx_word' id='word_1_3' title='bbox 190 271 256 299; x_wconf 74' lang='grc'>1515</span> 
     </span>
    </p>
   </div>
   <div class='ocr_carea' id='block_1_2' title="bbox 0 0 3 616">
    <p class='ocr_par' dir='ltr' id='par_1_2' title="bbox 0 0 3 616">
     <span class='ocr_line' id='line_1_2' title="bbox 0 0 3 616; baseline 0 0"><span class='ocrx_word' id='word_1_4' title='bbox 0 0 3 616; x_wconf 95' lang='lat' dir='ltr'> </span> 
     </span>
    </p>
   </div>
   <div class='ocr_carea' id='block_1_3' title="bbox 945 275 1130 299">
    <p class='ocr_par' dir='ltr' id='par_1_3' title="bbox 945 275 1130 299">
     <span class='ocr_line' id='line_1_3' title="bbox 945 275 1130 299; baseline 0.011 -2"><span class='ocrx_word' id='word_1_5' title='bbox 945 275 1008 298; x_wconf 73' lang='lat' dir='ltr'>LEO</span> <span class='ocrx_word' id='word_1_6' title='bbox 1034 277 1055 298; x_wconf 81' lang='lat' dir='ltr'>X</span> <span class='ocrx_word' id='word_1_7' title='bbox 1085 277 1130 299; x_wconf 79' lang='grc' dir='ltr'>ΡΡ,</span> 
     </span>
    </p>
   </div>
   <div class='ocr_carea' id='block_1_4' title="bbox 263 325 1022 1758">
    <p class='ocr_par' dir='ltr' id='par_1_4' title="bbox 263 325 1022 1508">
     <span class='ocr_line' id='line_1_4' title="bbox 270 325 1020 376; baseline 0.005 -16"><span class='ocrx_word' id='word_1_8' title='bbox 270 325 345 361; x_wconf 89' lang='lat' dir='ltr'>libet</span> <span class='ocrx_word' id='word_1_9' title='bbox 361 325 532 366; x_wconf 86' lang='lat' dir='ltr'>concessis,</span> <span class='ocrx_word' id='word_1_10' title='bbox 555 325 671 371; x_wconf 84' lang='lat' dir='ltr'>quibus</span> <span class='ocrx_word' id='word_1_11' title='bbox 686 326 832 363; x_wconf 85' lang='lat' dir='ltr'>nolumus</span> <span class='ocrx_word' id='word_1_12' title='bbox 847 328 902 369; x_wconf 77' lang='lat' dir='ltr'>eis,</span> <span class='ocrx_word' id='word_1_13' title='bbox 918 330 1020 376; x_wconf 87' lang='lat' dir='ltr'>quoad</span> 
     </span>
     <span class='ocr_line' id='line_1_5' title="bbox 270 373 1022 422; baseline 0.005 -13"><span class='ocrx_word' id='word_1_14' title='bbox 270 375 454 422; x_wconf 85' lang='lat' dir='ltr'>praemissa,</span> <span class='ocrx_word' id='word_1_15' title='bbox 471 373 500 408; x_wconf 91' lang='lat' dir='ltr'>in</span> <span class='ocrx_word' id='word_1_16' title='bbox 524 374 630 421; x_wconf 89' lang='lat' dir='ltr'>aliquo</span> <span class='ocrx_word' id='word_1_17' title='bbox 657 375 831 422; x_wconf 78' lang='lat' dir='ltr'>suffragari,</span> <span class='ocrx_word' id='word_1_18' title='bbox 857 380 1022 414; x_wconf 87' lang='lat' dir='ltr'>contrariis</span> 
     </span>
     <span class='ocr_line' id='line_1_6' title="bbox 269 423 1022 473; baseline 0.008 -16"><span class='ocrx_word' id='word_1_19' title='bbox 269 423 541 471; x_wconf 83' lang='lat' dir='ltr'>quibuscumque:</span> <span class='ocrx_word' id='word_1_20' title='bbox 562 435 597 458; x_wconf 88' lang='lat' dir='ltr'>ac</span> <span class='ocrx_word' id='word_1_21' title='bbox 619 424 643 458; x_wconf 90' lang='lat' dir='ltr'>si</span> <span class='ocrx_word' id='word_1_22' title='bbox 667 424 854 460; x_wconf 77' lang='lat' dir='ltr'>officialibus</span> <span class='ocrx_word' id='word_1_23' title='bbox 877 428 1022 473; x_wconf 85' lang='lat' dir='ltr'>praefatis</span> 
     </span>
     <span class='ocr_line' id='line_1_7' title="bbox 269 472 1021 519; baseline 0.007 -13"><span class='ocrx_word' id='word_1_24' title='bbox 269 473 315 508; x_wconf 92' lang='lat' dir='ltr'>vel</span> <span class='ocrx_word' id='word_1_25' title='bbox 332 472 497 519; x_wconf 86' lang='lat' dir='ltr'>quibusvis</span> <span class='ocrx_word' id='word_1_26' title='bbox 512 472 582 507; x_wconf 88' lang='lat' dir='ltr'>aliis</span> <span class='ocrx_word' id='word_1_27' title='bbox 597 484 719 513; x_wconf 82' lang='lat' dir='ltr'>eorum,</span> <span class='ocrx_word' id='word_1_28' title='bbox 742 477 954 511; x_wconf 86' lang='lat' dir='ltr'>communiter</span> <span class='ocrx_word' id='word_1_29' title='bbox 968 486 1021 511; x_wconf 85' lang='lat' dir='ltr'>aut</span> 
     </span>
     <span class='ocr_line' id='line_1_8' title="bbox 269 521 1019 572; baseline 0.007 -17"><span class='ocrx_word' id='word_1_30' title='bbox 269 522 405 562; x_wconf 84' lang='lat' dir='ltr'>divisim,</span> <span class='ocrx_word' id='word_1_31' title='bbox 421 521 459 556; x_wconf 90' lang='lat' dir='ltr'>ab</span> <span class='ocrx_word' id='word_1_32' title='bbox 478 521 585 556; x_wconf 82' lang='lat' dir='ltr'>eadem</span> <span class='ocrx_word' id='word_1_33' title='bbox 605 522 643 556; x_wconf 89' lang='lat' dir='ltr'>sit</span> <span class='ocrx_word' id='word_1_34' title='bbox 656 521 740 557; x_wconf 86' lang='lat' dir='ltr'>Sede</span> <span class='ocrx_word' id='word_1_35' title='bbox 764 524 919 559; x_wconf 86' lang='lat' dir='ltr'>indultum</span> <span class='ocrx_word' id='word_1_36' title='bbox 936 527 1019 572; x_wconf 83' lang='lat' dir='ltr'>quod</span> 
     </span>
     <span class='ocr_line' id='line_1_9' title="bbox 269 570 1020 617; baseline 0.005 -12"><span class='ocrx_word' id='word_1_37' title='bbox 269 570 427 611; x_wconf 70' lang='lat' dir='ltr'>interdici,</span> <span class='ocrx_word' id='word_1_38' title='bbox 443 570 595 617; x_wconf 79' lang='lat' dir='ltr'>suspendi</span> <span class='ocrx_word' id='word_1_39' title='bbox 611 571 657 605; x_wconf 84' lang='lat' dir='ltr'>vel</span> <span class='ocrx_word' id='word_1_40' title='bbox 676 574 942 607; x_wconf 74' lang='lat' dir='ltr'>excomnmnicari</span> <span class='ocrx_word' id='word_1_41' title='bbox 959 588 1020 609; x_wconf 90' lang='lat' dir='ltr'>nou</span> 
     </span>
     <span class='ocr_line' id='line_1_10' title="bbox 269 620 1021 668; baseline 0.005 -13"><span class='ocrx_word' id='word_1_42' title='bbox 269 620 390 668; x_wconf 80' lang='lat' dir='ltr'>possint</span> <span class='ocrx_word' id='word_1_43' title='bbox 406 632 461 668; x_wconf 89' lang='lat' dir='ltr'>per</span> <span class='ocrx_word' id='word_1_44' title='bbox 477 620 579 655; x_wconf 85' lang='lat' dir='ltr'>literas</span> <span class='ocrx_word' id='word_1_45' title='bbox 592 621 780 667; x_wconf 87' lang='lat' dir='ltr'>apostolicas</span> <span class='ocrx_word' id='word_1_46' title='bbox 796 633 857 656; x_wconf 89' lang='lat' dir='ltr'>non</span> <span class='ocrx_word' id='word_1_47' title='bbox 875 622 1021 659; x_wconf 78' lang='lat' dir='ltr'>facientes</span> 
     </span>
     <span class='ocr_line' id='line_1_11' title="bbox 268 669 1021 716; baseline 0.005 -13"><span class='ocrx_word' id='word_1_48' title='bbox 268 669 393 716; x_wconf 84' lang='lat' dir='ltr'>plenam</span> <span class='ocrx_word' id='word_1_49' title='bbox 417 678 446 704; x_wconf 86' lang='lat' dir='ltr'>et</span> <span class='ocrx_word' id='word_1_50' title='bbox 462 681 641 716; x_wconf 74' lang='lat' dir='ltr'>expressam</span> <span class='ocrx_word' id='word_1_51' title='bbox 665 682 701 704; x_wconf 88' lang='lat' dir='ltr'>ac</span> <span class='ocrx_word' id='word_1_52' title='bbox 723 669 762 704; x_wconf 88' lang='lat' dir='ltr'>de</span> <span class='ocrx_word' id='word_1_53' title='bbox 784 670 879 705; x_wconf 89' lang='lat' dir='ltr'>verbo</span> <span class='ocrx_word' id='word_1_54' title='bbox 894 672 931 706; x_wconf 82' lang='lat' dir='ltr'>ad</span> <span class='ocrx_word' id='word_1_55' title='bbox 945 685 1021 708; x_wconf 86' lang='lat' dir='ltr'>ver-</span> 
     </span>
     <span class='ocr_line' id='line_1_12' title="bbox 268 718 1019 763; baseline 0.003 -9"><span class='ocrx_word' id='word_1_56' title='bbox 268 720 343 754; x_wconf 93' lang='lat' dir='ltr'>bum</span> <span class='ocrx_word' id='word_1_57' title='bbox 372 718 410 753; x_wconf 84' lang='lat' dir='ltr'>de</span> <span class='ocrx_word' id='word_1_58' title='bbox 439 718 562 754; x_wconf 88' lang='lat' dir='ltr'>indulto</span> <span class='ocrx_word' id='word_1_59' title='bbox 590 718 772 754; x_wconf 89' lang='lat' dir='ltr'>huiusmodi</span> <span class='ocrx_word' id='word_1_60' title='bbox 807 721 1019 763; x_wconf 72' lang='lat' dir='ltr'>mentionem,</span> 
     </span>
     <span class='ocr_line' id='line_1_13' title="bbox 267 768 1021 815; baseline 0 -11"><span class='ocrx_word' id='word_1_61' title='bbox 267 768 462 804; x_wconf 75' lang='lat' dir='ltr'>declarantes</span> <span class='ocrx_word' id='word_1_62' title='bbox 484 780 538 814; x_wconf 87' lang='lat' dir='ltr'>per</span> <span class='ocrx_word' id='word_1_63' title='bbox 565 769 733 815; x_wconf 88' lang='lat' dir='ltr'>praemissa</span> <span class='ocrx_word' id='word_1_64' title='bbox 763 769 874 804; x_wconf 89' lang='lat' dir='ltr'>officiis</span> <span class='ocrx_word' id='word_1_65' title='bbox 898 772 1021 815; x_wconf 86' lang='lat' dir='ltr'>praedi-</span> 
     </span>
     <span class='ocr_line' id='line_1_14' title="bbox 266 818 1019 855; baseline 0.003 -2"><span class='ocrx_word' id='word_1_66' title='bbox 266 819 328 854; x_wconf 86' lang='lat' dir='ltr'>ctis</span> <span class='ocrx_word' id='word_1_67' title='bbox 350 818 527 853; x_wconf 87' lang='lat' dir='ltr'>reformatis</span> <span class='ocrx_word' id='word_1_68' title='bbox 546 818 662 852; x_wconf 88' lang='lat' dir='ltr'>nullam</span> <span class='ocrx_word' id='word_1_69' title='bbox 681 818 953 853; x_wconf 83' lang='lat' dir='ltr'>confirmationem</span> <span class='ocrx_word' id='word_1_70' title='bbox 973 821 1019 855; x_wconf 87' lang='lat' dir='ltr'>vel</span> 
     </span>
     <span class='ocr_line' id='line_1_15' title="bbox 266 867 1021 915; baseline 0 -12"><span class='ocrx_word' id='word_1_71' title='bbox 266 867 525 915; x_wconf 83' lang='lat' dir='ltr'>approbationem</span> <span class='ocrx_word' id='word_1_72' title='bbox 548 875 600 901; x_wconf 90' lang='lat' dir='ltr'>aut</span> <span class='ocrx_word' id='word_1_73' title='bbox 613 867 876 913; x_wconf 81' lang='lat' dir='ltr'>improbationem</span> <span class='ocrx_word' id='word_1_74' title='bbox 895 869 1021 904; x_wconf 81' lang='lat' dir='ltr'>dedisse</span> 
     </span>
     <span class='ocr_line' id='line_1_16' title="bbox 267 917 1021 965; baseline 0.004 -14"><span class='ocrx_word' id='word_1_75' title='bbox 267 919 358 952; x_wconf 87' lang='lat' dir='ltr'>tacite</span> <span class='ocrx_word' id='word_1_76' title='bbox 382 917 429 952; x_wconf 88' lang='lat' dir='ltr'>vel</span> <span class='ocrx_word' id='word_1_77' title='bbox 457 928 617 962; x_wconf 77' lang='lat' dir='ltr'>expresse,</span> <span class='ocrx_word' id='word_1_78' title='bbox 644 918 733 952; x_wconf 87' lang='lat' dir='ltr'>aliter</span> <span class='ocrx_word' id='word_1_79' title='bbox 755 929 848 964; x_wconf 88' lang='lat' dir='ltr'>quam</span> <span class='ocrx_word' id='word_1_80' title='bbox 874 918 939 965; x_wconf 89' lang='lat' dir='ltr'>ipsa</span> <span class='ocrx_word' id='word_1_81' title='bbox 962 918 1021 954; x_wconf 85' lang='lat' dir='ltr'>ha-</span> 
     </span>
     <span class='ocr_line' id='line_1_17' title="bbox 265 966 1020 1013; baseline 0.001 -12"><span class='ocrx_word' id='word_1_82' title='bbox 265 967 399 1002; x_wconf 83' lang='lat' dir='ltr'>buerant</span> <span class='ocrx_word' id='word_1_83' title='bbox 425 966 577 1000; x_wconf 81' lang='lat' dir='ltr'>liactenus</span> <span class='ocrx_word' id='word_1_84' title='bbox 599 979 614 1000; x_wconf 89' lang='lat' dir='ltr'>a</span> <span class='ocrx_word' id='word_1_85' title='bbox 644 976 784 1013; x_wconf 89' lang='lat' dir='ltr'>tempore</span> <span class='ocrx_word' id='word_1_86' title='bbox 813 968 1020 1003; x_wconf 81' lang='lat' dir='ltr'>iustitutionis</span> 
     </span>
     <span class='ocr_line' id='line_1_18' title="bbox 265 1015 1020 1062; baseline 0.003 -12"><span class='ocrx_word' id='word_1_87' title='bbox 265 1016 403 1057; x_wconf 87' lang='lat' dir='ltr'>illorum,</span> <span class='ocrx_word' id='word_1_88' title='bbox 425 1015 479 1050; x_wconf 86' lang='lat' dir='ltr'>sed</span> <span class='ocrx_word' id='word_1_89' title='bbox 508 1016 537 1049; x_wconf 92' lang='lat' dir='ltr'>in</span> <span class='ocrx_word' id='word_1_90' title='bbox 562 1015 673 1050; x_wconf 86' lang='lat' dir='ltr'>eodem</span> <span class='ocrx_word' id='word_1_91' title='bbox 697 1024 778 1051; x_wconf 88' lang='lat' dir='ltr'>statu</span> <span class='ocrx_word' id='word_1_92' title='bbox 807 1024 838 1051; x_wconf 91' lang='lat' dir='ltr'>et</span> <span class='ocrx_word' id='word_1_93' title='bbox 866 1018 1020 1062; x_wconf 89' lang='lat' dir='ltr'>terminis,</span> 
     </span>
     <span class='ocr_line' id='line_1_19' title="bbox 265 1066 1020 1112; baseline 0.001 -13"><span class='ocrx_word' id='word_1_94' title='bbox 265 1066 381 1112; x_wconf 89' lang='lat' dir='ltr'>quihus</span> <span class='ocrx_word' id='word_1_95' title='bbox 403 1072 502 1109; x_wconf 88' lang='lat' dir='ltr'>erant,</span> <span class='ocrx_word' id='word_1_96' title='bbox 530 1066 669 1112; x_wconf 86' lang='lat' dir='ltr'>exceptis</span> <span class='ocrx_word' id='word_1_97' title='bbox 696 1066 889 1111; x_wconf 89' lang='lat' dir='ltr'>supradictis</span> <span class='ocrx_word' id='word_1_98' title='bbox 917 1067 1020 1101; x_wconf 68' lang='lat' dir='ltr'>morli-</span> 
     </span>
     <span class='ocr_line' id='line_1_20' title="bbox 265 1114 1020 1159; baseline 0.001 -9"><span class='ocrx_word' id='word_1_99' title='bbox 265 1114 464 1150; x_wconf 80' lang='lat' dir='ltr'>ficationihus</span> <span class='ocrx_word' id='word_1_100' title='bbox 479 1114 810 1159; x_wconf 78' lang='lat' dir='ltr'>etreformationihuS,</span> <span class='ocrx_word' id='word_1_101' title='bbox 832 1117 1020 1151; x_wconf 83' lang='lat' dir='ltr'>remansisse</span> 
     </span>
     <span class='ocr_line' id='line_1_21' title="bbox 264 1164 1020 1211; baseline 0.003 -12"><span class='ocrx_word' id='word_1_102' title='bbox 264 1172 294 1199; x_wconf 90' lang='lat' dir='ltr'>et</span> <span class='ocrx_word' id='word_1_103' title='bbox 321 1176 496 1207; x_wconf 82' lang='lat' dir='ltr'>remanere,</span> <span class='ocrx_word' id='word_1_104' title='bbox 523 1164 606 1199; x_wconf 81' lang='lat' dir='ltr'>salva</span> <span class='ocrx_word' id='word_1_105' title='bbox 634 1165 727 1199; x_wconf 84' lang='lat' dir='ltr'>etiam</span> <span class='ocrx_word' id='word_1_106' title='bbox 751 1165 843 1200; x_wconf 87' lang='lat' dir='ltr'>nobis</span> <span class='ocrx_word' id='word_1_107' title='bbox 867 1174 1020 1211; x_wconf 86' lang='lat' dir='ltr'>potestate</span> 
     </span>
     <span class='ocr_line' id='line_1_22' title="bbox 264 1213 1020 1262; baseline 0.004 -14"><span class='ocrx_word' id='word_1_108' title='bbox 264 1221 446 1248; x_wconf 87' lang='lat' dir='ltr'>remanente</span> <span class='ocrx_word' id='word_1_109' title='bbox 457 1213 935 1262; x_wconf 83' lang='lat' dir='ltr'>ulteriusreformandi,quando</span> <span class='ocrx_word' id='word_1_110' title='bbox 946 1228 1020 1261; x_wconf 84' lang='lat' dir='ltr'>prae-</span> 
     </span>
     <span class='ocr_line' id='line_1_23' title="bbox 264 1262 1020 1299; baseline 0.003 -2"><span class='ocrx_word' id='word_1_111' title='bbox 264 1263 365 1298; x_wconf 88' lang='lat' dir='ltr'>dictae</span> <span class='ocrx_word' id='word_1_112' title='bbox 388 1275 450 1298; x_wconf 92' lang='lat' dir='ltr'>non</span> <span class='ocrx_word' id='word_1_113' title='bbox 465 1262 611 1298; x_wconf 85' lang='lat' dir='ltr'>sufficere</span> <span class='ocrx_word' id='word_1_114' title='bbox 626 1263 672 1298; x_wconf 90' lang='lat' dir='ltr'>vel</span> <span class='ocrx_word' id='word_1_115' title='bbox 692 1264 788 1298; x_wconf 92' lang='lat' dir='ltr'>nimis</span> <span class='ocrx_word' id='word_1_116' title='bbox 802 1263 908 1299; x_wconf 82' lang='lat' dir='ltr'>faciles</span> <span class='ocrx_word' id='word_1_117' title='bbox 923 1264 1020 1299; x_wconf 79' lang='lat' dir='ltr'>fuisse</span> 
     </span>
     <span class='ocr_line' id='line_1_24' title="bbox 264 1312 1019 1361; baseline 0.001 -13"><span class='ocrx_word' id='word_1_118' title='bbox 264 1320 294 1348; x_wconf 86' lang='lat' dir='ltr'>et</span> <span class='ocrx_word' id='word_1_119' title='bbox 322 1312 429 1346; x_wconf 87' lang='lat' dir='ltr'>maiori</span> <span class='ocrx_word' id='word_1_120' title='bbox 458 1312 681 1347; x_wconf 83' lang='lat' dir='ltr'>reformatione</span> <span class='ocrx_word' id='word_1_121' title='bbox 705 1313 846 1359; x_wconf 81' lang='lat' dir='ltr'>indigere</span> <span class='ocrx_word' id='word_1_122' title='bbox 868 1321 899 1349; x_wconf 90' lang='lat' dir='ltr'>et</span> <span class='ocrx_word' id='word_1_123' title='bbox 922 1326 1019 1361; x_wconf 89' lang='lat' dir='ltr'>prae-</span> 
     </span>
     <span class='ocr_line' id='line_1_25' title="bbox 263 1361 1019 1409; baseline 0.001 -12"><span class='ocrx_word' id='word_1_124' title='bbox 263 1363 369 1398; x_wconf 87' lang='lat' dir='ltr'>sertim</span> <span class='ocrx_word' id='word_1_125' title='bbox 386 1361 489 1409; x_wconf 85' lang='lat' dir='ltr'>aliqua</span> <span class='ocrx_word' id='word_1_126' title='bbox 501 1362 602 1397; x_wconf 83' lang='lat' dir='ltr'>officia</span> <span class='ocrx_word' id='word_1_127' title='bbox 619 1364 838 1409; x_wconf 87' lang='lat' dir='ltr'>praesentibus</span> <span class='ocrx_word' id='word_1_128' title='bbox 853 1376 913 1397; x_wconf 92' lang='lat' dir='ltr'>non</span> <span class='ocrx_word' id='word_1_129' title='bbox 930 1376 1019 1398; x_wconf 84' lang='lat' dir='ltr'>com-</span> 
     </span>
     <span class='ocr_line' id='line_1_26' title="bbox 264 1411 1018 1460; baseline 0.003 -14"><span class='ocrx_word' id='word_1_130' title='bbox 264 1411 433 1459; x_wconf 83' lang='lat' dir='ltr'>prehensa,</span> <span class='ocrx_word' id='word_1_131' title='bbox 453 1419 483 1446; x_wconf 90' lang='lat' dir='ltr'>et</span> <span class='ocrx_word' id='word_1_132' title='bbox 505 1411 542 1446; x_wconf 88' lang='lat' dir='ltr'>ad</span> <span class='ocrx_word' id='word_1_133' title='bbox 569 1425 717 1458; x_wconf 85' lang='lat' dir='ltr'>praesens</span> <span class='ocrx_word' id='word_1_134' title='bbox 738 1412 842 1460; x_wconf 89' lang='lat' dir='ltr'>aliqua</span> <span class='ocrx_word' id='word_1_135' title='bbox 866 1425 903 1447; x_wconf 82' lang='lat' dir='ltr'>ex</span> <span class='ocrx_word' id='word_1_136' title='bbox 926 1426 1018 1448; x_wconf 85' lang='lat' dir='ltr'>causa</span> 
     </span>
     <span class='ocr_line' id='line_1_27' title="bbox 264 1461 1017 1508; baseline 0.003 -12"><span class='ocrx_word' id='word_1_137' title='bbox 264 1462 479 1508; x_wconf 80' lang='lat' dir='ltr'>omissa,quae</span> <span class='ocrx_word' id='word_1_138' title='bbox 490 1463 620 1497; x_wconf 84' lang='lat' dir='ltr'>omnino</span> <span class='ocrx_word' id='word_1_139' title='bbox 630 1461 798 1497; x_wconf 82' lang='lat' dir='ltr'>reformare</span> <span class='ocrx_word' id='word_1_140' title='bbox 813 1462 1017 1498; x_wconf 87' lang='lat' dir='ltr'>intendimus.</span> 
     </span>
    </p>

    <p class='ocr_par' dir='ltr' id='par_1_5' title="bbox 313 1511 577 1555">
     <span class='ocr_line' id='line_1_28' title="bbox 313 1511 577 1555; baseline -0.008 -9"><span class='ocrx_word' id='word_1_141' title='bbox 313 1511 398 1546; x_wconf 92' lang='lat' dir='ltr'>Nulli</span> <span class='ocrx_word' id='word_1_142' title='bbox 423 1523 498 1555; x_wconf 76' lang='lat' dir='ltr'>ergo</span> <span class='ocrx_word' id='word_1_143' title='bbox 525 1519 577 1545; x_wconf 84' lang='lat' dir='ltr'>etc.</span> 
     </span>
    </p>

    <p class='ocr_par' dir='ltr' id='par_1_6' title="bbox 265 1560 1019 1758">
     <span class='ocr_line' id='line_1_29' title="bbox 313 1560 1018 1607; baseline 0 -11"><span class='ocrx_word' id='word_1_144' title='bbox 313 1560 428 1596; x_wconf 88' lang='lat' dir='ltr'>Datum</span> <span class='ocrx_word' id='word_1_145' title='bbox 456 1560 576 1595; x_wconf 88' lang='lat' dir='ltr'>Romae</span> <span class='ocrx_word' id='word_1_146' title='bbox 596 1560 679 1607; x_wconf 89' lang='lat' dir='ltr'>apud</span> <span class='ocrx_word' id='word_1_147' title='bbox 697 1560 850 1596; x_wconf 84' lang='lat' dir='ltr'>Sanctum</span> <span class='ocrx_word' id='word_1_148' title='bbox 874 1561 1018 1606; x_wconf 82' lang='lat' dir='ltr'>Petrum,</span> 
     </span>
     <span class='ocr_line' id='line_1_30' title="bbox 265 1609 1018 1647; baseline 0.001 -1"><span class='ocrx_word' id='word_1_149' title='bbox 265 1622 348 1646; x_wconf 83' lang='lat' dir='ltr'>anno</span> <span class='ocrx_word' id='word_1_150' title='bbox 375 1609 605 1644; x_wconf 81' lang='lat' dir='ltr'>Incarnationis</span> <span class='ocrx_word' id='word_1_151' title='bbox 637 1610 812 1645; x_wconf 86' lang='lat' dir='ltr'>dominicae</span> <span class='ocrx_word' id='word_1_152' title='bbox 849 1612 1018 1647; x_wconf 81' lang='lat' dir='ltr'>millesimo</span> 
     </span>
     <span class='ocr_line' id='line_1_31' title="bbox 265 1660 1019 1707; baseline 0.004 -14"><span class='ocrx_word' id='word_1_153' title='bbox 265 1660 520 1707; x_wconf 83' lang='lat' dir='ltr'>quingentesimo</span> <span class='ocrx_word' id='word_1_154' title='bbox 560 1660 931 1705; x_wconf 27' lang='lat' dir='ltr'>tertiodecimo,rizlihus</span> <span class='ocrx_word' id='word_1_155' title='bbox 963 1661 1019 1696; x_wconf 87' lang='lat' dir='ltr'>dc-</span> 
     </span>
     <span class='ocr_line' id='line_1_32' title="bbox 265 1709 997 1758; baseline 0.001 -14"><span class='ocrx_word' id='word_1_156' title='bbox 265 1709 414 1753; x_wconf 85' lang='lat' dir='ltr'>cembris,</span> <span class='ocrx_word' id='word_1_157' title='bbox 439 1709 639 1756; x_wconf 86' lang='lat' dir='ltr'>pontificatus</span> <span class='ocrx_word' id='word_1_158' title='bbox 662 1711 760 1745; x_wconf 88' lang='lat' dir='ltr'>nostri</span> <span class='ocrx_word' id='word_1_159' title='bbox 784 1723 866 1745; x_wconf 88' lang='lat' dir='ltr'>anno</span> <span class='ocrx_word' id='word_1_160' title='bbox 884 1711 997 1758; x_wconf 88' lang='lat' dir='ltr'>primo.</span> 
     </span>
    </p>
   </div>
   <div class='ocr_carea' id='block_1_5' title="bbox 300 1769 982 1812">
    <p class='ocr_par' dir='ltr' id='par_1_7' title="bbox 300 1769 982 1812">
     <span class='ocr_line' id='line_1_33' title="bbox 300 1769 982 1812; baseline 0.004 -12"><span class='ocrx_word' id='word_1_161' title='bbox 300 1769 361 1801; x_wconf 87' lang='lat' dir='ltr'>Dat.</span> <span class='ocrx_word' id='word_1_162' title='bbox 377 1771 424 1801; x_wconf 89' lang='lat' dir='ltr'>die</span> <span class='ocrx_word' id='word_1_163' title='bbox 441 1771 477 1802; x_wconf 90' lang='lat'>13</span> <span class='ocrx_word' id='word_1_164' title='bbox 493 1771 661 1802; x_wconf 87' lang='lat' dir='ltr'>decembris</span> <span class='ocrx_word' id='word_1_165' title='bbox 675 1772 761 1809; x_wconf 80' lang='lat'>1513,</span> <span class='ocrx_word' id='word_1_166' title='bbox 778 1777 855 1812; x_wconf 88' lang='lat' dir='ltr'>pont.</span> <span class='ocrx_word' id='word_1_167' title='bbox 871 1781 946 1803; x_wconf 87' lang='lat' dir='ltr'>anno</span> <span class='ocrx_word' id='word_1_168' title='bbox 964 1781 982 1803; x_wconf 89' lang='lat'>1.</span> 
     </span>
    </p>
   </div>
   <div class='ocr_carea' id='block_1_6' title="bbox 570 1837 701 1844">
    <p class='ocr_par' dir='ltr' id='par_1_8' title="bbox 570 1837 701 1844">
     <span class='ocr_line' id='line_1_34' title="bbox 570 1837 701 1844; baseline 0 1407"><span class='ocrx_word' id='word_1_169' title='bbox 570 1837 701 1844; x_wconf 95' lang='lat' dir='ltr'> </span> 
     </span>
    </p>
   </div>
   <div class='ocr_carea' id='block_1_7' title="bbox 616 1892 669 1926">
    <p class='ocr_par' dir='ltr' id='par_1_9' title="bbox 616 1892 669 1926">
     <span class='ocr_line' id='line_1_35' title="bbox 616 1892 669 1926; baseline 0 0"><span class='ocrx_word' id='word_1_170' title='bbox 616 1892 669 1926; x_wconf 89' lang='lat' dir='ltr'>vt.</span> 
     </span>
    </p>
   </div>
   <div class='ocr_carea' id='block_1_8' title="bbox 266 1966 1021 2249">
    <p class='ocr_par' dir='ltr' id='par_1_10' title="bbox 266 1966 1021 2249">
     <span class='ocr_line' id='line_1_36' title="bbox 266 1966 1019 2001; baseline -0.003 0"><span class='ocrx_word' id='word_1_171' title='bbox 266 1967 436 2001; x_wconf 79' lang='lat' dir='ltr'>Asserences</span> <span class='ocrx_word' id='word_1_172' title='bbox 463 1966 602 1999; x_wconf 77' lang='lat' dir='ltr'>animam</span> <span class='ocrx_word' id='word_1_173' title='bbox 623 1977 682 1999; x_wconf 83' lang='lat' dir='ltr'>esse</span> <span class='ocrx_word' id='word_1_174' title='bbox 709 1967 869 1999; x_wconf 83' lang='lat' dir='ltr'>mortalem</span> <span class='ocrx_word' id='word_1_175' title='bbox 896 1973 920 1999; x_wconf 83' lang='lat' dir='ltr'>et</span> <span class='ocrx_word' id='word_1_176' title='bbox 948 1967 1019 2000; x_wconf 80' lang='lat' dir='ltr'>uui-</span> 
     </span>
     <span class='ocr_line' id='line_1_37' title="bbox 315 2016 1021 2055; baseline -0.003 -5"><span class='ocrx_word' id='word_1_177' title='bbox 315 2028 383 2050; x_wconf 83' lang='lat' dir='ltr'>cam</span> <span class='ocrx_word' id='word_1_178' title='bbox 405 2016 438 2048; x_wconf 81' lang='lat' dir='ltr'>in</span> <span class='ocrx_word' id='word_1_179' title='bbox 459 2016 573 2049; x_wconf 82' lang='lat' dir='ltr'>cunctis</span> <span class='ocrx_word' id='word_1_180' title='bbox 595 2016 787 2055; x_wconf 76' lang='lat' dir='ltr'>hominibus,</span> <span class='ocrx_word' id='word_1_181' title='bbox 811 2017 856 2048; x_wconf 78' lang='lat' dir='ltr'>uti</span> <span class='ocrx_word' id='word_1_182' title='bbox 876 2017 1021 2050; x_wconf 78' lang='lat' dir='ltr'>haeretici</span> 
     </span>
     <span class='ocr_line' id='line_1_38' title="bbox 310 2065 1018 2111; baseline 0 -12"><span class='ocrx_word' id='word_1_183' title='bbox 310 2066 462 2111; x_wconf 77' lang='lat' dir='ltr'>plectendi</span> <span class='ocrx_word' id='word_1_184' title='bbox 476 2072 558 2099; x_wconf 83' lang='lat' dir='ltr'>sunt.</span> <span class='ocrx_word' id='word_1_185' title='bbox 575 2066 615 2098; x_wconf 85' lang='lat' dir='ltr'>Et</span> <span class='ocrx_word' id='word_1_186' title='bbox 636 2065 785 2099; x_wconf 78' lang='lat' dir='ltr'>catholica</span> <span class='ocrx_word' id='word_1_187' title='bbox 799 2066 922 2107; x_wconf 76' lang='lat' dir='ltr'>veritas,</span> <span class='ocrx_word' id='word_1_188' title='bbox 938 2067 1018 2099; x_wconf 79' lang='lat' dir='ltr'>circa</span> 
     </span>
     <span class='ocr_line' id='line_1_39' title="bbox 314 2116 1019 2160; baseline 0 -12"><span class='ocrx_word' id='word_1_189' title='bbox 314 2116 463 2160; x_wconf 76' lang='lat' dir='ltr'>doqmata</span> <span class='ocrx_word' id='word_1_190' title='bbox 482 2116 736 2160; x_wconf 79' lang='lat' dir='ltr'>philosophorum</span> <span class='ocrx_word' id='word_1_191' title='bbox 757 2116 829 2160; x_wconf 81' lang='lat' dir='ltr'>fidei</span> <span class='ocrx_word' id='word_1_192' title='bbox 850 2117 1019 2149; x_wconf 73' lang='lat' dir='ltr'>adversan-</span> 
     </span>
     <span class='ocr_line' id='line_1_40' title="bbox 313 2165 1017 2210; baseline -0.001 -12"><span class='ocrx_word' id='word_1_193' title='bbox 313 2165 370 2204; x_wconf 75' lang='lat' dir='ltr'>tia,</span> <span class='ocrx_word' id='word_1_194' title='bbox 396 2177 414 2198; x_wconf 85' lang='lat' dir='ltr'><em>a</em></span> <span class='ocrx_word' id='word_1_195' title='bbox 438 2165 651 2210; x_wconf 75' lang='lat' dir='ltr'>philosophiae</span> <span class='ocrx_word' id='word_1_196' title='bbox 673 2165 895 2210; x_wconf 77' lang='lat' dir='ltr'>professoribus</span> <span class='ocrx_word' id='word_1_197' title='bbox 917 2166 1017 2210; x_wconf 66' lang='lat' dir='ltr'>empli-</span> 
     </span>
     <span class='ocr_line' id='line_1_41' title="bbox 314 2216 493 2249; baseline 0 -1"><span class='ocrx_word' id='word_1_198' title='bbox 314 2216 415 2249; x_wconf 85' lang='lat' dir='ltr'>canda</span> <span class='ocrx_word' id='word_1_199' title='bbox 441 2221 493 2249; x_wconf 73' lang='lat' dir='ltr'>est.</span> 
     </span>
    </p>
   </div>
   <div class='ocr_carea' id='block_1_9' title="bbox 537 2283 753 2315">
    <p class='ocr_par' dir='ltr' id='par_1_11' title="bbox 537 2283 753 2315">
     <span class='ocr_line' id='line_1_42' title="bbox 537 2283 753 2315; baseline -0.005 0"><span class='ocrx_word' id='word_1_200' title='bbox 537 2283 753 2315; x_wconf 78' lang='lat' dir='ltr'>SUMMARtUM</span> 
     </span>
    </p>
   </div>
   <div class='ocr_carea' id='block_1_10' title="bbox 266 2347 1020 2697">
    <p class='ocr_par' dir='ltr' id='par_1_12' title="bbox 266 2347 1020 2697">
     <span class='ocr_line' id='line_1_43' title="bbox 266 2347 1018 2379; baseline -0.001 -1"><span class='ocrx_word' id='word_1_201' title='bbox 266 2347 436 2379; x_wconf 84' lang='lat' dir='ltr'>Exordium.</span> <span class='ocrx_word' id='word_1_202' title='bbox 458 2364 497 2371; x_wconf 88' lang='lat'>—</span> <span class='ocrx_word' id='word_1_203' title='bbox 520 2348 546 2378; x_wconf 83' lang='lat' dir='ltr'>t.</span> <span class='ocrx_word' id='word_1_204' title='bbox 565 2347 657 2377; x_wconf 84' lang='lat' dir='ltr'>Causa</span> <span class='ocrx_word' id='word_1_205' title='bbox 678 2347 908 2378; x_wconf 84' lang='lat' dir='ltr'>constitutionis.</span> <span class='ocrx_word' id='word_1_206' title='bbox 931 2364 971 2370; x_wconf 90' lang='lat'>—</span> <span class='ocrx_word' id='word_1_207' title='bbox 992 2348 1018 2377; x_wconf 72' lang='lat'>2.</span> 
     </span>
     <span class='ocr_line' id='line_1_44' title="bbox 304 2392 1020 2428; baseline -0.001 -5"><span class='ocrx_word' id='word_1_208' title='bbox 304 2393 480 2423; x_wconf 85' lang='lat' dir='ltr'>Asserentes</span> <span class='ocrx_word' id='word_1_209' title='bbox 500 2393 627 2422; x_wconf 89' lang='lat' dir='ltr'>animam</span> <span class='ocrx_word' id='word_1_210' title='bbox 647 2401 712 2421; x_wconf 87' lang='lat' dir='ltr'>esse</span> <span class='ocrx_word' id='word_1_211' title='bbox 730 2392 880 2421; x_wconf 83' lang='lat' dir='ltr'>mortalem</span> <span class='ocrx_word' id='word_1_212' title='bbox 901 2396 962 2428; x_wconf 70' lang='lat' dir='ltr'>ele,</span> <span class='ocrx_word' id='word_1_213' title='bbox 981 2393 1020 2422; x_wconf 87' lang='lat' dir='ltr'>si-</span> 
     </span>
     <span class='ocr_line' id='line_1_45' title="bbox 305 2436 1017 2475; baseline -0.001 -8"><span class='ocrx_word' id='word_1_214' title='bbox 305 2442 354 2467; x_wconf 90' lang='lat' dir='ltr'>cut</span> <span class='ocrx_word' id='word_1_215' title='bbox 376 2437 517 2467; x_wconf 82' lang='lat' dir='ltr'>haeretici</span> <span class='ocrx_word' id='word_1_216' title='bbox 537 2437 636 2475; x_wconf 83' lang='lat' dir='ltr'>puniri</span> <span class='ocrx_word' id='word_1_217' title='bbox 660 2436 777 2466; x_wconf 83' lang='lat' dir='ltr'>debent.</span> <span class='ocrx_word' id='word_1_218' title='bbox 798 2453 838 2458; x_wconf 91' lang='grc'><strong>-</strong></span> <span class='ocrx_word' id='word_1_219' title='bbox 864 2436 890 2466; x_wconf 89' lang='lat'>3.</span> <span class='ocrx_word' id='word_1_220' title='bbox 917 2436 1017 2467; x_wconf 85' lang='lat' dir='ltr'>Philo-</span> 
     </span>
     <span class='ocr_line' id='line_1_46' title="bbox 305 2481 1018 2521; baseline 0.001 -11"><span class='ocrx_word' id='word_1_221' title='bbox 305 2481 427 2521; x_wconf 87' lang='lat' dir='ltr'>sophiae</span> <span class='ocrx_word' id='word_1_222' title='bbox 451 2481 636 2519; x_wconf 75' lang='lat' dir='ltr'>professores</span> <span class='ocrx_word' id='word_1_223' title='bbox 670 2481 844 2510; x_wconf 78' lang='lat' dir='ltr'>catholicam</span> <span class='ocrx_word' id='word_1_224' title='bbox 868 2481 1018 2511; x_wconf 88' lang='lat' dir='ltr'>veritatem</span> 
     </span>
     <span class='ocr_line' id='line_1_47' title="bbox 305 2525 1018 2564; baseline 0 -10"><span class='ocrx_word' id='word_1_225' title='bbox 305 2525 395 2555; x_wconf 89' lang='lat' dir='ltr'>huius</span> <span class='ocrx_word' id='word_1_226' title='bbox 412 2526 529 2555; x_wconf 89' lang='lat' dir='ltr'>articuli</span> <span class='ocrx_word' id='word_1_227' title='bbox 546 2526 702 2563; x_wconf 84' lang='lat' dir='ltr'>discipulis</span> <span class='ocrx_word' id='word_1_228' title='bbox 721 2526 876 2564; x_wconf 86' lang='lat' dir='ltr'>explicent.</span> <span class='ocrx_word' id='word_1_229' title='bbox 892 2526 970 2555; x_wconf 79' lang='grc'>-4,</span> <span class='ocrx_word' id='word_1_230' title='bbox 989 2525 1018 2554; x_wconf 87' lang='lat' dir='ltr'>In</span> 
     </span>
     <span class='ocr_line' id='line_1_48' title="bbox 304 2570 1020 2608; baseline 0 -8"><span class='ocrx_word' id='word_1_231' title='bbox 304 2571 396 2600; x_wconf 83' lang='lat' dir='ltr'>sacris</span> <span class='ocrx_word' id='word_1_232' title='bbox 420 2571 586 2606; x_wconf 89' lang='lat' dir='ltr'>constituti,</span> <span class='ocrx_word' id='word_1_233' title='bbox 609 2570 771 2608; x_wconf 69' lang='lat' dir='ltr'>theologiae</span> <span class='ocrx_word' id='word_1_234' title='bbox 791 2570 834 2599; x_wconf 90' lang='lat' dir='ltr'>vel</span> <span class='ocrx_word' id='word_1_235' title='bbox 855 2571 948 2600; x_wconf 81' lang='lat' dir='ltr'>sacris</span> <span class='ocrx_word' id='word_1_236' title='bbox 972 2579 1020 2600; x_wconf 83' lang='lat' dir='ltr'>ca-</span> 
     </span>
     <span class='ocr_line' id='line_1_49' title="bbox 303 2613 1020 2651; baseline 0 -7"><span class='ocrx_word' id='word_1_237' title='bbox 303 2614 431 2644; x_wconf 88' lang='lat' dir='ltr'>nonibus</span> <span class='ocrx_word' id='word_1_238' title='bbox 452 2615 597 2644; x_wconf 87' lang='lat' dir='ltr'>studeant.</span> <span class='ocrx_word' id='word_1_239' title='bbox 612 2631 651 2636; x_wconf 87' lang='lat'>-</span> <span class='ocrx_word' id='word_1_240' title='bbox 669 2614 695 2644; x_wconf 82' lang='lat'>5.</span> <span class='ocrx_word' id='word_1_241' title='bbox 717 2614 748 2644; x_wconf 93' lang='lat' dir='ltr'>ln</span> <span class='ocrx_word' id='word_1_242' title='bbox 767 2613 877 2644; x_wconf 79' lang='lat' dir='ltr'>Studiis</span> <span class='ocrx_word' id='word_1_243' title='bbox 897 2623 1020 2651; x_wconf 77' lang='lat' dir='ltr'>genera-</span> 
     </span>
     <span class='ocr_line' id='line_1_50' title="bbox 306 2657 702 2697; baseline -0.003 -9"><span class='ocrx_word' id='word_1_244' title='bbox 306 2657 386 2688; x_wconf 89' lang='lat' dir='ltr'>libus</span> <span class='ocrx_word' id='word_1_245' title='bbox 409 2658 482 2688; x_wconf 85' lang='lat' dir='ltr'>haec</span> <span class='ocrx_word' id='word_1_246' title='bbox 505 2658 702 2697; x_wconf 84' lang='lat' dir='ltr'>publicentur.</span> 
     </span>
    </p>
   </div>
   <div class='ocr_carea' id='block_1_11' title="bbox 344 2706 880 2737">
    <p class='ocr_par' dir='ltr' id='par_1_13' title="bbox 344 2706 880 2737">
     <span class='ocr_line' id='line_1_51' title="bbox 344 2706 880 2737; baseline -0.002 0"><span class='ocrx_word' id='word_1_247' title='bbox 344 2707 418 2737; x_wconf 73' lang='lat' dir='ltr'>Ball.</span> <span class='ocrx_word' id='word_1_248' title='bbox 442 2707 517 2737; x_wconf 78' lang='lat' dir='ltr'>Rom.</span> <span class='ocrx_word' id='word_1_249' title='bbox 546 2706 600 2736; x_wconf 80' lang='lat' dir='ltr'>Vol.</span> <span class='ocrx_word' id='word_1_250' title='bbox 628 2707 656 2736; x_wconf 90' lang='lat' dir='ltr'>V.</span> <span class='ocrx_word' id='word_1_251' title='bbox 845 2707 880 2736; x_wconf 77' lang='lat'>76</span> 
     </span>
    </p>
   </div>
   <div class='ocr_carea' id='block_1_12' title="bbox 1038 1616 1043 2359">
    <p class='ocr_par' dir='ltr' id='par_1_14' title="bbox 1038 1616 1043 2359">
     <span class='ocr_line' id='line_1_52' title="bbox 1038 1616 1043 2359; baseline 0 0"><span class='ocrx_word' id='word_1_252' title='bbox 1038 1616 1043 2359; x_wconf 95' lang='lat' dir='ltr'> </span> 
     </span>
    </p>
   </div>
   <div class='ocr_carea' id='block_1_13' title="bbox 1695 274 1758 307">
    <p class='ocr_par' dir='ltr' id='par_1_15' title="bbox 1695 274 1758 307">
     <span class='ocr_line' id='line_1_53' title="bbox 1695 274 1758 307; baseline 0 -1"><span class='ocrx_word' id='word_1_253' title='bbox 1695 274 1758 307; x_wconf 83' lang='lat'>601</span> 
     </span>
    </p>
   </div>
   <div class='ocr_carea' id='block_1_14' title="bbox 1059 335 1816 2644">
    <p class='ocr_par' dir='ltr' id='par_1_16' title="bbox 1062 335 1814 465">
     <span class='ocr_line' id='line_1_54' title="bbox 1062 335 1813 378; baseline 0.009 -14"><span class='ocrx_word' id='word_1_254' title='bbox 1062 335 1111 365; x_wconf 81' lang='lat' dir='ltr'>Leo</span> <span class='ocrx_word' id='word_1_255' title='bbox 1131 336 1274 374; x_wconf 78' lang='lat' dir='ltr'>episeopus</span> <span class='ocrx_word' id='word_1_256' title='bbox 1299 345 1394 368; x_wconf 80' lang='lat' dir='ltr'>servus</span> <span class='ocrx_word' id='word_1_257' title='bbox 1413 345 1553 369; x_wconf 78' lang='lat' dir='ltr'>servorum</span> <span class='ocrx_word' id='word_1_258' title='bbox 1577 339 1638 374; x_wconf 78' lang='lat' dir='ltr'>Det,</span> <span class='ocrx_word' id='word_1_259' title='bbox 1663 341 1696 370; x_wconf 78' lang='lat' dir='ltr'>od</span> <span class='ocrx_word' id='word_1_260' title='bbox 1720 348 1813 378; x_wconf 80' lang='lat' dir='ltr'>porpo-</span> 
     </span>
     <span class='ocr_line' id='line_1_55' title="bbox 1108 388 1814 428; baseline 0.007 -13"><span class='ocrx_word' id='word_1_261' title='bbox 1108 388 1185 416; x_wconf 77' lang='lat' dir='ltr'>tuam</span> <span class='ocrx_word' id='word_1_262' title='bbox 1204 388 1244 417; x_wconf 83' lang='lat' dir='ltr'>rei</span> <span class='ocrx_word' id='word_1_263' title='bbox 1271 390 1444 423; x_wconf 76' lang='lat' dir='ltr'>memoriam.</span> <span class='ocrx_word' id='word_1_264' title='bbox 1465 397 1543 420; x_wconf 72' lang='lat' dir='ltr'>sacro</span> <span class='ocrx_word' id='word_1_265' title='bbox 1563 391 1727 428; x_wconf 79' lang='lat' dir='ltr'>approbante</span> <span class='ocrx_word' id='word_1_266' title='bbox 1747 392 1814 421; x_wconf 86' lang='lat' dir='ltr'>Con-</span> 
     </span>
     <span class='ocr_line' id='line_1_56' title="bbox 1107 436 1180 465; baseline 0.014 -1"><span class='ocrx_word' id='word_1_267' title='bbox 1107 436 1180 465; x_wconf 77' lang='lat' dir='ltr'>cilio.</span> 
     </span>
    </p>

    <p class='ocr_par' dir='ltr' id='par_1_17' title="bbox 1061 499 1814 1025">
     <span class='ocr_line' id='line_1_57' title="bbox 1111 499 1812 548; baseline 0.009 -15"><span class='ocrx_word' id='word_1_268' title='bbox 1111 499 1285 545; x_wconf 82' lang='lat' dir='ltr'>Apostolici</span> <span class='ocrx_word' id='word_1_269' title='bbox 1311 502 1472 548; x_wconf 82' lang='lat' dir='ltr'>regiminis</span> <span class='ocrx_word' id='word_1_270' title='bbox 1487 503 1668 538; x_wconf 90' lang='lat' dir='ltr'>sollicitudo</span> <span class='ocrx_word' id='word_1_271' title='bbox 1692 516 1748 539; x_wconf 86' lang='lat' dir='ltr'>nos</span> <span class='ocrx_word' id='word_1_272' title='bbox 1767 517 1812 539; x_wconf 87' lang='lat' dir='ltr'>as-</span> 
     </span>
     <span class='ocr_line' id='line_1_58' title="bbox 1062 548 1814 594; baseline 0.011 -14"><span class='ocrx_word' id='word_1_273' title='bbox 1062 548 1152 582; x_wconf 89' lang='lat' dir='ltr'>sidue</span> <span class='ocrx_word' id='word_1_274' title='bbox 1177 549 1290 594; x_wconf 85' lang='lat' dir='ltr'>pulsat,</span> <span class='ocrx_word' id='word_1_275' title='bbox 1311 558 1343 584; x_wconf 89' lang='lat' dir='ltr'>ut</span> <span class='ocrx_word' id='word_1_276' title='bbox 1366 551 1532 586; x_wconf 86' lang='lat' dir='ltr'>medendis</span> <span class='ocrx_word' id='word_1_277' title='bbox 1553 553 1727 588; x_wconf 87' lang='lat' dir='ltr'>animarum</span> <span class='ocrx_word' id='word_1_278' title='bbox 1744 554 1814 588; x_wconf 83' lang='lat' dir='ltr'>lan·</span> 
     </span>
     <span class='ocr_line' id='line_1_59' title="bbox 1062 597 1813 649; baseline 0.008 -20"><span class='ocrx_word' id='word_1_279' title='bbox 1062 597 1226 642; x_wconf 71' lang='lat' dir='ltr'>grint-ihus,</span> <span class='ocrx_word' id='word_1_280' title='bbox 1249 611 1380 645; x_wconf 88' lang='lat' dir='ltr'>quarum</span> <span class='ocrx_word' id='word_1_281' title='bbox 1403 613 1459 635; x_wconf 89' lang='lat' dir='ltr'>nos</span> <span class='ocrx_word' id='word_1_282' title='bbox 1481 602 1591 635; x_wconf 87' lang='lat' dir='ltr'>exalto</span> <span class='ocrx_word' id='word_1_283' title='bbox 1613 603 1813 649; x_wconf 74' lang='lat' dir='ltr'>omnipotens</span> 
     </span>
     <span class='ocr_line' id='line_1_60' title="bbox 1062 646 1813 698; baseline 0.008 -18"><span class='ocrx_word' id='word_1_284' title='bbox 1062 646 1181 681; x_wconf 81' lang='lat' dir='ltr'>Auctor</span> <span class='ocrx_word' id='word_1_285' title='bbox 1203 660 1309 682; x_wconf 90' lang='lat' dir='ltr'>curam</span> <span class='ocrx_word' id='word_1_286' title='bbox 1338 648 1453 684; x_wconf 81' lang='lat' dir='ltr'>hahere</span> <span class='ocrx_word' id='word_1_287' title='bbox 1482 650 1592 689; x_wconf 70' lang='lat' dir='ltr'>voluit,</span> <span class='ocrx_word' id='word_1_288' title='bbox 1620 651 1657 685; x_wconf 91' lang='lat' dir='ltr'>iis</span> <span class='ocrx_word' id='word_1_289' title='bbox 1686 652 1813 698; x_wconf 88' lang='lat' dir='ltr'>potissi-</span> 
     </span>
     <span class='ocr_line' id='line_1_61' title="bbox 1063 697 1812 746; baseline 0.011 -18"><span class='ocrx_word' id='word_1_290' title='bbox 1063 707 1162 733; x_wconf 75' lang='lat' dir='ltr'>mum,</span> <span class='ocrx_word' id='word_1_291' title='bbox 1189 697 1242 741; x_wconf 84' lang='lat' dir='ltr'>qui</span> <span class='ocrx_word' id='word_1_292' title='bbox 1267 698 1431 732; x_wconf 84' lang='lat' dir='ltr'>instantius</span> <span class='ocrx_word' id='word_1_293' title='bbox 1458 698 1568 733; x_wconf 83' lang='lat' dir='ltr'>fideles</span> <span class='ocrx_word' id='word_1_294' title='bbox 1592 712 1675 734; x_wconf 90' lang='lat' dir='ltr'>nune</span> <span class='ocrx_word' id='word_1_295' title='bbox 1700 713 1812 746; x_wconf 84' lang='lat' dir='ltr'>urgere</span> 
     </span>
     <span class='ocr_line' id='line_1_62' title="bbox 1062 746 1813 785; baseline 0.009 -8"><span class='ocrx_word' id='word_1_296' title='bbox 1062 754 1247 785; x_wconf 63' lang='lat' dir='ltr'>cernuntur,</span> <span class='ocrx_word' id='word_1_297' title='bbox 1271 746 1432 781; x_wconf 80' lang='lat' dir='ltr'>salutifero</span> <span class='ocrx_word' id='word_1_298' title='bbox 1454 748 1513 781; x_wconf 90' lang='lat' dir='ltr'>olei</span> <span class='ocrx_word' id='word_1_299' title='bbox 1537 758 1567 782; x_wconf 91' lang='lat' dir='ltr'>et</span> <span class='ocrx_word' id='word_1_300' title='bbox 1591 750 1651 783; x_wconf 75' lang='lat' dir='ltr'>vini</span> <span class='ocrx_word' id='word_1_301' title='bbox 1677 750 1813 784; x_wconf 82' lang='lat' dir='ltr'>medica-</span> 
     </span>
     <span class='ocr_line' id='line_1_63' title="bbox 1063 794 1812 845; baseline 0.008 -18"><span class='ocrx_word' id='word_1_302' title='bbox 1063 794 1159 836; x_wconf 82' lang='lat' dir='ltr'>mine,</span> <span class='ocrx_word' id='word_1_303' title='bbox 1186 794 1223 827; x_wconf 87' lang='lat' dir='ltr'>ad</span> <span class='ocrx_word' id='word_1_304' title='bbox 1249 795 1344 829; x_wconf 88' lang='lat' dir='ltr'>instar</span> <span class='ocrx_word' id='word_1_305' title='bbox 1362 796 1551 830; x_wconf 87' lang='lat' dir='ltr'>Samaritani</span> <span class='ocrx_word' id='word_1_306' title='bbox 1575 798 1604 831; x_wconf 89' lang='lat' dir='ltr'>iu</span> <span class='ocrx_word' id='word_1_307' title='bbox 1627 798 1812 845; x_wconf 72' lang='lat' dir='ltr'>Evangelio,</span> 
     </span>
     <span class='ocr_line' id='line_1_64' title="bbox 1062 843 1812 890; baseline 0.008 -14"><span class='ocrx_word' id='word_1_308' title='bbox 1062 843 1215 876; x_wconf 82' lang='lat' dir='ltr'>solicitam</span> <span class='ocrx_word' id='word_1_309' title='bbox 1239 856 1364 889; x_wconf 86' lang='lat' dir='ltr'>operam</span> <span class='ocrx_word' id='word_1_310' title='bbox 1391 845 1636 890; x_wconf 86' lang='lat' dir='ltr'>impendamus,</span> <span class='ocrx_word' id='word_1_311' title='bbox 1659 859 1697 882; x_wconf 89' lang='lat' dir='ltr'>ne</span> <span class='ocrx_word' id='word_1_312' title='bbox 1722 848 1812 882; x_wconf 89' lang='lat' dir='ltr'>nohis</span> 
     </span>
     <span class='ocr_line' id='line_1_65' title="bbox 1063 891 1811 942; baseline 0.008 -17"><span class='ocrx_word' id='word_1_313' title='bbox 1063 891 1136 925; x_wconf 86' lang='lat' dir='ltr'>illud</span> <span class='ocrx_word' id='word_1_314' title='bbox 1175 891 1323 928; x_wconf 83' lang='lat' dir='ltr'>leremiae</span> <span class='ocrx_word' id='word_1_315' title='bbox 1362 894 1542 929; x_wconf 86' lang='lat' dir='ltr'>obiiciatur:</span> <span class='ocrx_word' id='word_1_316' title='bbox 1570 897 1732 942; x_wconf 76' lang='lat' dir='ltr'>Numquid</span> <span class='ocrx_word' id='word_1_317' title='bbox 1758 909 1811 931; x_wconf 80' lang='lat' dir='ltr'>re-</span> 
     </span>
     <span class='ocr_line' id='line_1_66' title="bbox 1061 944 1811 983; baseline 0.009 -10"><span class='ocrx_word' id='word_1_318' title='bbox 1061 944 1129 974; x_wconf 73' lang='lat' dir='ltr'>sina</span> <span class='ocrx_word' id='word_1_319' title='bbox 1151 954 1211 974; x_wconf 82' lang='lat' dir='ltr'>uon</span> <span class='ocrx_word' id='word_1_320' title='bbox 1233 950 1273 976; x_wconf 81' lang='lat' dir='ltr'>est</span> <span class='ocrx_word' id='word_1_321' title='bbox 1295 945 1327 977; x_wconf 80' lang='lat' dir='ltr'>in</span> <span class='ocrx_word' id='word_1_322' title='bbox 1351 944 1488 983; x_wconf 77' lang='lat' dir='ltr'>Galaad,</span> <span class='ocrx_word' id='word_1_323' title='bbox 1518 953 1571 978; x_wconf 86' lang='grc' dir='ltr'><strong><em>αιιι</em></strong></span> <span class='ocrx_word' id='word_1_324' title='bbox 1592 948 1724 980; x_wconf 82' lang='lat' dir='ltr'>medicus</span> <span class='ocrx_word' id='word_1_325' title='bbox 1750 958 1811 980; x_wconf 82' lang='lat' dir='ltr'>non</span> 
     </span>
     <span class='ocr_line' id='line_1_67' title="bbox 1061 991 1199 1025; baseline 0 -1"><span class='ocrx_word' id='word_1_326' title='bbox 1061 999 1102 1025; x_wconf 80' lang='lat' dir='ltr'>est</span> <span class='ocrx_word' id='word_1_327' title='bbox 1129 991 1199 1024; x_wconf 72' lang='lat' dir='ltr'>ibi?</span> 
     </span>
    </p>

    <p class='ocr_par' dir='ltr' id='par_1_18' title="bbox 1059 1039 1814 1631">
     <span class='ocr_line' id='line_1_68' title="bbox 1110 1039 1810 1091; baseline 0.009 -18"><span class='ocrx_word' id='word_1_328' title='bbox 1110 1040 1129 1087; x_wconf 64' lang='lat' dir='ltr'>g</span> <span class='ocrx_word' id='word_1_329' title='bbox 1153 1042 1183 1074; x_wconf 82' lang='lat'>1.</span> <span class='ocrx_word' id='word_1_330' title='bbox 1209 1039 1290 1075; x_wconf 92' lang='lat' dir='ltr'>Cum</span> <span class='ocrx_word' id='word_1_331' title='bbox 1316 1040 1419 1089; x_wconf 89' lang='lat' dir='ltr'>itaque</span> <span class='ocrx_word' id='word_1_332' title='bbox 1442 1041 1554 1078; x_wconf 88' lang='lat' dir='ltr'>diebus</span> <span class='ocrx_word' id='word_1_333' title='bbox 1576 1044 1704 1088; x_wconf 89' lang='lat' dir='ltr'>nostris,</span> <span class='ocrx_word' id='word_1_334' title='bbox 1727 1044 1810 1091; x_wconf 86' lang='lat' dir='ltr'>quod</span> 
     </span>
     <span class='ocr_line' id='line_1_69' title="bbox 1061 1088 1813 1135; baseline 0.007 -13"><span class='ocrx_word' id='word_1_335' title='bbox 1061 1088 1205 1123; x_wconf 76' lang='lat' dir='ltr'>dolenter</span> <span class='ocrx_word' id='word_1_336' title='bbox 1228 1089 1369 1134; x_wconf 83' lang='lat' dir='ltr'>ferimus,</span> <span class='ocrx_word' id='word_1_337' title='bbox 1396 1091 1531 1125; x_wconf 80' lang='lat' dir='ltr'>zizaniae</span> <span class='ocrx_word' id='word_1_338' title='bbox 1558 1093 1813 1135; x_wconf 83' lang='lat' dir='ltr'>seminator,au-</span> 
     </span>
     <span class='ocr_line' id='line_1_70' title="bbox 1062 1138 1812 1186; baseline 0.009 -15"><span class='ocrx_word' id='word_1_339' title='bbox 1062 1138 1168 1184; x_wconf 90' lang='lat' dir='ltr'>tiquns</span> <span class='ocrx_word' id='word_1_340' title='bbox 1195 1138 1324 1173; x_wconf 86' lang='lat' dir='ltr'>humani</span> <span class='ocrx_word' id='word_1_341' title='bbox 1347 1141 1473 1186; x_wconf 84' lang='lat' dir='ltr'>generis</span> <span class='ocrx_word' id='word_1_342' title='bbox 1496 1140 1613 1179; x_wconf 84' lang='lat' dir='ltr'>hostis,</span> <span class='ocrx_word' id='word_1_343' title='bbox 1642 1142 1812 1178; x_wconf 91' lang='lat' dir='ltr'>nonnullos</span> 
     </span>
     <span class='ocr_line' id='line_1_71' title="bbox 1063 1188 1813 1233; baseline 0.007 -13"><span class='ocrx_word' id='word_1_344' title='bbox 1063 1188 1347 1233; x_wconf 86' lang='lat' dir='ltr'>perniciosissimos</span> <span class='ocrx_word' id='word_1_345' title='bbox 1370 1202 1491 1223; x_wconf 85' lang='lat' dir='ltr'>errores</span> <span class='ocrx_word' id='word_1_346' title='bbox 1513 1202 1529 1224; x_wconf 89' lang='lat' dir='ltr'>a</span> <span class='ocrx_word' id='word_1_347' title='bbox 1557 1190 1703 1224; x_wconf 83' lang='lat' dir='ltr'>fidelihus</span> <span class='ocrx_word' id='word_1_348' title='bbox 1729 1204 1813 1225; x_wconf 90' lang='lat' dir='ltr'>sem-</span> 
     </span>
     <span class='ocr_line' id='line_1_72' title="bbox 1062 1238 1813 1285; baseline 0.004 -15"><span class='ocrx_word' id='word_1_349' title='bbox 1062 1249 1117 1283; x_wconf 85' lang='lat' dir='ltr'>per</span> <span class='ocrx_word' id='word_1_350' title='bbox 1143 1238 1290 1284; x_wconf 83' lang='lat' dir='ltr'>explosos</span> <span class='ocrx_word' id='word_1_351' title='bbox 1318 1238 1348 1272; x_wconf 90' lang='lat' dir='ltr'>in</span> <span class='ocrx_word' id='word_1_352' title='bbox 1377 1250 1452 1283; x_wconf 81' lang='lat' dir='ltr'>agro</span> <span class='ocrx_word' id='word_1_353' title='bbox 1466 1238 1592 1273; x_wconf 87' lang='lat' dir='ltr'>Domini</span> <span class='ocrx_word' id='word_1_354' title='bbox 1616 1241 1813 1285; x_wconf 86' lang='lat' dir='ltr'>supersemi-</span> 
     </span>
     <span class='ocr_line' id='line_1_73' title="bbox 1063 1288 1813 1334; baseline 0.008 -15"><span class='ocrx_word' id='word_1_355' title='bbox 1063 1298 1135 1320; x_wconf 88' lang='lat' dir='ltr'>uare</span> <span class='ocrx_word' id='word_1_356' title='bbox 1158 1295 1188 1321; x_wconf 86' lang='lat' dir='ltr'>et</span> <span class='ocrx_word' id='word_1_357' title='bbox 1209 1299 1323 1332; x_wconf 76' lang='lat' dir='ltr'>augere</span> <span class='ocrx_word' id='word_1_358' title='bbox 1346 1288 1386 1322; x_wconf 89' lang='lat' dir='ltr'>sit</span> <span class='ocrx_word' id='word_1_359' title='bbox 1401 1300 1510 1327; x_wconf 73' lang='lat' dir='ltr'>ausus,</span> <span class='ocrx_word' id='word_1_360' title='bbox 1533 1288 1572 1332; x_wconf 66' lang='lat' dir='ltr'>de</span> <span class='ocrx_word' id='word_1_361' title='bbox 1595 1298 1702 1323; x_wconf 89' lang='lat' dir='ltr'>natura</span> <span class='ocrx_word' id='word_1_362' title='bbox 1724 1302 1813 1334; x_wconf 89' lang='lat' dir='ltr'>prae-</span> 
     </span>
     <span class='ocr_line' id='line_1_74' title="bbox 1060 1336 1813 1384; baseline 0.004 -15"><span class='ocrx_word' id='word_1_363' title='bbox 1060 1336 1168 1370; x_wconf 88' lang='lat' dir='ltr'>sertim</span> <span class='ocrx_word' id='word_1_364' title='bbox 1198 1337 1322 1370; x_wconf 85' lang='lat' dir='ltr'>auimae</span> <span class='ocrx_word' id='word_1_365' title='bbox 1350 1337 1531 1378; x_wconf 80' lang='lat' dir='ltr'>rationalis,</span> <span class='ocrx_word' id='word_1_366' title='bbox 1558 1338 1640 1384; x_wconf 84' lang='lat' dir='ltr'>quod</span> <span class='ocrx_word' id='word_1_367' title='bbox 1670 1338 1813 1373; x_wconf 86' lang='lat' dir='ltr'>videlicet</span> 
     </span>
     <span class='ocr_line' id='line_1_75' title="bbox 1061 1386 1814 1424; baseline 0.005 -6"><span class='ocrx_word' id='word_1_368' title='bbox 1061 1386 1201 1420; x_wconf 86' lang='lat' dir='ltr'>mortalis</span> <span class='ocrx_word' id='word_1_369' title='bbox 1224 1386 1272 1424; x_wconf 76' lang='lat' dir='ltr'>sit,</span> <span class='ocrx_word' id='word_1_370' title='bbox 1296 1394 1350 1420; x_wconf 87' lang='lat' dir='ltr'>aut</span> <span class='ocrx_word' id='word_1_371' title='bbox 1374 1387 1463 1421; x_wconf 84' lang='lat' dir='ltr'>unica</span> <span class='ocrx_word' id='word_1_372' title='bbox 1485 1388 1513 1420; x_wconf 91' lang='lat' dir='ltr'>iu</span> <span class='ocrx_word' id='word_1_373' title='bbox 1538 1387 1658 1422; x_wconf 92' lang='lat' dir='ltr'>cunctis</span> <span class='ocrx_word' id='word_1_374' title='bbox 1681 1387 1814 1422; x_wconf 90' lang='lat' dir='ltr'>homiui-</span> 
     </span>
     <span class='ocr_line' id='line_1_76' title="bbox 1061 1435 1812 1482; baseline 0.001 -13"><span class='ocrx_word' id='word_1_375' title='bbox 1061 1435 1132 1479; x_wconf 89' lang='lat' dir='ltr'>hus,</span> <span class='ocrx_word' id='word_1_376' title='bbox 1160 1444 1191 1469; x_wconf 87' lang='lat' dir='ltr'>et</span> <span class='ocrx_word' id='word_1_377' title='bbox 1225 1435 1366 1469; x_wconf 89' lang='lat' dir='ltr'>nonnulli</span> <span class='ocrx_word' id='word_1_378' title='bbox 1396 1445 1513 1470; x_wconf 74' lang='lat' dir='ltr'>temere</span> <span class='ocrx_word' id='word_1_379' title='bbox 1542 1437 1812 1482; x_wconf 71' lang='lat' dir='ltr'>philosophantes,</span> 
     </span>
     <span class='ocr_line' id='line_1_77' title="bbox 1060 1485 1811 1532; baseline 0.004 -14"><span class='ocrx_word' id='word_1_380' title='bbox 1060 1485 1235 1519; x_wconf 87' lang='lat' dir='ltr'>seeundum</span> <span class='ocrx_word' id='word_1_381' title='bbox 1259 1486 1368 1519; x_wconf 79' lang='lat' dir='ltr'>saltem</span> <span class='ocrx_word' id='word_1_382' title='bbox 1394 1485 1638 1532; x_wconf 80' lang='lat' dir='ltr'>philosophiam,</span> <span class='ocrx_word' id='word_1_383' title='bbox 1656 1499 1761 1520; x_wconf 84' lang='lat' dir='ltr'>verum</span> <span class='ocrx_word' id='word_1_384' title='bbox 1782 1487 1811 1521; x_wconf 85' lang='lat' dir='ltr'>id</span> 
     </span>
     <span class='ocr_line' id='line_1_78' title="bbox 1059 1535 1812 1581; baseline 0.004 -13"><span class='ocrx_word' id='word_1_385' title='bbox 1059 1546 1128 1568; x_wconf 88' lang='lat' dir='ltr'>esse</span> <span class='ocrx_word' id='word_1_386' title='bbox 1151 1543 1342 1573; x_wconf 74' lang='lat' dir='ltr'>asseverent,</span> <span class='ocrx_word' id='word_1_387' title='bbox 1361 1543 1468 1569; x_wconf 86' lang='lat' dir='ltr'>contra</span> <span class='ocrx_word' id='word_1_388' title='bbox 1492 1535 1674 1570; x_wconf 87' lang='lat' dir='ltr'>huiusmodi</span> <span class='ocrx_word' id='word_1_389' title='bbox 1693 1545 1812 1581; x_wconf 84' lang='lat' dir='ltr'>pestem</span> 
     </span>
     <span class='ocr_line' id='line_1_79' title="bbox 1059 1584 1770 1631; baseline 0.001 -13"><span class='ocrx_word' id='word_1_390' title='bbox 1059 1594 1235 1631; x_wconf 88' lang='lat' dir='ltr'>opportuna</span> <span class='ocrx_word' id='word_1_391' title='bbox 1265 1584 1401 1619; x_wconf 80' lang='lat' dir='ltr'>remedia</span> <span class='ocrx_word' id='word_1_392' title='bbox 1424 1585 1574 1619; x_wconf 88' lang='lat' dir='ltr'>adhihere</span> <span class='ocrx_word' id='word_1_393' title='bbox 1596 1586 1770 1631; x_wconf 78' lang='lat' dir='ltr'>cupientes.</span> 
     </span>
    </p>

    <p class='ocr_par' dir='ltr' id='par_1_19' title="bbox 1059 1633 1816 2644">
     <span class='ocr_line' id='line_1_80' title="bbox 1108 1633 1810 1681; baseline 0.003 -14"><span class='ocrx_word' id='word_1_394' title='bbox 1108 1634 1128 1681; x_wconf 63' lang='grc'>5</span> <span class='ocrx_word' id='word_1_395' title='bbox 1155 1636 1187 1668; x_wconf 72' lang='lat'>2.</span> <span class='ocrx_word' id='word_1_396' title='bbox 1224 1633 1293 1668; x_wconf 84' lang='lat' dir='ltr'>Hoc</span> <span class='ocrx_word' id='word_1_397' title='bbox 1326 1646 1416 1668; x_wconf 71' lang='lat' dir='ltr'>sacro</span> <span class='ocrx_word' id='word_1_398' title='bbox 1447 1635 1643 1681; x_wconf 71' lang='lat' dir='ltr'>appi-ohanne</span> <span class='ocrx_word' id='word_1_399' title='bbox 1664 1635 1810 1678; x_wconf 85' lang='lat' dir='ltr'>concilio,</span> 
     </span>
     <span class='ocr_line' id='line_1_81' title="bbox 1060 1683 1813 1729; baseline 0.001 -12"><span class='ocrx_word' id='word_1_400' title='bbox 1060 1683 1248 1717; x_wconf 85' lang='lat' dir='ltr'>damnamus</span> <span class='ocrx_word' id='word_1_401' title='bbox 1271 1692 1299 1718; x_wconf 80' lang='lat' dir='ltr'>ct</span> <span class='ocrx_word' id='word_1_402' title='bbox 1316 1683 1521 1729; x_wconf 82' lang='lat' dir='ltr'>reprobamus</span> <span class='ocrx_word' id='word_1_403' title='bbox 1543 1696 1653 1718; x_wconf 85' lang='lat' dir='ltr'>omues</span> <span class='ocrx_word' id='word_1_404' title='bbox 1675 1697 1813 1719; x_wconf 88' lang='lat' dir='ltr'>asseren-</span> 
     </span>
     <span class='ocr_line' id='line_1_82' title="bbox 1061 1733 1811 1774; baseline 0.003 -8"><span class='ocrx_word' id='word_1_405' title='bbox 1061 1742 1105 1767; x_wconf 83' lang='lat' dir='ltr'>tes</span> <span class='ocrx_word' id='word_1_406' title='bbox 1133 1734 1267 1767; x_wconf 83' lang='lat' dir='ltr'>animam</span> <span class='ocrx_word' id='word_1_407' title='bbox 1298 1733 1521 1767; x_wconf 76' lang='lat' dir='ltr'>intellectivam</span> <span class='ocrx_word' id='word_1_408' title='bbox 1546 1733 1708 1768; x_wconf 86' lang='lat' dir='ltr'>mortalem</span> <span class='ocrx_word' id='word_1_409' title='bbox 1732 1746 1811 1774; x_wconf 84' lang='lat' dir='ltr'>esse,</span> 
     </span>
     <span class='ocr_line' id='line_1_83' title="bbox 1059 1782 1814 1826; baseline 0.001 -9"><span class='ocrx_word' id='word_1_410' title='bbox 1059 1790 1112 1817; x_wconf 83' lang='lat' dir='ltr'>aut</span> <span class='ocrx_word' id='word_1_411' title='bbox 1135 1783 1257 1817; x_wconf 89' lang='lat' dir='ltr'>unicam</span> <span class='ocrx_word' id='word_1_412' title='bbox 1287 1782 1316 1816; x_wconf 90' lang='lat' dir='ltr'>iu</span> <span class='ocrx_word' id='word_1_413' title='bbox 1342 1783 1465 1817; x_wconf 87' lang='lat' dir='ltr'>cunctis</span> <span class='ocrx_word' id='word_1_414' title='bbox 1485 1783 1678 1826; x_wconf 89' lang='lat' dir='ltr'>hominibus,</span> <span class='ocrx_word' id='word_1_415' title='bbox 1693 1791 1722 1818; x_wconf 88' lang='lat' dir='ltr'>et</span> <span class='ocrx_word' id='word_1_416' title='bbox 1738 1783 1814 1818; x_wconf 87' lang='lat' dir='ltr'>haee</span> 
     </span>
     <span class='ocr_line' id='line_1_84' title="bbox 1060 1831 1814 1873; baseline 0.003 -8"><span class='ocrx_word' id='word_1_417' title='bbox 1060 1833 1090 1866; x_wconf 90' lang='lat' dir='ltr'>iu</span> <span class='ocrx_word' id='word_1_418' title='bbox 1114 1831 1245 1866; x_wconf 86' lang='lat' dir='ltr'>dubium</span> <span class='ocrx_word' id='word_1_419' title='bbox 1267 1841 1434 1873; x_wconf 80' lang='lat' dir='ltr'>vertentes;</span> <span class='ocrx_word' id='word_1_420' title='bbox 1452 1845 1523 1867; x_wconf 82' lang='lat' dir='ltr'>cum</span> <span class='ocrx_word' id='word_1_421' title='bbox 1544 1833 1604 1873; x_wconf 86' lang='lat' dir='ltr'>illa,</span> <span class='ocrx_word' id='word_1_422' title='bbox 1627 1845 1688 1867; x_wconf 89' lang='lat' dir='ltr'>nou</span> <span class='ocrx_word' id='word_1_423' title='bbox 1713 1832 1814 1868; x_wconf 90' lang='lat' dir='ltr'>solum</span> 
     </span>
     <span class='ocr_line' id='line_1_85' title="bbox 1060 1883 1816 1928; baseline 0 -12"><span class='ocrx_word' id='word_1_424' title='bbox 1060 1894 1131 1917; x_wconf 85' lang='lat' dir='ltr'>vere</span> <span class='ocrx_word' id='word_1_425' title='bbox 1156 1894 1211 1928; x_wconf 84' lang='lat' dir='ltr'>per</span> <span class='ocrx_word' id='word_1_426' title='bbox 1245 1894 1278 1916; x_wconf 86' lang='lat' dir='ltr'>se</span> <span class='ocrx_word' id='word_1_427' title='bbox 1305 1892 1335 1917; x_wconf 92' lang='lat' dir='ltr'>et</span> <span class='ocrx_word' id='word_1_428' title='bbox 1358 1883 1565 1917; x_wconf 78' lang='lat' dir='ltr'>essentialiter</span> <span class='ocrx_word' id='word_1_429' title='bbox 1594 1883 1721 1916; x_wconf 88' lang='lat' dir='ltr'>humani</span> <span class='ocrx_word' id='word_1_430' title='bbox 1745 1895 1816 1917; x_wconf 87' lang='lat' dir='ltr'>cor-</span> 
     </span>
     <span class='ocr_line' id='line_1_86' title="bbox 1062 1931 1815 1978; baseline 0 -12"><span class='ocrx_word' id='word_1_431' title='bbox 1062 1931 1147 1978; x_wconf 89' lang='lat' dir='ltr'>poris</span> <span class='ocrx_word' id='word_1_432' title='bbox 1169 1931 1267 1966; x_wconf 87' lang='lat' dir='ltr'>forma</span> <span class='ocrx_word' id='word_1_433' title='bbox 1291 1933 1412 1975; x_wconf 76' lang='lat' dir='ltr'>existat,</span> <span class='ocrx_word' id='word_1_434' title='bbox 1435 1932 1516 1966; x_wconf 87' lang='lat' dir='ltr'>sicut</span> <span class='ocrx_word' id='word_1_435' title='bbox 1540 1933 1567 1965; x_wconf 93' lang='lat' dir='ltr'>in</span> <span class='ocrx_word' id='word_1_436' title='bbox 1581 1944 1700 1966; x_wconf 87' lang='lat' dir='ltr'>canone</span> <span class='ocrx_word' id='word_1_437' title='bbox 1715 1932 1815 1966; x_wconf 88' lang='lat' dir='ltr'>felicis</span> 
     </span>
     <span class='ocr_line' id='line_1_87' title="bbox 1062 1980 1815 2027; baseline 0.003 -13"><span class='ocrx_word' id='word_1_438' title='bbox 1062 1981 1290 2016; x_wconf 87' lang='lat' dir='ltr'>recordationis</span> <span class='ocrx_word' id='word_1_439' title='bbox 1325 1980 1500 2016; x_wconf 85' lang='lat' dir='ltr'>Clementis</span> <span class='ocrx_word' id='word_1_440' title='bbox 1527 1981 1630 2027; x_wconf 86' lang='lat' dir='ltr'>Papae</span> <span class='ocrx_word' id='word_1_441' title='bbox 1658 1980 1695 2021; x_wconf 80' lang='lat' dir='ltr'>V,</span> <span class='ocrx_word' id='word_1_442' title='bbox 1725 1993 1815 2027; x_wconf 92' lang='lat' dir='ltr'>prae-</span> 
     </span>
     <span class='ocr_line' id='line_1_88' title="bbox 1060 2030 1814 2075; baseline 0 -10"><span class='ocrx_word' id='word_1_443' title='bbox 1060 2030 1236 2065; x_wconf 70' lang='lat' dir='ltr'>decessoris</span> <span class='ocrx_word' id='word_1_444' title='bbox 1266 2032 1384 2075; x_wconf 87' lang='lat' dir='ltr'>nostri,</span> <span class='ocrx_word' id='word_1_445' title='bbox 1415 2031 1443 2064; x_wconf 91' lang='lat' dir='ltr'>iu</span> <span class='ocrx_word' id='word_1_446' title='bbox 1478 2030 1649 2064; x_wconf 88' lang='lat' dir='ltr'>Viennensi</span> <span class='ocrx_word' id='word_1_447' title='bbox 1679 2030 1814 2065; x_wconf 87' lang='lat' dir='ltr'>concilio</span> 
     </span>
     <span class='ocr_line' id='line_1_89' title="bbox 1060 2079 1813 2124; baseline -0.001 -10"><span class='ocrx_word' id='word_1_448' title='bbox 1060 2080 1146 2114; x_wconf 89' lang='lat' dir='ltr'>edito</span> <span class='ocrx_word' id='word_1_449' title='bbox 1168 2080 1361 2124; x_wconf 68' lang='lat' dir='ltr'>continetur,</span> <span class='ocrx_word' id='word_1_450' title='bbox 1385 2092 1491 2113; x_wconf 81' lang='lat' dir='ltr'>verum</span> <span class='ocrx_word' id='word_1_451' title='bbox 1512 2089 1540 2114; x_wconf 90' lang='lat' dir='ltr'>et</span> <span class='ocrx_word' id='word_1_452' title='bbox 1565 2079 1761 2118; x_wconf 75' lang='lat' dir='ltr'>immortalis.</span> <span class='ocrx_word' id='word_1_453' title='bbox 1784 2087 1813 2114; x_wconf 92' lang='lat' dir='ltr'>et</span> 
     </span>
     <span class='ocr_line' id='line_1_90' title="bbox 1062 2128 1814 2177; baseline 0 -15"><span class='ocrx_word' id='word_1_454' title='bbox 1062 2142 1116 2175; x_wconf 93' lang='lat' dir='ltr'>pro</span> <span class='ocrx_word' id='word_1_455' title='bbox 1144 2141 1327 2177; x_wconf 83' lang='lat' dir='ltr'>corporum,</span> <span class='ocrx_word' id='word_1_456' title='bbox 1353 2129 1469 2175; x_wconf 74' lang='lat' dir='ltr'>quilius</span> <span class='ocrx_word' id='word_1_457' title='bbox 1494 2128 1677 2167; x_wconf 78' lang='lat' dir='ltr'>infunditur,</span> <span class='ocrx_word' id='word_1_458' title='bbox 1706 2128 1814 2163; x_wconf 89' lang='lat' dir='ltr'>multi-</span> 
     </span>
     <span class='ocr_line' id='line_1_91' title="bbox 1062 2178 1814 2225; baseline -0.003 -11"><span class='ocrx_word' id='word_1_459' title='bbox 1062 2179 1171 2214; x_wconf 88' lang='lat' dir='ltr'>tudine</span> <span class='ocrx_word' id='word_1_460' title='bbox 1198 2179 1400 2225; x_wconf 77' lang='lat' dir='ltr'>singulariter</span> <span class='ocrx_word' id='word_1_461' title='bbox 1419 2178 1666 2225; x_wconf 84' lang='lat' dir='ltr'>multiplicahilis</span> <span class='ocrx_word' id='word_1_462' title='bbox 1684 2186 1714 2212; x_wconf 91' lang='lat' dir='ltr'>et</span> <span class='ocrx_word' id='word_1_463' title='bbox 1730 2178 1814 2213; x_wconf 91' lang='lat' dir='ltr'>mul-</span> 
     </span>
     <span class='ocr_line' id='line_1_92' title="bbox 1061 2226 1814 2276; baseline -0.003 -12"><span class='ocrx_word' id='word_1_464' title='bbox 1061 2229 1197 2276; x_wconf 84' lang='lat' dir='ltr'>tiplicata</span> <span class='ocrx_word' id='word_1_465' title='bbox 1224 2238 1255 2263; x_wconf 93' lang='lat' dir='ltr'>et</span> <span class='ocrx_word' id='word_1_466' title='bbox 1283 2228 1518 2274; x_wconf 68' lang='lat' dir='ltr'>multiplicanda</span> <span class='ocrx_word' id='word_1_467' title='bbox 1550 2228 1600 2262; x_wconf 85' lang='lat' dir='ltr'>sit.</span> <span class='ocrx_word' id='word_1_468' title='bbox 1623 2226 1715 2270; x_wconf 81' lang='lat' dir='ltr'>Quod</span> <span class='ocrx_word' id='word_1_469' title='bbox 1746 2240 1814 2262; x_wconf 89' lang='lat' dir='ltr'>ma—</span> 
     </span>
     <span class='ocr_line' id='line_1_93' title="bbox 1061 2276 1814 2324; baseline -0.004 -11"><span class='ocrx_word' id='word_1_470' title='bbox 1061 2278 1172 2313; x_wconf 88' lang='lat' dir='ltr'>nifeste</span> <span class='ocrx_word' id='word_1_471' title='bbox 1200 2286 1322 2314; x_wconf 85' lang='lat' dir='ltr'>constat</span> <span class='ocrx_word' id='word_1_472' title='bbox 1338 2291 1374 2312; x_wconf 83' lang='lat' dir='ltr'>ex</span> <span class='ocrx_word' id='word_1_473' title='bbox 1396 2277 1580 2324; x_wconf 79' lang='lat' dir='ltr'>Evangelio,</span> <span class='ocrx_word' id='word_1_474' title='bbox 1603 2290 1673 2312; x_wconf 90' lang='lat' dir='ltr'>cum</span> <span class='ocrx_word' id='word_1_475' title='bbox 1702 2276 1814 2312; x_wconf 85' lang='lat' dir='ltr'>Domi-</span> 
     </span>
     <span class='ocr_line' id='line_1_94' title="bbox 1062 2328 1812 2372; baseline -0.003 -10"><span class='ocrx_word' id='word_1_476' title='bbox 1062 2341 1122 2362; x_wconf 88' lang='lat' dir='ltr'>nus</span> <span class='ocrx_word' id='word_1_477' title='bbox 1149 2328 1209 2363; x_wconf 83' lang='lat' dir='ltr'>ait:</span> <span class='ocrx_word' id='word_1_478' title='bbox 1233 2329 1379 2363; x_wconf 78' lang='lat' dir='ltr'>Animam</span> <span class='ocrx_word' id='word_1_479' title='bbox 1393 2335 1494 2362; x_wconf 83' lang='lat' dir='ltr'>aulem</span> <span class='ocrx_word' id='word_1_480' title='bbox 1516 2329 1649 2362; x_wconf 80' lang='lat' dir='ltr'>occidere</span> <span class='ocrx_word' id='word_1_481' title='bbox 1671 2339 1812 2372; x_wconf 79' lang='lat' dir='ltr'>nonpos-</span> 
     </span>
     <span class='ocr_line' id='line_1_95' title="bbox 1060 2382 1813 2423; baseline -0.003 -8"><span class='ocrx_word' id='word_1_482' title='bbox 1060 2390 1141 2422; x_wconf 84' lang='lat' dir='ltr'>sunt,</span> <span class='ocrx_word' id='word_1_483' title='bbox 1172 2391 1201 2417; x_wconf 88' lang='lat' dir='ltr'>et</span> <span class='ocrx_word' id='word_1_484' title='bbox 1224 2382 1316 2416; x_wconf 84' lang='lat' dir='ltr'>alibi:</span> <span class='ocrx_word' id='word_1_485' title='bbox 1343 2383 1406 2423; x_wconf 73' lang='lat' dir='ltr'>Oui</span> <span class='ocrx_word' id='word_1_486' title='bbox 1426 2382 1490 2414; x_wconf 76' lang='lat' dir='ltr'>odie</span> <span class='ocrx_word' id='word_1_487' title='bbox 1511 2382 1649 2414; x_wconf 81' lang='lat' dir='ltr'>animam</span> <span class='ocrx_word' id='word_1_488' title='bbox 1671 2393 1758 2415; x_wconf 77' lang='lat' dir='ltr'>suam</span> <span class='ocrx_word' id='word_1_489' title='bbox 1780 2382 1813 2414; x_wconf 75' lang='lat' dir='ltr'>in</span> 
     </span>
     <span class='ocr_line' id='line_1_96' title="bbox 1061 2436 1809 2477; baseline -0.004 -6"><span class='ocrx_word' id='word_1_490' title='bbox 1061 2439 1115 2471; x_wconf 76' lang='lat' dir='ltr'>hoc</span> <span class='ocrx_word' id='word_1_491' title='bbox 1132 2439 1258 2477; x_wconf 63' lang='lat' dir='ltr'>oriundo,</span> <span class='ocrx_word' id='word_1_492' title='bbox 1277 2438 1309 2469; x_wconf 82' lang='lat' dir='ltr'>in</span> <span class='ocrx_word' id='word_1_493' title='bbox 1322 2438 1415 2469; x_wconf 73' lang='lat' dir='ltr'>vitam</span> <span class='ocrx_word' id='word_1_494' title='bbox 1427 2443 1580 2469; x_wconf 82' lang='lat' dir='ltr'>aeternam</span> <span class='ocrx_word' id='word_1_495' title='bbox 1592 2436 1719 2469; x_wconf 78' lang='lat' dir='ltr'>custodit</span> <span class='ocrx_word' id='word_1_496' title='bbox 1733 2446 1809 2468; x_wconf 82' lang='lat' dir='ltr'>eam.</span> 
     </span>
     <span class='ocr_line' id='line_1_97' title="bbox 1063 2489 1806 2535; baseline -0.004 -10"><span class='ocrx_word' id='word_1_497' title='bbox 1063 2492 1101 2527; x_wconf 83' lang='lat' dir='ltr'>Et</span> <span class='ocrx_word' id='word_1_498' title='bbox 1123 2504 1195 2526; x_wconf 87' lang='lat' dir='ltr'>cum</span> <span class='ocrx_word' id='word_1_499' title='bbox 1218 2499 1342 2525; x_wconf 85' lang='lat' dir='ltr'>aeterua</span> <span class='ocrx_word' id='word_1_500' title='bbox 1367 2489 1501 2535; x_wconf 83' lang='lat' dir='ltr'>praemia</span> <span class='ocrx_word' id='word_1_501' title='bbox 1524 2496 1553 2523; x_wconf 91' lang='lat' dir='ltr'>et</span> <span class='ocrx_word' id='word_1_502' title='bbox 1575 2497 1700 2523; x_wconf 86' lang='lat' dir='ltr'>aeterna</span> <span class='ocrx_word' id='word_1_503' title='bbox 1727 2500 1806 2535; x_wconf 85' lang='lat' dir='ltr'>sup-</span> 
     </span>
     <span class='ocr_line' id='line_1_98' title="bbox 1062 2541 1811 2593; baseline -0.004 -13"><span class='ocrx_word' id='word_1_504' title='bbox 1062 2546 1151 2593; x_wconf 86' lang='lat' dir='ltr'>plicia</span> <span class='ocrx_word' id='word_1_505' title='bbox 1177 2558 1230 2592; x_wconf 85' lang='lat' dir='ltr'>pro</span> <span class='ocrx_word' id='word_1_506' title='bbox 1259 2544 1369 2578; x_wconf 89' lang='lat' dir='ltr'>merito</span> <span class='ocrx_word' id='word_1_507' title='bbox 1395 2544 1474 2578; x_wconf 85' lang='lat' dir='ltr'>vitae</span> <span class='ocrx_word' id='word_1_508' title='bbox 1497 2541 1672 2577; x_wconf 88' lang='lat' dir='ltr'>iudicandis</span> <span class='ocrx_word' id='word_1_509' title='bbox 1695 2553 1811 2589; x_wconf 89' lang='lat' dir='ltr'>repro-</span> 
     </span>
     <span class='ocr_line' id='line_1_99' title="bbox 1062 2596 1810 2644; baseline -0.005 -11"><span class='ocrx_word' id='word_1_510' title='bbox 1062 2599 1168 2644; x_wconf 83' lang='lat' dir='ltr'>mittit,</span> <span class='ocrx_word' id='word_1_511' title='bbox 1195 2599 1270 2633; x_wconf 89' lang='lat' dir='ltr'>alias</span> <span class='ocrx_word' id='word_1_512' title='bbox 1292 2597 1468 2632; x_wconf 86' lang='lat' dir='ltr'>lucarnatio</span> <span class='ocrx_word' id='word_1_513' title='bbox 1485 2605 1514 2631; x_wconf 85' lang='lat' dir='ltr'>et</span> <span class='ocrx_word' id='word_1_514' title='bbox 1537 2597 1593 2631; x_wconf 88' lang='lat' dir='ltr'>alia</span> <span class='ocrx_word' id='word_1_515' title='bbox 1609 2596 1724 2631; x_wconf 89' lang='lat' dir='ltr'>Christi</span> <span class='ocrx_word' id='word_1_516' title='bbox 1742 2608 1810 2643; x_wconf 79' lang='lat' dir='ltr'>my-</span> 
     </span>
    </p>
   </div>
   <div class='ocr_carea' id='block_1_15' title="bbox 1061 2648 1810 2699">
    <p class='ocr_par' dir='ltr' id='par_1_20' title="bbox 1061 2648 1810 2699">
     <span class='ocr_line' id='line_1_100' title="bbox 1061 2648 1810 2699; baseline -0.004 -11"><span class='ocrx_word' id='word_1_517' title='bbox 1061 2653 1154 2688; x_wconf 90' lang='lat' dir='ltr'>steria</span> <span class='ocrx_word' id='word_1_518' title='bbox 1177 2652 1267 2688; x_wconf 89' lang='lat' dir='ltr'>nobis</span> <span class='ocrx_word' id='word_1_519' title='bbox 1291 2652 1420 2686; x_wconf 86' lang='lat' dir='ltr'>minime</span> <span class='ocrx_word' id='word_1_520' title='bbox 1449 2651 1651 2699; x_wconf 90' lang='lat' dir='ltr'>profuissent,</span> <span class='ocrx_word' id='word_1_521' title='bbox 1673 2662 1731 2685; x_wconf 90' lang='lat' dir='ltr'>nec</span> <span class='ocrx_word' id='word_1_522' title='bbox 1749 2648 1810 2685; x_wconf 86' lang='lat' dir='ltr'>Re-</span> 
     </span>
    </p>
   </div>
   <div class='ocr_carea' id='block_1_16' title="bbox 1832 285 2014 312">
    <p class='ocr_par' dir='ltr' id='par_1_21' title="bbox 1832 285 2014 312">
     <span class='ocr_line' id='line_1_101' title="bbox 1832 285 2014 312; baseline 0 0"><span class='ocrx_word' id='word_1_523' title='bbox 1832 285 1881 312; x_wconf 79' lang='grc' dir='ltr'>Αη.</span> <span class='ocrx_word' id='word_1_524' title='bbox 1900 285 1928 312; x_wconf 92' lang='lat' dir='ltr'>C.</span> <span class='ocrx_word' id='word_1_525' title='bbox 1947 286 2014 312; x_wconf 74' lang='lat'>{5¹3</span> 
     </span>
    </p>
   </div>
   <div class='ocr_carea' id='block_1_17' title="bbox 1863 516 1979 537">
    <p class='ocr_par' dir='ltr' id='par_1_22' title="bbox 1863 516 1979 537">
     <span class='ocr_line' id='line_1_102' title="bbox 1863 516 1979 537; baseline 0.009 -1"><span class='ocrx_word' id='word_1_526' title='bbox 1863 516 1979 537; x_wconf 64' lang='lat' dir='ltr'>uxoratum,</span> 
     </span>
    </p>
   </div>
   <div class='ocr_carea' id='block_1_18' title="bbox 1837 1054 2001 1108">
    <p class='ocr_par' dir='ltr' id='par_1_23' title="bbox 1837 1054 2001 1108">
     <span class='ocr_line' id='line_1_103' title="bbox 1848 1054 1991 1077; baseline 0.007 -2"><span class='ocrx_word' id='word_1_527' title='bbox 1848 1054 1915 1076; x_wconf 71' lang='lat' dir='ltr'>Csuu</span> <span class='ocrx_word' id='word_1_528' title='bbox 1930 1055 1991 1077; x_wconf 71' lang='lat' dir='ltr'>huin·</span> 
     </span>
     <span class='ocr_line' id='line_1_104' title="bbox 1837 1087 2001 1108; baseline 0 -1"><span class='ocrx_word' id='word_1_529' title='bbox 1837 1087 2001 1108; x_wconf 71' lang='lat' dir='ltr'>oonstttnttonto.</span> 
     </span>
    </p>
   </div>
   <div class='ocr_carea' id='block_1_19' title="bbox 1828 1646 2014 1791">
    <p class='ocr_par' dir='ltr' id='par_1_24' title="bbox 1828 1646 2014 1791">
     <span class='ocr_line' id='line_1_105' title="bbox 1842 1646 2014 1668; baseline -0.006 0"><span class='ocrx_word' id='word_1_530' title='bbox 1842 1646 1941 1668; x_wconf 77' lang='lat' dir='ltr'>Asseren.</span> <span class='ocrx_word' id='word_1_531' title='bbox 1966 1648 2014 1667; x_wconf 77' lang='lat' dir='ltr'>anl-</span> 
     </span>
     <span class='ocr_line' id='line_1_106' title="bbox 1828 1683 2014 1699; baseline 0 -1"><span class='ocrx_word' id='word_1_532' title='bbox 1828 1683 1880 1698; x_wconf 79' lang='lat' dir='ltr'>mam</span> <span class='ocrx_word' id='word_1_533' title='bbox 1893 1683 1940 1698; x_wconf 61' lang='lat' dir='ltr'>esse</span> <span class='ocrx_word' id='word_1_534' title='bbox 1956 1683 2014 1699; x_wconf 61' lang='lat' dir='ltr'>mor&lt;</span> 
     </span>
     <span class='ocr_line' id='line_1_107' title="bbox 1828 1709 2013 1733; baseline 0 -5"><span class='ocrx_word' id='word_1_535' title='bbox 1828 1709 1890 1728; x_wconf 74' lang='lat' dir='ltr'>talem</span> <span class='ocrx_word' id='word_1_536' title='bbox 1912 1712 1958 1733; x_wconf 67' lang='lat' dir='ltr'>ete..</span> <span class='ocrx_word' id='word_1_537' title='bbox 1982 1710 2013 1728; x_wconf 76' lang='lat' dir='ltr'>sl-</span> 
     </span>
     <span class='ocr_line' id='line_1_108' title="bbox 1830 1740 2011 1766; baseline -0.011 -5"><span class='ocrx_word' id='word_1_538' title='bbox 1830 1742 1864 1761; x_wconf 83' lang='lat' dir='ltr'>cut</span> <span class='ocrx_word' id='word_1_539' title='bbox 1880 1740 1960 1760; x_wconf 70' lang='lat' dir='ltr'>haeret.</span> <span class='ocrx_word' id='word_1_540' title='bbox 1978 1745 2011 1766; x_wconf 78' lang='lat' dir='ltr'>pu-</span> 
     </span>
     <span class='ocr_line' id='line_1_109' title="bbox 1828 1770 1968 1791; baseline -0.014 0"><span class='ocrx_word' id='word_1_541' title='bbox 1828 1771 1868 1791; x_wconf 78' lang='lat' dir='ltr'>utri</span> <span class='ocrx_word' id='word_1_542' title='bbox 1885 1770 1968 1791; x_wconf 76' lang='lat' dir='ltr'>debent.</span> 
     </span>
    </p>
   </div>
  </div>
 </body>
</html>
