2281 3251
93 243 140 269 Αη.
158 240 267 269 C.t513

91 897 203 924 Ol‘l‘iriaquo
218 897 273 917 mul-

92 933 112 950 ta
120 930 187 950 eidem
195 929 271 956 populo

91 962 181 982 restituit
198 963 217 981 ct
234 962 271 981 do-

92 995 133 1016 nat.

957 237 1018 260 LEO
1040 237 1061 259 X
1086 237 1131 259 Pt‘.

287 302 377 330 tatem
402 294 431 329 in
454 294 547 329 certis
570 293 610 328 ibi
639 292 797 340 expressis
823 292 948 328 casibus
977 306 1032 328 rc-

287 344 481 390 stringentia,
509 340 699 378 auctoritate
720 343 902 390 apostolica,
925 351 1033 377 tenore

288 395 499 441 praesentium
522 392 733 440 approbamus
746 402 774 427 et
791 393 987 433 innovamus,
1005 401 1033 427 et

287 451 454 490 perpetuae
468 442 620 477 firmitatis
631 442 725 477 robur
738 442 891 483 obtinere,
902 450 931 477 et
941 444 1033 477 etiam

286 493 308 526 si
320 493 480 537 hactenus,
490 504 526 527 ex
540 492 719 540 praemissis
733 492 778 527 vel
791 493 954 539 quibusvis
968 493 1035 527 aliis

285 542 399 583 causis,
421 542 582 577 observata
598 554 659 577 non
677 542 802 587 suerint,
825 555 861 577 ex
885 554 968 577 nnnc
996 542 1034 577 de

286 599 401 636 cetero,
423 592 582 639 perpetuis
594 592 704 627 suturis
718 592 922 639 temporibus,
942 592 1036 626 invio-

288 641 420 676 labiliter
435 642 592 677 observari
617 641 732 677 debere
751 642 963 686 decernimus,
980 644 1048 689 ρο-Χ

288 691 422 738 tiorique
446 704 501 738 pro
522 692 640 726 cautela
664 704 697 727 ea
721 692 824 726 onmia
849 700 878 726 et
900 691 1035 738 singula,

289 750 380 786 prout
404 754 458 788 per
485 741 585 776 dictos
609 741 864 788 praedecessores
886 753 1034 776 concessa

289 791 534 832 l'uei·unt,eidem
550 791 665 838 populo
673 791 806 837 gratiose
818 790 1033 825 concedimus.

336 840 356 885 ἓ
378 842 409 874 5.
434 840 473 874 Et
496 850 526 874 ut
542 841 642 875 eidem
659 841 774 887 populo
794 841 823 874 iu
844 853 952 875 eorum
971 840 1036 887 pri-

289 897 353 923 vata
376 889 541 925 commoda
571 890 608 925 de
636 890 729 925 alicui
753 890 969 924 subventionis
986 901 1034 923 au-

288 939 361 973 xilio
393 940 597 984 consulatur,
633 940 896 986 protonotariatus
923 938 1036 973 Curiae

288 988 436 1035 Capitolii
453 990 547 1036 (quod
561 989 705 1035 hospitali
723 997 828 1024 nostro
842 989 947 1023 Sancti
962 988 1036 1035 Spi-

288 1038 366 1073 ritus
379 1039 408 1073 in
424 1038 516 1074 Saxia
540 1038 578 1073 de
600 1038 696 1082 Urbe)
713 1048 741 1073 et
754 1039 925 1073 notariatus
940 1037 1034 1085 (quod

288 1089 524 1124 secretariorum
549 1097 726 1123 nostrorum
749 1097 776 1123 ct
793 1088 1035 1129 marescallatus)

288 1138 533 1173 extimatoriatus
554 1146 702 1180 staterae;
730 1137 984 1177 mandatariatus3
1007 1145 1037 1172 et

287 1188 594 1223 Transtiberinortun
617 1187 715 1235 Ripae
732 1196 759 1222 et
774 1187 921 1234 Ripettae
936 1187 1034 1221 officia

288 1240 378 1284 (quae
405 1237 649 1284 praesidentium
684 1249 826 1271 annonae
852 1236 1034 1271 earumdem

289 1287 389 1333 Ripae
404 1295 435 1321 et
449 1287 591 1334 llipettae
619 1286 804 1321 dilectorum
825 1286 959 1321 filiorum
975 1286 1036 1320 col-

289 1337 375 1383 legiis
389 1336 470 1371 dicta
496 1336 569 1371 olim
585 1336 671 1371 suere
687 1337 870 1371 auctoritate
885 1345 1035 1383 perpetuo

292 1387 390 1427 unita,
412 1399 533 1421 annexa
552 1394 582 1420 et
605 1387 811 1433 incorporata)
834 1386 872 1420 ab
891 1386 1035 1433 hospitali

288 1445 317 1471 et
343 1435 458 1483 quibus
480 1448 536 1483 pro
559 1436 595 1470 iis
617 1446 731 1471 certam
762 1444 835 1470 tunc
858 1448 1035 1482 expressam

290 1498 526 1533 recompensam
558 1498 613 1533 per
625 1487 699 1521 alias
714 1494 835 1520 nostras
850 1485 954 1520 literas
968 1498 1036 1519 con-

288 1536 453 1580 cessimus,
475 1536 593 1583 quibus
615 1548 675 1570 non
705 1536 898 1570 intendimus
922 1536 1036 1581 praeiu-

289 1586 404 1630 dicare,
427 1597 485 1620 nec
500 1586 587 1620 solita
604 1585 815 1620 emolumenta
827 1585 959 1625 anferre,
977 1586 1035 1619 nisi

290 1648 344 1681 pro
365 1647 400 1670 ea
423 1648 558 1676 summa,
582 1649 636 1682 pro
655 1648 716 1682 qua
740 1648 944 1683 recompensa
967 1635 1036 1670 data

289 1685 380 1720 suerit
391 1685 530 1731 collegiis
544 1686 720 1732 praedietis,
745 1686 915 1732 respective
927 1697 1038 1731 segre-

288 1743 396 1778 gantos
418 1745 447 1770 et
474 1744 655 1782 separantes
689 1748 743 1776 ea,
767 1748 801 1770 ac
830 1735 1036 1782 pecuniarum

287 1784 438 1820 Gamerae
465 1785 544 1828 (sine
572 1793 674 1819 tamen
704 1785 803 1832 ipsius
831 1785 981 1820 exercitio
1008 1793 1037 1819 et

288 1834 510 1869 emolumentis
530 1847 567 1869 ex
590 1835 659 1882 ipso
682 1834 830 1869 exercitio
848 1835 1038 1882 provenien-

289 1884 383 1928 tibus,
402 1897 482 1932 qnae
503 1885 603 1931 capita
626 1885 799 1919 solidorum
822 1884 992 1931 appellant)
1009 1892 1037 1918 et

289 1933 427 1980 gabellae
441 1934 503 1968 vini
528 1934 658 1969 forensis
682 1934 720 1969 de
743 1934 852 1969 eadem
878 1934 960 1969 Urbe
982 1933 1039 1968 de-

290 1984 536 2028 positariatuum,
556 1996 627 2018 cum
651 1984 821 2025 consuetis,
836 1996 872 2019 ac
887 1983 1039 2030 praefatae

289 2032 406 2080 Ripae,
421 2032 581 2080 Ripcttae,
599 2033 818 2081 pecudumque
834 2042 864 2068 et
886 2034 1037 2068 mercimn

288 2099 324 2122 ac
345 2099 500 2128 annonae,
517 2088 655 2134 grasciae
680 2097 891 2135 nuncupatae,
915 2100 1036 2122 necnon

288 2141 359 2177 salis
375 2141 412 2177 ad
432 2154 573 2188 grossum
591 2150 620 2176 ot
636 2141 671 2177 ad
687 2142 843 2177 minutum
858 2142 1039 2177 dolianeria-

290 2205 391 2242 tuum,
405 2209 475 2232 cum
492 2204 616 2232 centum
630 2196 736 2243 viginti
753 2208 809 2244 pro
824 2196 965 2244 quolibet
981 2196 1040 2231 do-

289 2251 463 2292 lianeriatu,
474 2259 502 2286 et
515 2250 654 2286 omnium
667 2250 849 2285 eorumdem
859 2249 1041 2285 dolianeria-

291 2313 380 2341 tuum
407 2306 628 2346 notariatuum,
649 2318 720 2340 cum
743 2305 947 2352 qnadraginta
970 2313 1039 2340 octo

289 2361 479 2396 florenorum
493 2361 559 2396 anri
574 2373 628 2406 pro
638 2359 776 2408 quolibet
790 2360 954 2401 notariatu,
966 2360 1042 2394 sala-

291 2414 355 2456 riis,
373 2427 429 2462 per
450 2415 661 2450 conductores
675 2415 812 2461 ipsarum
829 2414 1038 2454 dobanarum,

291 2480 328 2503 ex
349 2481 457 2504 earum
481 2469 708 2517 proventibus,
736 2468 870 2515 singulis
892 2468 992 2509 annis,
1009 2468 1038 2501 in

290 2531 425 2570 quatuor
439 2523 590 2567 terminiS,
605 2523 785 2557 dolianeriis
800 2531 830 2556 et
842 2521 969 2557 notariis
983 2534 1038 2568 pro

291 2584 431 2626 tempore
450 2578 659 2613 existentibus
679 2577 797 2623 integre
813 2575 1037 2624 persolvendis:

293 2630 332 2666 ita
359 2640 460 2668 tamen
483 2632 567 2680 quod
590 2631 786 2680 emptoribus
808 2639 836 2666 et
864 2631 1040 2666 conducto-

1698 224 1767 255 5235)

1075 292 1160 326 ribus
1183 291 1334 326 dictarum
1359 290 1553 324 dobanarum
1577 296 1606 323 ct
1628 288 1819 335 gabellarum

1076 350 1237 389 propterca
1265 340 1386 375 nullum
1412 339 1642 387 przeiudicium,
1665 338 1746 373 circa
1769 339 1821 373 ad-

1078 391 1334 426 ministrationem
1349 390 1454 430 ossicii,
1469 389 1630 429 inseratur,
1646 388 1700 423 sed
1717 387 1819 423 solnm

1075 441 1194 476 deferre
1211 439 1535 489 possintextorsiones
1555 438 1710 473 indebitas
1726 446 1755 472 et
1771 438 1822 472 in-

1075 491 1191 535 solitas,
1214 503 1293 538 quac
1309 490 1418 525 fierent
1437 488 1588 524 Gamerae
1610 487 1821 535 Apostolicae,

1075 549 1104 575 et
1131 542 1198 576 sine
1226 540 1405 588 praeiudicio
1434 539 1463 573 in
1488 538 1549 573 illis
1576 538 1745 585 emptionis
1771 545 1823 572 aut

1077 590 1216 637 pignoris
1238 589 1285 624 vel
1310 589 1463 636 simplicis
1484 588 1522 623 ab
1545 588 1650 635 aliquo
1673 600 1710 622 ex
1727 599 1823 634 prae-

1076 639 1294 675 decessoribus
1308 639 1422 674 nestris
1434 638 1647 673 concessionis
1663 637 1760 672 titulis
1775 637 1824 672 ius

1076 689 1271 731 habentium,
1295 688 1445 735 quamdiu
1461 688 1539 722 tituli
1564 687 1620 734 ipsi
1641 687 1825 722 duraverint

1075 739 1247 774 dumtaxat.
1275 738 1319 773 lta
1347 737 1430 785 quod
1454 737 1543 772 liceat
1565 737 1640 783 ipsis
1658 748 1825 772 conserva-

1077 789 1195 823 toribus
1226 796 1256 823 ct
1284 788 1424 835 populo,
1451 787 1602 822 restitutis
1620 787 1745 833 preciis,
1769 798 1825 833 pro

1076 838 1190 884 quibus
1212 846 1315 884 empta
1331 866 1338 879 ,
1367 845 1417 872 aut
1448 837 1613 884 pecuniis,
1635 849 1691 883 pro
1710 836 1827 883 quibus

1077 889 1200 934 pignori
1224 887 1358 933 obligata
1386 887 1458 925 sint,
1485 887 1534 921 illa
1563 886 1657 921 simul
1682 886 1728 920 vel
1751 897 1827 919 suc-

1076 938 1194 972 cessive
1207 937 1371 977 redimere,
1381 936 1678 971 extraordinariatns
1688 935 1827 975 maioris,

1078 987 1248 1022 notariatus
1270 986 1363 1021 etiam
1389 986 1517 1020 maioris
1539 994 1568 1020 et
1591 985 1774 1032 scriptoriae
1798 992 1827 1019 et

1077 1036 1309 1071 marescallatus
1323 1035 1473 1070 Gamerae
1488 1044 1516 1070 et
1530 1034 1749 1082 gabellariatus
1761 1047 1828 1068 ma—

1078 1086 1150 1121 ioris
1163 1085 1257 1120 Urbis
1274 1085 1502 1132 praedictarum
1519 1093 1549 1119 et
1563 1084 1744 1125 salinarum,
1760 1095 1828 1130 por-

1077 1145 1176 1170 tarum
1192 1145 1219 1170 et
1233 1135 1458 1183 pontium,sive
1467 1134 1574 1169 Palatii
1585 1135 1737 1168 dictorum
1752 1146 1830 1168 con-

1077 1193 1270 1219 servatorum
1289 1183 1708 1220 marescallatuseteiusdem
1719 1182 1827 1217 Palatii

1079 1235 1262 1276 notariatus,
1285 1247 1320 1269 ac
1339 1234 1561 1269 camerariatus
1587 1233 1687 1280 Ripae
1712 1241 1742 1267 et
1765 1232 1829 1266 Ri-

1079 1293 1194 1332 peltae,
1216 1297 1252 1320 ac
1274 1285 1332 1319 alia
1360 1295 1579 1331 quaecumque
1597 1282 1693 1317 Urbis
1716 1282 1829 1326 officia,

1077 1336 1150 1369 olim
1175 1347 1229 1381 per
1252 1334 1335 1369 cives
1362 1333 1524 1368 Romanos
1550 1333 1688 1368 exerceri
1717 1332 1830 1375 solita,

1079 1394 1247 1431 portasque
1261 1392 1291 1419 et
1308 1391 1420 1432 pontes
1434 1383 1535 1418 dictae
1553 1382 1659 1427 Urbis,
1674 1394 1744 1417 cum
1761 1394 1831 1416 om-

1079 1434 1171 1468 nibus
1192 1447 1302 1468 corum
1325 1433 1426 1468 solitis
1453 1433 1640 1477 honoribus,
1668 1432 1830 1471 oneribus,

1077 1484 1196 1518 salariis
1219 1492 1248 1519 et
1271 1483 1504 1523 emolumentis,
1520 1482 1612 1517 dietis
1629 1482 1746 1529 populo
1770 1481 1831 1516 do-

1079 1546 1190 1568 namus
1212 1542 1242 1568 et
1269 1534 1450 1579 elargimur.
1474 1532 1655 1567 Statuentes
1683 1540 1711 1566 et
1740 1531 1830 1566 ordi-

1079 1594 1188 1619 nantes
1211 1583 1296 1630 qnod
1311 1596 1349 1618 ex
1372 1595 1457 1617 nuuc
1481 1582 1520 1616 de
1542 1591 1645 1617 cetero
1669 1582 1698 1616 in
1714 1593 1830 1629 perpe-

1080 1643 1190 1678 tuum,
1216 1642 1275 1667 tam
1305 1642 1411 1681 portae
1438 1641 1468 1667 et
1497 1641 1608 1679 pontes
1634 1631 1830 1675 huiusmodi,

1078 1697 1171 1731 quam
1187 1683 1480 1727 conservatoriatus,
1496 1682 1635 1730 capitum
1653 1682 1830 1728 regionum,

1079 1733 1364 1775 marescallatuum,
1391 1733 1429 1767 de
1447 1741 1540 1767 tracta
1563 1739 1830 1779 nuncupatorum,

1081 1784 1265 1829 paceriatus,
1288 1784 1525 1829 magistratuum
1549 1789 1714 1817 stratarum
1733 1790 1762 1815 et
1782 1781 1832 1815 iu-

1079 1833 1294 1873 stitiariorum,
1317 1832 1535 1880 syndicorum,
1560 1832 1715 1866 senatoris
1738 1838 1768 1865 et
1784 1830 1831 1865 os-

1080 1883 1226 1917 licialium
1251 1881 1367 1926 Urbis,
1394 1882 1633 1916 reformatorum
1670 1880 1774 1915 Studii
1802 1887 1831 1915 et

1080 1933 1272 1979 paceriorum
1295 1944 1330 1967 ac
1344 1931 1557 1979 syndicorum,
1569 1931 1830 1966 assessoriatuum

1079 1991 1108 2016 et
1124 1982 1337 2017 notariatuum
1355 1981 1597 2021 eorumdem,ac
1612 1991 1831 2027 quaecumque

1079 2032 1137 2066 alia
1158 2031 1316 2079 praefatae
1335 2030 1431 2065 Urbis
1453 2030 1569 2075 officia,
1592 2043 1646 2077 per
1665 2030 1747 2064 cives
1769 2029 1832 2062 liu-

1081 2085 1226 2127 insmodi,
1250 2094 1282 2120 ut
1297 2085 1481 2133 praefertur,
1498 2084 1634 2119 exerceri
1659 2083 1761 2124 solita,
1779 2082 1829 2116 di-

1080 2140 1154 2175 visis
1180 2141 1274 2175 etiam
1303 2140 1332 2173 in
1358 2139 1474 2186 plures,
1496 2139 1532 2172 ad
1562 2138 1725 2186 populum,
1750 2149 1831 2185 por-

1081 2195 1181 2229 tiones
1205 2194 1327 2230 illorum
1352 2193 1397 2228 vel
1425 2193 1601 2240 aliquorum
1625 2204 1660 2227 ex
1689 2192 1745 2234 eis,
1769 2191 1832 2226 fru-

1081 2248 1195 2294 ctibus,
1207 2248 1383 2285 redditibus
1398 2256 1426 2282 et
1437 2247 1651 2295 proventibus,
1667 2247 1750 2281 iuxta
1763 2258 1831 2294 pro-

1082 2305 1183 2339 vidam
1208 2304 1362 2339 dictorum
1385 2311 1640 2337 conservatorum
1670 2310 1699 2336 et
1721 2301 1832 2349 prioris

1081 2372 1117 2394 ac
1135 2372 1243 2395 eorum
1269 2358 1518 2394 consiliariorum
1532 2357 1760 2392 ordinationem
1782 2356 1834 2390 de—

1081 2427 1177 2462 super
1207 2412 1392 2451 faciendam,
1423 2412 1452 2445 in
1477 2411 1615 2459 pixidem
1639 2410 1779 2456 congeri,
1802 2420 1831 2444 et

1081 2468 1207 2512 deinde,
1223 2467 1346 2503 statutis
1363 2479 1418 2514 per
1431 2473 1667 2501 conservatores
1690 2474 1720 2499 et
1745 2465 1832 2511 prio-

1083 2535 1146 2558 rem
1170 2531 1199 2558 et
1222 2521 1417 2557 consiliarios
1433 2521 1587 2569 praefatos
1601 2520 1636 2554 ad
1664 2519 1693 2553 id
1713 2527 1833 2565 tempo-

1083 2576 1182 2617 ribus,
1210 2585 1304 2617 sorte,
1327 2583 1430 2610 nostra
1461 2582 1491 2609 et
1519 2587 1575 2622 pro
1597 2582 1738 2620 tempore
1767 2572 1834 2606 exi-

1083 2631 1193 2667 stentis
1215 2630 1348 2665 Rotnani
1379 2629 1540 2664 pontilicis
1563 2627 1750 2676 praesentia,
1766 2635 1833 2661 tra-

1835 236 1882 259 An,
1905 233 1932 258 C.
1954 232 2019 257 ttJtS
