<?xml version="1.0" encoding="UTF-8"?>
<!DOCTYPE html PUBLIC "-//W3C//DTD XHTML 1.0 Transitional//EN"
    "http://www.w3.org/TR/xhtml1/DTD/xhtml1-transitional.dtd">
<html xmlns="http://www.w3.org/1999/xhtml" xml:lang="en" lang="en">
 <head>
  <title>
</title>
<meta http-equiv="Content-Type" content="text/html;charset=utf-8" />
  <meta name='ocr-system' content='tesseract 3.04.00' />
  <meta name='ocr-capabilities' content='ocr_page ocr_carea ocr_par ocr_line ocrx_word'/>
</head>
<body>
  <div class='ocr_page' id='page_1' title='image "./bullarumdiplomat05cath_0564.png"; bbox 0 0 2281 3251; ppageno 0'>
   <div class='ocr_carea' id='block_1_1' title="bbox 517 241 587 274">
    <p class='ocr_par' dir='ltr' id='par_1_1' title="bbox 517 241 587 274">
     <span class='ocr_line' id='line_1_1' title="bbox 517 241 587 274; baseline 0 0"><span class='ocrx_word' id='word_1_1' title='bbox 517 241 587 274; x_wconf 73' lang='lat'>546</span> 
     </span>
    </p>
   </div>
   <div class='ocr_carea' id='block_1_2' title="bbox 467 303 1226 1787">
    <p class='ocr_par' dir='ltr' id='par_1_2' title="bbox 467 303 1220 390">
     <span class='ocr_line' id='line_1_2' title="bbox 467 303 1220 351; baseline -0.003 -11"><span class='ocrx_word' id='word_1_2' title='bbox 467 305 511 340; x_wconf 89' lang='lat' dir='ltr'>sis</span> <span class='ocrx_word' id='word_1_3' title='bbox 533 314 565 340; x_wconf 91' lang='lat' dir='ltr'>et</span> <span class='ocrx_word' id='word_1_4' title='bbox 589 305 657 339; x_wconf 85' lang='lat' dir='ltr'>aliis</span> <span class='ocrx_word' id='word_1_5' title='bbox 671 303 772 338; x_wconf 86' lang='lat' dir='ltr'>dictae</span> <span class='ocrx_word' id='word_1_6' title='bbox 796 303 1050 351; x_wconf 75' lang='lat' dir='ltr'>congregationis</span> <span class='ocrx_word' id='word_1_7' title='bbox 1070 304 1220 339; x_wconf 87' lang='lat' dir='ltr'>institutis</span> 
     </span>
     <span class='ocr_line' id='line_1_3' title="bbox 467 353 1055 390; baseline -0.007 0"><span class='ocrx_word' id='word_1_8' title='bbox 467 362 498 390; x_wconf 86' lang='lat' dir='ltr'>et</span> <span class='ocrx_word' id='word_1_9' title='bbox 524 353 776 390; x_wconf 78' lang='lat' dir='ltr'>ordinationibus</span> <span class='ocrx_word' id='word_1_10' title='bbox 803 364 866 387; x_wconf 94' lang='lat' dir='ltr'>non</span> <span class='ocrx_word' id='word_1_11' title='bbox 890 353 1055 388; x_wconf 86' lang='lat' dir='ltr'>obsistant.</span> 
     </span>
    </p>

    <p class='ocr_par' dir='ltr' id='par_1_3' title="bbox 467 402 1223 796">
     <span class='ocr_line' id='line_1_4' title="bbox 516 402 1221 450; baseline -0.001 -13"><span class='ocrx_word' id='word_1_12' title='bbox 516 404 535 449; x_wconf 60' lang='lat' dir='ltr'>g</span> <span class='ocrx_word' id='word_1_13' title='bbox 565 406 620 437; x_wconf 83' lang='grc'>16.</span> <span class='ocrx_word' id='word_1_14' title='bbox 656 402 720 437; x_wconf 74' lang='lat' dir='ltr'>Nec</span> <span class='ocrx_word' id='word_1_15' title='bbox 748 411 913 450; x_wconf 85' lang='lat' dir='ltr'>propterea</span> <span class='ocrx_word' id='word_1_16' title='bbox 949 414 986 437; x_wconf 82' lang='lat' dir='ltr'>ex</span> <span class='ocrx_word' id='word_1_17' title='bbox 1019 403 1221 437; x_wconf 88' lang='lat' dir='ltr'>monasteriis</span> 
     </span>
     <span class='ocr_line' id='line_1_5' title="bbox 468 451 1222 501; baseline -0.001 -13"><span class='ocrx_word' id='word_1_18' title='bbox 468 455 545 501; x_wconf 85' lang='lat' dir='ltr'>ipsis</span> <span class='ocrx_word' id='word_1_19' title='bbox 573 465 671 487; x_wconf 90' lang='lat' dir='ltr'>unum</span> <span class='ocrx_word' id='word_1_20' title='bbox 701 452 789 486; x_wconf 85' lang='lat' dir='ltr'>alteri</span> <span class='ocrx_word' id='word_1_21' title='bbox 818 460 986 486; x_wconf 82' lang='lat' dir='ltr'>censeatur</span> <span class='ocrx_word' id='word_1_22' title='bbox 1015 463 1084 486; x_wconf 84' lang='lat' dir='ltr'>esse</span> <span class='ocrx_word' id='word_1_23' title='bbox 1111 451 1222 487; x_wconf 88' lang='lat' dir='ltr'>subie-</span> 
     </span>
     <span class='ocr_line' id='line_1_6' title="bbox 468 501 1221 547; baseline -0.001 -10"><span class='ocrx_word' id='word_1_24' title='bbox 468 512 565 544; x_wconf 80' lang='lat' dir='ltr'>ctum,</span> <span class='ocrx_word' id='word_1_25' title='bbox 577 502 645 546; x_wconf 91' lang='lat' dir='ltr'>sed,</span> <span class='ocrx_word' id='word_1_26' title='bbox 659 502 704 536; x_wconf 90' lang='lat' dir='ltr'>eis</span> <span class='ocrx_word' id='word_1_27' title='bbox 728 502 757 535; x_wconf 89' lang='lat' dir='ltr'>iu</span> <span class='ocrx_word' id='word_1_28' title='bbox 774 514 830 536; x_wconf 85' lang='lat' dir='ltr'>sua</span> <span class='ocrx_word' id='word_1_29' title='bbox 847 501 978 547; x_wconf 89' lang='lat' dir='ltr'>pristina</span> <span class='ocrx_word' id='word_1_30' title='bbox 995 501 1140 536; x_wconf 83' lang='lat' dir='ltr'>libertate</span> <span class='ocrx_word' id='word_1_31' title='bbox 1155 514 1221 536; x_wconf 87' lang='lat' dir='ltr'>ma-</span> 
     </span>
     <span class='ocr_line' id='line_1_7' title="bbox 468 550 1221 595; baseline -0.001 -8"><span class='ocrx_word' id='word_1_32' title='bbox 468 552 627 595; x_wconf 82' lang='lat' dir='ltr'>nentibus,</span> <span class='ocrx_word' id='word_1_33' title='bbox 650 563 685 586; x_wconf 88' lang='lat' dir='ltr'>ea</span> <span class='ocrx_word' id='word_1_34' title='bbox 709 550 936 586; x_wconf 66' lang='lat' dir='ltr'>vicissitudinis</span> <span class='ocrx_word' id='word_1_35' title='bbox 957 550 1151 586; x_wconf 90' lang='lat' dir='ltr'>adminiculo</span> <span class='ocrx_word' id='word_1_36' title='bbox 1167 564 1221 586; x_wconf 91' lang='lat' dir='ltr'>co-</span> 
     </span>
     <span class='ocr_line' id='line_1_8' title="bbox 469 599 1221 648; baseline 0 -12"><span class='ocrx_word' id='word_1_37' title='bbox 469 602 584 648; x_wconf 89' lang='lat' dir='ltr'>pulata,</span> <span class='ocrx_word' id='word_1_38' title='bbox 612 600 672 636; x_wconf 84' lang='lat' dir='ltr'>sul)</span> <span class='ocrx_word' id='word_1_39' title='bbox 695 600 775 635; x_wconf 71' lang='lat' dir='ltr'>felici</span> <span class='ocrx_word' id='word_1_40' title='bbox 801 600 900 635; x_wconf 86' lang='lat' dir='ltr'>dictae</span> <span class='ocrx_word' id='word_1_41' title='bbox 926 599 968 635; x_wconf 88' lang='lat' dir='ltr'>de</span> <span class='ocrx_word' id='word_1_42' title='bbox 995 613 1076 635; x_wconf 83' lang='lat' dir='ltr'>novo</span> <span class='ocrx_word' id='word_1_43' title='bbox 1099 609 1221 636; x_wconf 78' lang='lat' dir='ltr'>erectae</span> 
     </span>
     <span class='ocr_line' id='line_1_9' title="bbox 467 649 1223 697; baseline 0 -11"><span class='ocrx_word' id='word_1_44' title='bbox 467 651 724 697; x_wconf 81' lang='lat' dir='ltr'>congregationis</span> <span class='ocrx_word' id='word_1_45' title='bbox 743 650 906 696; x_wconf 79' lang='lat' dir='ltr'>regimine,</span> <span class='ocrx_word' id='word_1_46' title='bbox 921 649 991 690; x_wconf 86' lang='lat' dir='ltr'>sibi,</span> <span class='ocrx_word' id='word_1_47' title='bbox 1011 649 1158 685; x_wconf 78' lang='lat' dir='ltr'>uniformi</span> <span class='ocrx_word' id='word_1_48' title='bbox 1179 663 1223 686; x_wconf 90' lang='lat' dir='ltr'>rc-</span> 
     </span>
     <span class='ocr_line' id='line_1_10' title="bbox 467 700 1222 752; baseline 0.001 -18"><span class='ocrx_word' id='word_1_49' title='bbox 467 701 584 746; x_wconf 81' lang='lat' dir='ltr'>gularis</span> <span class='ocrx_word' id='word_1_50' title='bbox 607 700 824 752; x_wconf 56' lang='lat' dir='ltr'>obseerttiae</span> <span class='ocrx_word' id='word_1_51' title='bbox 845 712 973 746; x_wconf 84' lang='lat' dir='ltr'>gressu,</span> <span class='ocrx_word' id='word_1_52' title='bbox 997 700 1132 735; x_wconf 82' lang='lat' dir='ltr'>invicem</span> <span class='ocrx_word' id='word_1_53' title='bbox 1153 701 1222 736; x_wconf 81' lang='lat' dir='ltr'>suf-</span> 
     </span>
     <span class='ocr_line' id='line_1_11' title="bbox 469 750 639 796; baseline -0.012 -12"><span class='ocrx_word' id='word_1_54' title='bbox 469 750 639 796; x_wconf 80' lang='lat' dir='ltr'>fragentur.</span> 
     </span>
    </p>

    <p class='ocr_par' dir='ltr' id='par_1_4' title="bbox 468 797 1226 1787">
     <span class='ocr_line' id='line_1_12' title="bbox 516 797 1222 846; baseline 0 -13"><span class='ocrx_word' id='word_1_55' title='bbox 516 804 532 842; x_wconf 66' lang='lat' dir='ltr'>g</span> <span class='ocrx_word' id='word_1_56' title='bbox 567 801 622 833; x_wconf 76' lang='lat'>17.</span> <span class='ocrx_word' id='word_1_57' title='bbox 652 797 840 833; x_wconf 86' lang='lat' dir='ltr'>Monasteria</span> <span class='ocrx_word' id='word_1_58' title='bbox 867 807 971 833; x_wconf 87' lang='lat' dir='ltr'>autem</span> <span class='ocrx_word' id='word_1_59' title='bbox 999 806 1030 834; x_wconf 88' lang='lat' dir='ltr'>et</span> <span class='ocrx_word' id='word_1_60' title='bbox 1053 799 1222 846; x_wconf 79' lang='lat' dir='ltr'>prioratus,</span> 
     </span>
     <span class='ocr_line' id='line_1_13' title="bbox 468 847 1223 896; baseline 0.001 -14"><span class='ocrx_word' id='word_1_61' title='bbox 468 860 548 896; x_wconf 88' lang='lat' dir='ltr'>quae</span> <span class='ocrx_word' id='word_1_62' title='bbox 576 860 661 883; x_wconf 89' lang='lat' dir='ltr'>nune</span> <span class='ocrx_word' id='word_1_63' title='bbox 682 847 791 883; x_wconf 86' lang='lat' dir='ltr'>Sancti</span> <span class='ocrx_word' id='word_1_64' title='bbox 819 848 985 883; x_wconf 82' lang='lat' dir='ltr'>Michaelis</span> <span class='ocrx_word' id='word_1_65' title='bbox 1013 857 1085 883; x_wconf 89' lang='lat' dir='ltr'>sunt</span> <span class='ocrx_word' id='word_1_66' title='bbox 1108 857 1137 883; x_wconf 91' lang='lat' dir='ltr'>et</span> <span class='ocrx_word' id='word_1_67' title='bbox 1167 861 1223 894; x_wconf 90' lang='lat' dir='ltr'>pro</span> 
     </span>
     <span class='ocr_line' id='line_1_14' title="bbox 469 897 1223 944; baseline -0.001 -11"><span class='ocrx_word' id='word_1_68' title='bbox 469 907 611 944; x_wconf 87' lang='lat' dir='ltr'>tempore</span> <span class='ocrx_word' id='word_1_69' title='bbox 625 906 730 942; x_wconf 89' lang='lat' dir='ltr'>erunt,</span> <span class='ocrx_word' id='word_1_70' title='bbox 743 899 835 933; x_wconf 85' lang='lat' dir='ltr'>etiam</span> <span class='ocrx_word' id='word_1_71' title='bbox 847 898 934 933; x_wconf 91' lang='lat' dir='ltr'>unita</span> <span class='ocrx_word' id='word_1_72' title='bbox 948 897 1056 933; x_wconf 88' lang='lat' dir='ltr'>Eremi</span> <span class='ocrx_word' id='word_1_73' title='bbox 1072 906 1102 933; x_wconf 89' lang='lat' dir='ltr'>et</span> <span class='ocrx_word' id='word_1_74' title='bbox 1121 898 1153 933; x_wconf 83' lang='lat' dir='ltr'>S.</span> <span class='ocrx_word' id='word_1_75' title='bbox 1171 898 1223 932; x_wconf 80' lang='lat' dir='ltr'>Mi-</span> 
     </span>
     <span class='ocr_line' id='line_1_15' title="bbox 468 947 1223 994; baseline 0 -12"><span class='ocrx_word' id='word_1_76' title='bbox 468 948 586 982; x_wconf 85' lang='lat' dir='ltr'>cltaelis</span> <span class='ocrx_word' id='word_1_77' title='bbox 608 948 845 994; x_wconf 74' lang='lat' dir='ltr'>congregationi</span> <span class='ocrx_word' id='word_1_78' title='bbox 866 947 904 983; x_wconf 86' lang='lat' dir='ltr'>de</span> <span class='ocrx_word' id='word_1_79' title='bbox 922 959 1002 982; x_wconf 85' lang='lat' dir='ltr'>novo</span> <span class='ocrx_word' id='word_1_80' title='bbox 1018 957 1140 982; x_wconf 87' lang='lat' dir='ltr'>erectae</span> <span class='ocrx_word' id='word_1_81' title='bbox 1162 947 1223 982; x_wconf 89' lang='lat' dir='ltr'>ltu-</span> 
     </span>
     <span class='ocr_line' id='line_1_16' title="bbox 470 997 1221 1044; baseline 0 -12"><span class='ocrx_word' id='word_1_82' title='bbox 470 997 622 1038; x_wconf 87' lang='lat' dir='ltr'>iusmodi,</span> <span class='ocrx_word' id='word_1_83' title='bbox 646 1010 701 1044; x_wconf 89' lang='lat' dir='ltr'>per</span> <span class='ocrx_word' id='word_1_84' title='bbox 720 998 874 1044; x_wconf 88' lang='lat' dir='ltr'>praelatos</span> <span class='ocrx_word' id='word_1_85' title='bbox 889 998 1052 1032; x_wconf 86' lang='lat' dir='ltr'>dumtaxat</span> <span class='ocrx_word' id='word_1_86' title='bbox 1079 998 1221 1032; x_wconf 90' lang='lat' dir='ltr'>eiusdem</span> 
     </span>
     <span class='ocr_line' id='line_1_17' title="bbox 469 1046 1223 1094; baseline 0 -12"><span class='ocrx_word' id='word_1_87' title='bbox 469 1047 724 1094; x_wconf 83' lang='lat' dir='ltr'>congregationis</span> <span class='ocrx_word' id='word_1_88' title='bbox 747 1056 896 1094; x_wconf 84' lang='lat' dir='ltr'>regantur</span> <span class='ocrx_word' id='word_1_89' title='bbox 922 1055 952 1082; x_wconf 91' lang='lat' dir='ltr'>et</span> <span class='ocrx_word' id='word_1_90' title='bbox 980 1046 1223 1093; x_wconf 71' lang='lat' dir='ltr'>gubernentur,</span> 
     </span>
     <span class='ocr_line' id='line_1_18' title="bbox 469 1096 1222 1144; baseline 0 -13"><span class='ocrx_word' id='word_1_91' title='bbox 469 1105 499 1131; x_wconf 90' lang='lat' dir='ltr'>et</span> <span class='ocrx_word' id='word_1_92' title='bbox 527 1098 674 1143; x_wconf 89' lang='lat' dir='ltr'>quotiens</span> <span class='ocrx_word' id='word_1_93' title='bbox 702 1096 752 1130; x_wconf 87' lang='lat' dir='ltr'>illa</span> <span class='ocrx_word' id='word_1_94' title='bbox 775 1097 995 1144; x_wconf 90' lang='lat' dir='ltr'>ubicumque,</span> <span class='ocrx_word' id='word_1_95' title='bbox 1022 1097 1115 1131; x_wconf 90' lang='lat' dir='ltr'>etiam</span> <span class='ocrx_word' id='word_1_96' title='bbox 1139 1098 1222 1144; x_wconf 87' lang='lat' dir='ltr'>apud</span> 
     </span>
     <span class='ocr_line' id='line_1_19' title="bbox 469 1145 1224 1194; baseline -0.001 -12"><span class='ocrx_word' id='word_1_97' title='bbox 469 1145 586 1182; x_wconf 86' lang='lat' dir='ltr'>Sedem</span> <span class='ocrx_word' id='word_1_98' title='bbox 611 1146 801 1193; x_wconf 74' lang='lat' dir='ltr'>praedictam</span> <span class='ocrx_word' id='word_1_99' title='bbox 825 1155 854 1181; x_wconf 92' lang='lat' dir='ltr'>et</span> <span class='ocrx_word' id='word_1_100' title='bbox 877 1147 1151 1194; x_wconf 77' lang='lat' dir='ltr'>qualitercumque</span> <span class='ocrx_word' id='word_1_101' title='bbox 1170 1159 1224 1182; x_wconf 74' lang='lat' dir='ltr'>xa—</span> 
     </span>
     <span class='ocr_line' id='line_1_20' title="bbox 469 1196 1224 1242; baseline 0.001 -12"><span class='ocrx_word' id='word_1_102' title='bbox 469 1207 541 1230; x_wconf 87' lang='lat' dir='ltr'>care</span> <span class='ocrx_word' id='word_1_103' title='bbox 565 1196 743 1242; x_wconf 80' lang='lat' dir='ltr'>contigerit,</span> <span class='ocrx_word' id='word_1_104' title='bbox 771 1196 865 1231; x_wconf 89' lang='lat' dir='ltr'>etiam</span> <span class='ocrx_word' id='word_1_105' title='bbox 893 1196 918 1231; x_wconf 89' lang='lat' dir='ltr'>si</span> <span class='ocrx_word' id='word_1_106' title='bbox 946 1197 1075 1242; x_wconf 87' lang='lat' dir='ltr'>quaevis</span> <span class='ocrx_word' id='word_1_107' title='bbox 1102 1197 1224 1242; x_wconf 88' lang='lat' dir='ltr'>specia-</span> 
     </span>
     <span class='ocr_line' id='line_1_21' title="bbox 470 1245 1225 1292; baseline 0.003 -13"><span class='ocrx_word' id='word_1_108' title='bbox 470 1245 515 1280; x_wconf 88' lang='lat' dir='ltr'>les</span> <span class='ocrx_word' id='word_1_109' title='bbox 530 1245 576 1280; x_wconf 86' lang='lat' dir='ltr'>vel</span> <span class='ocrx_word' id='word_1_110' title='bbox 593 1247 757 1292; x_wconf 83' lang='lat' dir='ltr'>generales</span> <span class='ocrx_word' id='word_1_111' title='bbox 779 1245 817 1280; x_wconf 91' lang='lat' dir='ltr'>de</span> <span class='ocrx_word' id='word_1_112' title='bbox 840 1246 962 1280; x_wconf 89' lang='lat' dir='ltr'>illorum</span> <span class='ocrx_word' id='word_1_113' title='bbox 988 1246 1225 1292; x_wconf 77' lang='lat' dir='ltr'>provisionibus</span> 
     </span>
     <span class='ocr_line' id='line_1_22' title="bbox 469 1294 1225 1342; baseline 0.001 -12"><span class='ocrx_word' id='word_1_114' title='bbox 469 1307 525 1330; x_wconf 87' lang='lat' dir='ltr'>seu</span> <span class='ocrx_word' id='word_1_115' title='bbox 548 1294 813 1341; x_wconf 82' lang='lat' dir='ltr'>dispositionibus</span> <span class='ocrx_word' id='word_1_116' title='bbox 840 1307 895 1342; x_wconf 90' lang='lat' dir='ltr'>per</span> <span class='ocrx_word' id='word_1_117' title='bbox 909 1295 1023 1330; x_wconf 90' lang='lat' dir='ltr'>dictam</span> <span class='ocrx_word' id='word_1_118' title='bbox 1040 1295 1156 1330; x_wconf 82' lang='lat' dir='ltr'>Scdem</span> <span class='ocrx_word' id='word_1_119' title='bbox 1175 1308 1225 1331; x_wconf 82' lang='lat' dir='ltr'>re-</span> 
     </span>
     <span class='ocr_line' id='line_1_23' title="bbox 469 1344 1224 1392; baseline 0 -13"><span class='ocrx_word' id='word_1_120' title='bbox 469 1345 661 1379; x_wconf 88' lang='lat' dir='ltr'>servationes</span> <span class='ocrx_word' id='word_1_121' title='bbox 688 1344 786 1380; x_wconf 80' lang='lat' dir='ltr'>sactae</span> <span class='ocrx_word' id='word_1_122' title='bbox 809 1344 936 1389; x_wconf 85' lang='lat' dir='ltr'>suerint,</span> <span class='ocrx_word' id='word_1_123' title='bbox 963 1344 1111 1391; x_wconf 85' lang='lat' dir='ltr'>generale</span> <span class='ocrx_word' id='word_1_124' title='bbox 1138 1346 1224 1392; x_wconf 89' lang='lat' dir='ltr'>capi-</span> 
     </span>
     <span class='ocr_line' id='line_1_24' title="bbox 471 1393 1222 1441; baseline 0.001 -13"><span class='ocrx_word' id='word_1_125' title='bbox 471 1394 591 1434; x_wconf 86' lang='lat' dir='ltr'>tulum,</span> <span class='ocrx_word' id='word_1_126' title='bbox 619 1394 645 1429; x_wconf 92' lang='lat' dir='ltr'>si</span> <span class='ocrx_word' id='word_1_127' title='bbox 666 1402 741 1428; x_wconf 90' lang='lat' dir='ltr'>tunc</span> <span class='ocrx_word' id='word_1_128' title='bbox 765 1393 961 1432; x_wconf 78' lang='lat' dir='ltr'>celebretur,</span> <span class='ocrx_word' id='word_1_129' title='bbox 988 1394 1127 1441; x_wconf 86' lang='lat' dir='ltr'>alioquin</span> <span class='ocrx_word' id='word_1_130' title='bbox 1151 1395 1222 1429; x_wconf 86' lang='lat' dir='ltr'>dicti</span> 
     </span>
     <span class='ocr_line' id='line_1_25' title="bbox 469 1442 1224 1490; baseline 0.001 -12"><span class='ocrx_word' id='word_1_131' title='bbox 469 1442 600 1478; x_wconf 83' lang='lat' dir='ltr'>Ordinis</span> <span class='ocrx_word' id='word_1_132' title='bbox 627 1443 783 1490; x_wconf 83' lang='lat' dir='ltr'>generalis</span> <span class='ocrx_word' id='word_1_133' title='bbox 812 1456 867 1490; x_wconf 90' lang='lat' dir='ltr'>pro</span> <span class='ocrx_word' id='word_1_134' title='bbox 896 1451 1036 1490; x_wconf 88' lang='lat' dir='ltr'>tempore</span> <span class='ocrx_word' id='word_1_135' title='bbox 1064 1444 1224 1486; x_wconf 76' lang='lat' dir='ltr'>existens,</span> 
     </span>
     <span class='ocr_line' id='line_1_26' title="bbox 470 1493 1226 1540; baseline 0.003 -14"><span class='ocrx_word' id='word_1_136' title='bbox 470 1505 532 1527; x_wconf 93' lang='lat' dir='ltr'>una</span> <span class='ocrx_word' id='word_1_137' title='bbox 555 1505 627 1527; x_wconf 88' lang='lat' dir='ltr'>cum</span> <span class='ocrx_word' id='word_1_138' title='bbox 651 1493 761 1527; x_wconf 82' lang='lat' dir='ltr'>maiori</span> <span class='ocrx_word' id='word_1_139' title='bbox 790 1501 877 1540; x_wconf 83' lang='lat' dir='ltr'>parte</span> <span class='ocrx_word' id='word_1_140' title='bbox 906 1494 1101 1528; x_wconf 76' lang='lat' dir='ltr'>visitatorum</span> <span class='ocrx_word' id='word_1_141' title='bbox 1118 1521 1126 1535; x_wconf 82' lang='lat'>,</span> <span class='ocrx_word' id='word_1_142' title='bbox 1156 1494 1226 1528; x_wconf 91' lang='lat' dir='ltr'>illos</span> 
     </span>
     <span class='ocr_line' id='line_1_27' title="bbox 470 1542 1226 1590; baseline 0.001 -14"><span class='ocrx_word' id='word_1_143' title='bbox 470 1553 508 1576; x_wconf 81' lang='lat' dir='ltr'>cx</span> <span class='ocrx_word' id='word_1_144' title='bbox 531 1542 672 1576; x_wconf 87' lang='lat' dir='ltr'>eiusdem</span> <span class='ocrx_word' id='word_1_145' title='bbox 696 1542 734 1577; x_wconf 90' lang='lat' dir='ltr'>de</span> <span class='ocrx_word' id='word_1_146' title='bbox 758 1554 838 1577; x_wconf 88' lang='lat' dir='ltr'>novo</span> <span class='ocrx_word' id='word_1_147' title='bbox 857 1551 980 1577; x_wconf 81' lang='lat' dir='ltr'>erectae</span> <span class='ocrx_word' id='word_1_148' title='bbox 1002 1543 1226 1590; x_wconf 81' lang='lat' dir='ltr'>congregatio·</span> 
     </span>
     <span class='ocr_line' id='line_1_28' title="bbox 471 1591 1223 1638; baseline 0.004 -13"><span class='ocrx_word' id='word_1_149' title='bbox 471 1592 518 1625; x_wconf 91' lang='lat' dir='ltr'>nis</span> <span class='ocrx_word' id='word_1_150' title='bbox 534 1591 676 1626; x_wconf 86' lang='lat' dir='ltr'>monacis</span> <span class='ocrx_word' id='word_1_151' title='bbox 700 1592 920 1638; x_wconf 87' lang='lat' dir='ltr'>praesentibus</span> <span class='ocrx_word' id='word_1_152' title='bbox 942 1600 973 1627; x_wconf 88' lang='lat' dir='ltr'>et</span> <span class='ocrx_word' id='word_1_153' title='bbox 989 1592 1114 1636; x_wconf 82' lang='lat' dir='ltr'>suturis,</span> <span class='ocrx_word' id='word_1_154' title='bbox 1131 1593 1223 1628; x_wconf 83' lang='lat' dir='ltr'>etiam</span> 
     </span>
     <span class='ocr_line' id='line_1_29' title="bbox 470 1640 1225 1690; baseline 0.003 -15"><span class='ocrx_word' id='word_1_155' title='bbox 470 1640 626 1676; x_wconf 81' lang='lat' dir='ltr'>desectum</span> <span class='ocrx_word' id='word_1_156' title='bbox 656 1641 804 1676; x_wconf 88' lang='lat' dir='ltr'>natalium</span> <span class='ocrx_word' id='word_1_157' title='bbox 828 1654 865 1676; x_wconf 82' lang='lat' dir='ltr'>ex</span> <span class='ocrx_word' id='word_1_158' title='bbox 893 1642 1059 1688; x_wconf 87' lang='lat' dir='ltr'>quibusvis</span> <span class='ocrx_word' id='word_1_159' title='bbox 1083 1643 1225 1690; x_wconf 87' lang='lat' dir='ltr'>personis</span> 
     </span>
     <span class='ocr_line' id='line_1_30' title="bbox 471 1691 1225 1737; baseline 0.004 -13"><span class='ocrx_word' id='word_1_160' title='bbox 471 1691 637 1737; x_wconf 80' lang='lat' dir='ltr'>patienteS,</span> <span class='ocrx_word' id='word_1_161' title='bbox 653 1703 733 1737; x_wconf 88' lang='lat' dir='ltr'>quos</span> <span class='ocrx_word' id='word_1_162' title='bbox 759 1691 796 1725; x_wconf 89' lang='lat' dir='ltr'>ad</span> <span class='ocrx_word' id='word_1_163' title='bbox 822 1691 850 1725; x_wconf 93' lang='lat' dir='ltr'>id</span> <span class='ocrx_word' id='word_1_164' title='bbox 876 1691 1009 1727; x_wconf 87' lang='lat' dir='ltr'>idoneos</span> <span class='ocrx_word' id='word_1_165' title='bbox 1033 1691 1097 1726; x_wconf 86' lang='lat' dir='ltr'>sore</span> <span class='ocrx_word' id='word_1_166' title='bbox 1120 1693 1225 1727; x_wconf 88' lang='lat' dir='ltr'>credi-</span> 
     </span>
     <span class='ocr_line' id='line_1_31' title="bbox 470 1739 1224 1787; baseline 0.004 -13"><span class='ocrx_word' id='word_1_167' title='bbox 470 1739 582 1781; x_wconf 84' lang='lat' dir='ltr'>derint,</span> <span class='ocrx_word' id='word_1_168' title='bbox 612 1740 642 1774; x_wconf 95' lang='lat' dir='ltr'>in</span> <span class='ocrx_word' id='word_1_169' title='bbox 667 1740 821 1787; x_wconf 87' lang='lat' dir='ltr'>praelatos</span> <span class='ocrx_word' id='word_1_170' title='bbox 851 1748 926 1776; x_wconf 89' lang='lat' dir='ltr'>tunc</span> <span class='ocrx_word' id='word_1_171' title='bbox 949 1742 1124 1777; x_wconf 89' lang='lat' dir='ltr'>vacantium</span> <span class='ocrx_word' id='word_1_172' title='bbox 1153 1755 1224 1777; x_wconf 76' lang='lat' dir='ltr'>nio-</span> 
     </span>
    </p>
   </div>
   <div class='ocr_carea' id='block_1_3' title="bbox 269 251 452 279">
    <p class='ocr_par' dir='ltr' id='par_1_5' title="bbox 269 251 452 279">
     <span class='ocr_line' id='line_1_32' title="bbox 269 251 452 279; baseline 0.005 -1"><span class='ocrx_word' id='word_1_173' title='bbox 269 251 317 278; x_wconf 81' lang='lat' dir='ltr'>An.</span> <span class='ocrx_word' id='word_1_174' title='bbox 339 252 369 279; x_wconf 82' lang='lat' dir='ltr'>C.</span> <span class='ocrx_word' id='word_1_175' title='bbox 384 252 452 279; x_wconf 67' lang='lat' dir='ltr'>ttstz</span> 
     </span>
    </p>
   </div>
   <div class='ocr_carea' id='block_1_4' title="bbox 269 466 453 645">
    <p class='ocr_par' dir='ltr' id='par_1_6' title="bbox 269 466 453 645">
     <span class='ocr_line' id='line_1_33' title="bbox 284 466 451 488; baseline -0.006 0"><span class='ocrx_word' id='word_1_176' title='bbox 284 466 336 488; x_wconf 64' lang='lat' dir='ltr'>Lot.-</span> <span class='ocrx_word' id='word_1_177' title='bbox 363 474 402 487; x_wconf 77' lang='lat' dir='ltr'>nnn</span> <span class='ocrx_word' id='word_1_178' title='bbox 429 474 451 487; x_wconf 93' lang='lat' dir='ltr'>u-</span> 
     </span>
     <span class='ocr_line' id='line_1_34' title="bbox 269 497 452 519; baseline -0.005 -1"><span class='ocrx_word' id='word_1_179' title='bbox 269 504 317 518; x_wconf 80' lang='lat' dir='ltr'>num</span> <span class='ocrx_word' id='word_1_180' title='bbox 334 497 396 519; x_wconf 63' lang='lat' dir='ltr'>uttan</span> <span class='ocrx_word' id='word_1_181' title='bbox 417 504 452 518; x_wconf 74' lang='lat' dir='ltr'>nu-</span> 
     </span>
     <span class='ocr_line' id='line_1_35' title="bbox 269 528 453 549; baseline 0 0"><span class='ocrx_word' id='word_1_182' title='bbox 269 528 337 549; x_wconf 73' lang='lat' dir='ltr'>bleetn</span> <span class='ocrx_word' id='word_1_183' title='bbox 346 534 394 549; x_wconf 70' lang='lat' dir='ltr'>esso</span> <span class='ocrx_word' id='word_1_184' title='bbox 404 534 453 549; x_wconf 75' lang='lat' dir='ltr'>cen·</span> 
     </span>
     <span class='ocr_line' id='line_1_36' title="bbox 270 561 451 584; baseline 0.006 -5"><span class='ocrx_word' id='word_1_185' title='bbox 270 564 364 584; x_wconf 68' lang='lat' dir='ltr'>seni-itur,</span> <span class='ocrx_word' id='word_1_186' title='bbox 375 561 410 581; x_wconf 71' lang='lat' dir='ltr'>ted</span> <span class='ocrx_word' id='word_1_187' title='bbox 427 561 451 580; x_wconf 73' lang='lat' dir='ltr'>ad</span> 
     </span>
     <span class='ocr_line' id='line_1_37' title="bbox 270 591 452 612; baseline 0.005 -2"><span class='ocrx_word' id='word_1_188' title='bbox 270 591 360 612; x_wconf 73' lang='lat' dir='ltr'>invicem</span> <span class='ocrx_word' id='word_1_189' title='bbox 376 591 452 612; x_wconf 68' lang='lat' dir='ltr'>suffu—</span> 
     </span>
     <span class='ocr_line' id='line_1_38' title="bbox 270 624 351 645; baseline -0.012 -4"><span class='ocrx_word' id='word_1_190' title='bbox 270 624 351 645; x_wconf 38' lang='lat' dir='ltr'>nentur,</span> 
     </span>
    </p>
   </div>
   <div class='ocr_carea' id='block_1_5' title="bbox 269 859 454 1096">
    <p class='ocr_par' dir='ltr' id='par_1_7' title="bbox 269 859 454 1096">
     <span class='ocr_line' id='line_1_39' title="bbox 270 859 451 881; baseline 0.006 -1"><span class='ocrx_word' id='word_1_191' title='bbox 270 859 451 881; x_wconf 63' lang='lat' dir='ltr'>Nonacri-con—</span> 
     </span>
     <span class='ocr_line' id='line_1_40' title="bbox 271 890 453 917; baseline -0.011 -9"><span class='ocrx_word' id='word_1_192' title='bbox 271 890 365 910; x_wconf 53' lang='lat' dir='ltr'>terantur</span> <span class='ocrx_word' id='word_1_193' title='bbox 390 896 453 917; x_wconf 67' lang='lat' dir='ltr'>pne-</span> 
     </span>
     <span class='ocr_line' id='line_1_41' title="bbox 270 920 453 941; baseline 0.005 -1"><span class='ocrx_word' id='word_1_194' title='bbox 270 921 317 940; x_wconf 70' lang='grc' dir='ltr'>Ιιιίς</span> <span class='ocrx_word' id='word_1_195' title='bbox 335 920 420 941; x_wconf 70' lang='lat' dir='ltr'>Ordinis</span> <span class='ocrx_word' id='word_1_196' title='bbox 442 927 453 941; x_wconf 76' lang='lat' dir='ltr'>u</span> 
     </span>
     <span class='ocr_line' id='line_1_42' title="bbox 270 952 454 978; baseline 0.011 -8"><span class='ocrx_word' id='word_1_197' title='bbox 270 952 362 978; x_wconf 71' lang='lat' dir='ltr'>capituto</span> <span class='ocrx_word' id='word_1_198' title='bbox 386 957 454 978; x_wconf 71' lang='lat' dir='ltr'>gene-</span> 
     </span>
     <span class='ocr_line' id='line_1_43' title="bbox 271 983 453 1010; baseline 0.005 -8"><span class='ocrx_word' id='word_1_199' title='bbox 271 983 308 1003; x_wconf 77' lang='lat' dir='ltr'>rali</span> <span class='ocrx_word' id='word_1_200' title='bbox 319 983 352 1003; x_wconf 75' lang='lat' dir='ltr'>vel</span> <span class='ocrx_word' id='word_1_201' title='bbox 363 984 387 1002; x_wconf 74' lang='lat' dir='ltr'>al·</span> <span class='ocrx_word' id='word_1_202' title='bbox 408 985 453 1010; x_wconf 72' lang='lat' dir='ltr'>ipso</span> 
     </span>
     <span class='ocr_line' id='line_1_44' title="bbox 270 1014 454 1039; baseline 0.005 -6"><span class='ocrx_word' id='word_1_203' title='bbox 270 1014 364 1039; x_wconf 66' lang='lat' dir='ltr'>generali</span> <span class='ocrx_word' id='word_1_204' title='bbox 381 1017 400 1034; x_wconf 75' lang='lat' dir='ltr'>et</span> <span class='ocrx_word' id='word_1_205' title='bbox 412 1020 454 1034; x_wconf 79' lang='lat' dir='ltr'>ma-</span> 
     </span>
     <span class='ocr_line' id='line_1_45' title="bbox 271 1045 454 1072; baseline 0.011 -9"><span class='ocrx_word' id='word_1_206' title='bbox 271 1045 310 1064; x_wconf 76' lang='lat' dir='ltr'>iori</span> <span class='ocrx_word' id='word_1_207' title='bbox 328 1048 388 1072; x_wconf 67' lang='lat' dir='ltr'>parte</span> <span class='ocrx_word' id='word_1_208' title='bbox 404 1046 454 1065; x_wconf 70' lang='lat' dir='ltr'>visi-</span> 
     </span>
     <span class='ocr_line' id='line_1_46' title="bbox 269 1078 367 1096; baseline 0.02 -2"><span class='ocrx_word' id='word_1_209' title='bbox 269 1078 367 1096; x_wconf 71' lang='lat' dir='ltr'>utorium</span> 
     </span>
    </p>
   </div>
   <div class='ocr_carea' id='block_1_6' title="bbox 470 1790 1247 1836">
    <p class='ocr_par' dir='ltr' id='par_1_8' title="bbox 470 1790 1247 1836">
     <span class='ocr_line' id='line_1_47' title="bbox 470 1790 1247 1836; baseline 0.004 -13"><span class='ocrx_word' id='word_1_210' title='bbox 470 1798 586 1824; x_wconf 89' lang='lat' dir='ltr'>naster.</span> <span class='ocrx_word' id='word_1_211' title='bbox 615 1797 644 1824; x_wconf 85' lang='lat' dir='ltr'>et</span> <span class='ocrx_word' id='word_1_212' title='bbox 672 1790 866 1836; x_wconf 83' lang='lat' dir='ltr'>prioratuum</span> <span class='ocrx_word' id='word_1_213' title='bbox 904 1791 1087 1825; x_wconf 88' lang='lat' dir='ltr'>huiusmodi</span> <span class='ocrx_word' id='word_1_214' title='bbox 1105 1818 1114 1835; x_wconf 89' lang='lat'>,</span> <span class='ocrx_word' id='word_1_215' title='bbox 1149 1792 1247 1826; x_wconf 37' lang='lat' dir='ltr'>alias*</span> 
     </span>
    </p>
   </div>
   <div class='ocr_carea' id='block_1_7' title="bbox 470 1838 1226 1936">
    <p class='ocr_par' dir='ltr' id='par_1_9' title="bbox 470 1838 1226 1936">
     <span class='ocr_line' id='line_1_48' title="bbox 470 1838 1225 1886; baseline 0.004 -13"><span class='ocrx_word' id='word_1_216' title='bbox 470 1838 649 1874; x_wconf 88' lang='lat' dir='ltr'>seeundum</span> <span class='ocrx_word' id='word_1_217' title='bbox 673 1839 935 1886; x_wconf 79' lang='lat' dir='ltr'>consuetudines,</span> <span class='ocrx_word' id='word_1_218' title='bbox 959 1840 1174 1875; x_wconf 86' lang='lat' dir='ltr'>ordinationes</span> <span class='ocrx_word' id='word_1_219' title='bbox 1196 1849 1225 1876; x_wconf 89' lang='lat' dir='ltr'>et</span> 
     </span>
     <span class='ocr_line' id='line_1_49' title="bbox 470 1889 1226 1936; baseline 0.004 -13"><span class='ocrx_word' id='word_1_220' title='bbox 470 1895 584 1923; x_wconf 87' lang='lat' dir='ltr'>statuta</span> <span class='ocrx_word' id='word_1_221' title='bbox 607 1889 777 1936; x_wconf 84' lang='lat' dir='ltr'>praedicta,</span> <span class='ocrx_word' id='word_1_222' title='bbox 793 1889 911 1936; x_wconf 76' lang='lat' dir='ltr'>eligere</span> <span class='ocrx_word' id='word_1_223' title='bbox 933 1902 986 1925; x_wconf 89' lang='lat' dir='ltr'>seu</span> <span class='ocrx_word' id='word_1_224' title='bbox 1004 1890 1179 1931; x_wconf 90' lang='lat' dir='ltr'>nominare,</span> <span class='ocrx_word' id='word_1_225' title='bbox 1195 1899 1226 1926; x_wconf 85' lang='lat' dir='ltr'>et</span> 
     </span>
    </p>
   </div>
   <div class='ocr_carea' id='block_1_8' title="bbox 470 1937 1247 1986">
    <p class='ocr_par' dir='ltr' id='par_1_10' title="bbox 470 1937 1247 1986">
     <span class='ocr_line' id='line_1_50' title="bbox 470 1937 1247 1986; baseline 0.004 -14"><span class='ocrx_word' id='word_1_226' title='bbox 470 1937 509 1972; x_wconf 91' lang='lat' dir='ltr'>ad</span> <span class='ocrx_word' id='word_1_227' title='bbox 524 1950 634 1973; x_wconf 91' lang='lat' dir='ltr'>eorum</span> <span class='ocrx_word' id='word_1_228' title='bbox 650 1937 894 1986; x_wconf 81' lang='lat' dir='ltr'>beneplacitum,</span> <span class='ocrx_word' id='word_1_229' title='bbox 910 1939 1012 1974; x_wconf 86' lang='lat' dir='ltr'>taliter</span> <span class='ocrx_word' id='word_1_230' title='bbox 1034 1940 1152 1975; x_wconf 87' lang='lat' dir='ltr'>electos</span> <span class='ocrx_word' id='word_1_231' title='bbox 1169 1953 1223 1975; x_wconf 89' lang='lat' dir='ltr'>seu</span> <span class='ocrx_word' id='word_1_232' title='bbox 1246 1960 1247 1965; x_wconf 67' lang='lat'>=</span> 
     </span>
    </p>
   </div>
   <div class='ocr_carea' id='block_1_9' title="bbox 472 1989 1226 2035">
    <p class='ocr_par' dir='ltr' id='par_1_11' title="bbox 472 1989 1226 2035">
     <span class='ocr_line' id='line_1_51' title="bbox 472 1989 1226 2035; baseline 0.005 -13"><span class='ocrx_word' id='word_1_233' title='bbox 472 1989 654 2023; x_wconf 88' lang='lat' dir='ltr'>nominatos</span> <span class='ocrx_word' id='word_1_234' title='bbox 676 2000 692 2023; x_wconf 91' lang='lat' dir='ltr'>a</span> <span class='ocrx_word' id='word_1_235' title='bbox 722 1989 876 2035; x_wconf 86' lang='lat' dir='ltr'>regimine</span> <span class='ocrx_word' id='word_1_236' title='bbox 899 1997 929 2024; x_wconf 85' lang='lat' dir='ltr'>et</span> <span class='ocrx_word' id='word_1_237' title='bbox 954 1989 1226 2026; x_wconf 81' lang='lat' dir='ltr'>administratione</span> 
     </span>
    </p>
   </div>
   <div class='ocr_carea' id='block_1_10' title="bbox 471 2037 1248 2086">
    <p class='ocr_par' dir='ltr' id='par_1_12' title="bbox 471 2037 1248 2086">
     <span class='ocr_line' id='line_1_52' title="bbox 471 2037 1248 2086; baseline 0.004 -14"><span class='ocrx_word' id='word_1_238' title='bbox 471 2037 630 2074; x_wconf 77' lang='lat' dir='ltr'>dIctorum</span> <span class='ocrx_word' id='word_1_239' title='bbox 663 2039 926 2074; x_wconf 88' lang='lat' dir='ltr'>monasteriorum</span> <span class='ocrx_word' id='word_1_240' title='bbox 956 2047 986 2074; x_wconf 89' lang='lat' dir='ltr'>et</span> <span class='ocrx_word' id='word_1_241' title='bbox 1016 2040 1248 2086; x_wconf 69' lang='lat' dir='ltr'>prioratuum‚‘</span> 
     </span>
    </p>
   </div>
   <div class='ocr_carea' id='block_1_11' title="bbox 471 2092 1226 2303">
    <p class='ocr_par' dir='ltr' id='par_1_13' title="bbox 471 2092 1226 2236">
     <span class='ocr_line' id='line_1_53' title="bbox 471 2092 1226 2140; baseline 0.005 -14"><span class='ocrx_word' id='word_1_242' title='bbox 471 2092 587 2140; x_wconf 90' lang='lat' dir='ltr'>quibus</span> <span class='ocrx_word' id='word_1_243' title='bbox 621 2100 696 2128; x_wconf 84' lang='lat' dir='ltr'>tunc</span> <span class='ocrx_word' id='word_1_244' title='bbox 731 2093 941 2140; x_wconf 77' lang='lat' dir='ltr'>praefuerint,</span> <span class='ocrx_word' id='word_1_245' title='bbox 978 2102 1008 2128; x_wconf 85' lang='lat' dir='ltr'>et</span> <span class='ocrx_word' id='word_1_246' title='bbox 1035 2106 1116 2140; x_wconf 87' lang='lat' dir='ltr'>quae</span> <span class='ocrx_word' id='word_1_247' title='bbox 1153 2103 1226 2130; x_wconf 90' lang='lat' dir='ltr'>tuuc</span> 
     </span>
     <span class='ocr_line' id='line_1_54' title="bbox 472 2148 1226 2194; baseline 0.003 -12"><span class='ocrx_word' id='word_1_248' title='bbox 472 2154 638 2194; x_wconf 87' lang='lat' dir='ltr'>propterea</span> <span class='ocrx_word' id='word_1_249' title='bbox 663 2159 772 2183; x_wconf 84' lang='lat' dir='ltr'>vacare</span> <span class='ocrx_word' id='word_1_250' title='bbox 794 2156 993 2187; x_wconf 83' lang='lat' dir='ltr'>censeantur,</span> <span class='ocrx_word' id='word_1_251' title='bbox 1017 2148 1181 2185; x_wconf 88' lang='lat' dir='ltr'>absolvere</span> <span class='ocrx_word' id='word_1_252' title='bbox 1197 2159 1226 2184; x_wconf 93' lang='lat' dir='ltr'>et</span> 
     </span>
     <span class='ocr_line' id='line_1_55' title="bbox 472 2212 628 2236; baseline 0 -1"><span class='ocrx_word' id='word_1_253' title='bbox 472 2212 628 2236; x_wconf 80' lang='lat' dir='ltr'>amovere.</span> 
     </span>
    </p>

    <p class='ocr_par' dir='ltr' id='par_1_14' title="bbox 523 2255 1226 2303">
     <span class='ocr_line' id='line_1_56' title="bbox 523 2255 1226 2303; baseline 0.004 -14"><span class='ocrx_word' id='word_1_254' title='bbox 523 2255 543 2302; x_wconf 63' lang='lat' dir='ltr'>g</span> <span class='ocrx_word' id='word_1_255' title='bbox 568 2257 623 2289; x_wconf 83' lang='lat'>18.</span> <span class='ocrx_word' id='word_1_256' title='bbox 648 2255 780 2291; x_wconf 84' lang='lat' dir='ltr'>Praelati</span> <span class='ocrx_word' id='word_1_257' title='bbox 805 2256 849 2291; x_wconf 89' lang='lat' dir='ltr'>sic</span> <span class='ocrx_word' id='word_1_258' title='bbox 871 2256 961 2291; x_wconf 90' lang='lat' dir='ltr'>electi</span> <span class='ocrx_word' id='word_1_259' title='bbox 984 2268 1040 2292; x_wconf 89' lang='lat' dir='ltr'>seu</span> <span class='ocrx_word' id='word_1_260' title='bbox 1062 2258 1226 2303; x_wconf 79' lang='lat' dir='ltr'>nominati,</span> 
     </span>
    </p>
   </div>
   <div class='ocr_carea' id='block_1_12' title="bbox 271 2309 1228 2375">
    <p class='ocr_par' dir='ltr' id='par_1_15' title="bbox 271 2309 1228 2375">
     <span class='ocr_line' id='line_1_57' title="bbox 285 2309 1228 2375; baseline 0.005 -33"><span class='ocrx_word' id='word_1_261' title='bbox 285 2318 460 2375; x_wconf 49' lang='grc' dir='ltr'>,Ριὲῧιοιεὲἓξᾳῖξ</span> <span class='ocrx_word' id='word_1_262' title='bbox 473 2309 593 2357; x_wconf 86' lang='lat' dir='ltr'>absque</span> <span class='ocrx_word' id='word_1_263' title='bbox 620 2310 752 2346; x_wconf 86' lang='lat' dir='ltr'>alicuius</span> <span class='ocrx_word' id='word_1_264' title='bbox 771 2311 874 2346; x_wconf 88' lang='lat' dir='ltr'>dictae</span> <span class='ocrx_word' id='word_1_265' title='bbox 900 2310 994 2346; x_wconf 84' lang='lat' dir='ltr'>Sedis</span> <span class='ocrx_word' id='word_1_266' title='bbox 1030 2312 1075 2346; x_wconf 84' lang='lat' dir='ltr'>vel</span> <span class='ocrx_word' id='word_1_267' title='bbox 1098 2311 1228 2348; x_wconf 82' lang='lat' dir='ltr'>alterius</span> 
     </span>
     <span class='ocr_line' id='line_1_58' title="bbox 271 2358 559 2374; baseline 0.003 0"><span class='ocrx_word' id='word_1_268' title='bbox 271 2358 307 2374; x_wconf 66' lang='grc' dir='ltr'>ΟΕ</span> <span class='ocrx_word' id='word_1_269' title='bbox 350 2366 355 2373; x_wconf 79' lang='grc' dir='ltr'>ι</span> <span class='ocrx_word' id='word_1_270' title='bbox 554 2364 559 2369; x_wconf 91' lang='grc'><em>·</em></span> 
     </span>
    </p>
   </div>
   <div class='ocr_carea' id='block_1_13' title="bbox 275 2364 1227 2468">
    <p class='ocr_par' dir='ltr' id='par_1_16' title="bbox 275 2364 1227 2468">
     <span class='ocr_line' id='line_1_59' title="bbox 275 2364 1226 2413; baseline 0.002 -13"><span class='ocrx_word' id='word_1_271' title='bbox 275 2380 317 2400; x_wconf 59' lang='lat' dir='ltr'>aim</span> <span class='ocrx_word' id='word_1_272' title='bbox 333 2380 461 2406; x_wconf 75' lang='lat' dir='ltr'>SedisApo-</span> <span class='ocrx_word' id='word_1_273' title='bbox 476 2364 664 2412; x_wconf 86' lang='lat' dir='ltr'>provisionis</span> <span class='ocrx_word' id='word_1_274' title='bbox 691 2365 736 2400; x_wconf 88' lang='lat' dir='ltr'>vel</span> <span class='ocrx_word' id='word_1_275' title='bbox 760 2365 1007 2413; x_wconf 85' lang='lat' dir='ltr'>dispensationis</span> <span class='ocrx_word' id='word_1_276' title='bbox 1021 2365 1226 2407; x_wconf 74' lang='lat' dir='ltr'>adminiculo,</span> 
     </span>
     <span class='ocr_line' id='line_1_60' title="bbox 276 2413 1227 2468; baseline 0.004 -16"><span class='ocrx_word' id='word_1_277' title='bbox 276 2413 567 2453; x_wconf 67' lang='lat' dir='ltr'>⁵¹⁰¹*⁶³⁸‘¹³³¹³²¹¹&#39;etiani</span> <span class='ocrx_word' id='word_1_278' title='bbox 597 2426 720 2466; x_wconf 87' lang='lat' dir='ltr'>practer</span> <span class='ocrx_word' id='word_1_279' title='bbox 748 2420 818 2459; x_wconf 81' lang='lat' dir='ltr'>boc,</span> <span class='ocrx_word' id='word_1_280' title='bbox 845 2419 930 2468; x_wconf 87' lang='lat' dir='ltr'>quod</span> <span class='ocrx_word' id='word_1_281' title='bbox 958 2421 1003 2456; x_wconf 88' lang='lat' dir='ltr'>cis</span> <span class='ocrx_word' id='word_1_282' title='bbox 1032 2433 1146 2456; x_wconf 89' lang='lat' dir='ltr'>munus</span> <span class='ocrx_word' id='word_1_283' title='bbox 1175 2421 1227 2457; x_wconf 90' lang='lat' dir='ltr'>be-</span> 
     </span>
    </p>
   </div>
   <div class='ocr_carea' id='block_1_14' title="bbox 276 2445 462 2468">
    <p class='ocr_par' dir='ltr' id='par_1_17' title="bbox 276 2445 462 2468">
     <span class='ocr_line' id='line_1_61' title="bbox 276 2445 462 2468; baseline -0.005 -4"><span class='ocrx_word' id='word_1_284' title='bbox 276 2445 367 2468; x_wconf 69' lang='lat' dir='ltr'>erutione,</span> <span class='ocrx_word' id='word_1_285' title='bbox 386 2450 462 2464; x_wconf 80' lang='lat' dir='ltr'>mona-</span> 
     </span>
    </p>
   </div>
   <div class='ocr_carea' id='block_1_15' title="bbox 275 2472 1229 2522">
    <p class='ocr_par' dir='ltr' id='par_1_18' title="bbox 275 2472 1229 2522">
     <span class='ocr_line' id='line_1_62' title="bbox 275 2472 1229 2522; baseline 0.002 -13"><span class='ocrx_word' id='word_1_286' title='bbox 275 2475 460 2509; x_wconf 61' lang='lat'>⁸²⁶¹³³¹¹&#39;‘.*⁶⁵⁶¹¹,¹*</span> <span class='ocrx_word' id='word_1_287' title='bbox 476 2472 667 2508; x_wconf 86' lang='lat' dir='ltr'>nedictionis</span> <span class='ocrx_word' id='word_1_288' title='bbox 694 2473 907 2521; x_wconf 82' lang='lat' dir='ltr'>impendatur,</span> <span class='ocrx_word' id='word_1_289' title='bbox 936 2475 1013 2522; x_wconf 90' lang='lat' dir='ltr'>ipsis</span> <span class='ocrx_word' id='word_1_290' title='bbox 1030 2477 1229 2511; x_wconf 84' lang='lat' dir='ltr'>monasteriis</span> 
     </span>
    </p>
   </div>
   <div class='ocr_carea' id='block_1_16' title="bbox 277 2509 462 2532">
    <p class='ocr_par' dir='ltr' id='par_1_19' title="bbox 277 2509 462 2532">
     <span class='ocr_line' id='line_1_63' title="bbox 277 2509 462 2532; baseline 0 -7"><span class='ocrx_word' id='word_1_291' title='bbox 277 2509 297 2525; x_wconf 66' lang='lat' dir='ltr'>et</span> <span class='ocrx_word' id='word_1_292' title='bbox 314 2509 354 2526; x_wconf 76' lang='lat' dir='ltr'>tam</span> <span class='ocrx_word' id='word_1_293' title='bbox 377 2511 396 2525; x_wconf 83' lang='lat' dir='ltr'>in</span> <span class='ocrx_word' id='word_1_294' title='bbox 417 2511 462 2532; x_wconf 71' lang='lat' dir='ltr'>spt-</span> 
     </span>
    </p>
   </div>
   <div class='ocr_carea' id='block_1_17' title="bbox 277 2527 1229 2576">
    <p class='ocr_par' dir='ltr' id='par_1_20' title="bbox 277 2527 1229 2576">
     <span class='ocr_line' id='line_1_64' title="bbox 277 2527 1229 2576; baseline 0.002 -13"><span class='ocrx_word' id='word_1_295' title='bbox 277 2537 386 2558; x_wconf 63' lang='lat' dir='ltr'>‹nunu-2·-</span> <span class='ocrx_word' id='word_1_296' title='bbox 402 2543 461 2564; x_wconf 53' lang='lat' dir='ltr'>quam</span> <span class='ocrx_word' id='word_1_297' title='bbox 475 2536 505 2563; x_wconf 88' lang='lat' dir='ltr'>et</span> <span class='ocrx_word' id='word_1_298' title='bbox 533 2527 738 2574; x_wconf 85' lang='lat' dir='ltr'>prioratibus,</span> <span class='ocrx_word' id='word_1_299' title='bbox 760 2529 796 2563; x_wconf 87' lang='lat' dir='ltr'>ad</span> <span class='ocrx_word' id='word_1_300' title='bbox 821 2541 901 2576; x_wconf 85' lang='lat' dir='ltr'>quae</span> <span class='ocrx_word' id='word_1_301' title='bbox 924 2531 969 2565; x_wconf 88' lang='lat' dir='ltr'>sic</span> <span class='ocrx_word' id='word_1_302' title='bbox 996 2529 1084 2564; x_wconf 88' lang='lat' dir='ltr'>electi</span> <span class='ocrx_word' id='word_1_303' title='bbox 1108 2530 1153 2565; x_wconf 90' lang='lat' dir='ltr'>vel</span> <span class='ocrx_word' id='word_1_304' title='bbox 1170 2542 1229 2565; x_wconf 90' lang='lat' dir='ltr'>no-</span> 
     </span>
    </p>
   </div>
   <div class='ocr_carea' id='block_1_18' title="bbox 277 2568 517 2594">
    <p class='ocr_par' dir='ltr' id='par_1_21' title="bbox 277 2568 517 2594">
     <span class='ocr_line' id='line_1_65' title="bbox 277 2568 517 2594; baseline -0.004 -6"><span class='ocrx_word' id='word_1_305' title='bbox 277 2568 429 2594; x_wconf 72' lang='lat' dir='ltr'>tempor-atibus</span> <span class='ocrx_word' id='word_1_306' title='bbox 437 2573 463 2588; x_wconf 71' lang='lat' dir='ltr'>ea</span> <span class='ocrx_word' id='word_1_307' title='bbox 512 2581 517 2587; x_wconf 89' lang='lat'>.</span> 
     </span>
    </p>
   </div>
   <div class='ocr_carea' id='block_1_19' title="bbox 278 2581 1231 2686">
    <p class='ocr_par' dir='ltr' id='par_1_22' title="bbox 278 2581 1231 2686">
     <span class='ocr_line' id='line_1_66' title="bbox 278 2581 1230 2631; baseline -0.001 -11"><span class='ocrx_word' id='word_1_308' title='bbox 278 2599 404 2624; x_wconf 56' lang='lat' dir='ltr'>ruminent.</span> <span class='ocrx_word' id='word_1_309' title='bbox 478 2582 584 2617; x_wconf 83' lang='lat' dir='ltr'>minati</span> <span class='ocrx_word' id='word_1_310' title='bbox 608 2581 737 2627; x_wconf 84' lang='lat' dir='ltr'>fuerint,</span> <span class='ocrx_word' id='word_1_311' title='bbox 761 2596 914 2631; x_wconf 86' lang='lat' dir='ltr'>praeesse,</span> <span class='ocrx_word' id='word_1_312' title='bbox 941 2596 976 2619; x_wconf 88' lang='lat' dir='ltr'>ac</span> <span class='ocrx_word' id='word_1_313' title='bbox 1005 2584 1054 2619; x_wconf 88' lang='lat' dir='ltr'>illa</span> <span class='ocrx_word' id='word_1_314' title='bbox 1083 2584 1111 2619; x_wconf 92' lang='lat' dir='ltr'>in</span> <span class='ocrx_word' id='word_1_315' title='bbox 1135 2584 1230 2631; x_wconf 88' lang='lat' dir='ltr'>spiri-</span> 
     </span>
     <span class='ocr_line' id='line_1_67' title="bbox 478 2636 1231 2686; baseline 0.004 -15"><span class='ocrx_word' id='word_1_316' title='bbox 478 2636 618 2672; x_wconf 87' lang='lat' dir='ltr'>tualibus</span> <span class='ocrx_word' id='word_1_317' title='bbox 630 2649 666 2674; x_wconf 89' lang='lat' dir='ltr'>ac</span> <span class='ocrx_word' id='word_1_318' title='bbox 689 2638 918 2686; x_wconf 85' lang='lat' dir='ltr'>temporalibus</span> <span class='ocrx_word' id='word_1_319' title='bbox 934 2650 1041 2685; x_wconf 84' lang='lat' dir='ltr'>regere</span> <span class='ocrx_word' id='word_1_320' title='bbox 1063 2647 1093 2675; x_wconf 89' lang='lat' dir='ltr'>et</span> <span class='ocrx_word' id='word_1_321' title='bbox 1115 2639 1231 2685; x_wconf 83' lang='lat' dir='ltr'>guber-</span> 
     </span>
    </p>
   </div>
   <div class='ocr_carea' id='block_1_20' title="bbox 1048 247 1426 273">
    <p class='ocr_par' dir='ltr' id='par_1_23' title="bbox 1048 247 1426 273">
     <span class='ocr_line' id='line_1_68' title="bbox 1048 247 1426 273; baseline 0 -1"><span class='ocrx_word' id='word_1_322' title='bbox 1048 249 1236 273; x_wconf 66' lang='lat' dir='ltr'>actutum!</span> <span class='ocrx_word' id='word_1_323' title='bbox 1264 247 1426 272; x_wconf 53' lang='lat' dir='ltr'>nouam!</span> 
     </span>
    </p>
   </div>
   <div class='ocr_carea' id='block_1_21' title="bbox 1239 305 1244 431">
    <p class='ocr_par' dir='ltr' id='par_1_24' title="bbox 1239 305 1244 431">
     <span class='ocr_line' id='line_1_69' title="bbox 1239 305 1244 431; baseline 0 2820"><span class='ocrx_word' id='word_1_324' title='bbox 1239 305 1244 431; x_wconf 95' lang='lat' dir='ltr'> </span> 
     </span>
    </p>
   </div>
   <div class='ocr_carea' id='block_1_22' title="bbox 1241 527 1245 665">
    <p class='ocr_par' dir='ltr' id='par_1_25' title="bbox 1241 527 1245 665">
     <span class='ocr_line' id='line_1_70' title="bbox 1241 527 1245 665; baseline 0 0"><span class='ocrx_word' id='word_1_325' title='bbox 1241 527 1245 665; x_wconf 89' lang='grc' dir='ltr'>Ι</span> 
     </span>
    </p>
   </div>
   <div class='ocr_carea' id='block_1_23' title="bbox 1243 1082 1250 2220">
    <p class='ocr_par' dir='ltr' id='par_1_26' title="bbox 1243 1082 1250 2220">
     <span class='ocr_line' id='line_1_71' title="bbox 1243 1082 1250 2220; baseline 0 0"><span class='ocrx_word' id='word_1_326' title='bbox 1243 1082 1250 2220; x_wconf 95' lang='lat' dir='ltr'> </span> 
     </span>
    </p>
   </div>
   <div class='ocr_carea' id='block_1_24' title="bbox 2032 249 2211 277">
    <p class='ocr_par' dir='ltr' id='par_1_27' title="bbox 2032 249 2211 277">
     <span class='ocr_line' id='line_1_72' title="bbox 2032 249 2211 277; baseline 0.006 -1"><span class='ocrx_word' id='word_1_327' title='bbox 2032 249 2081 276; x_wconf 70' lang='lat' dir='ltr'>An.</span> <span class='ocrx_word' id='word_1_328' title='bbox 2099 249 2127 277; x_wconf 82' lang='lat' dir='ltr'>C.</span> <span class='ocrx_word' id='word_1_329' title='bbox 2146 250 2211 277; x_wconf 75' lang='lat' dir='ltr'>t5t5</span> 
     </span>
    </p>
   </div>
   <div class='ocr_carea' id='block_1_25' title="bbox 1263 302 2222 2634">
    <p class='ocr_par' dir='ltr' id='par_1_28' title="bbox 1263 302 2016 449">
     <span class='ocr_line' id='line_1_73' title="bbox 1264 302 2015 346; baseline 0.001 -9"><span class='ocrx_word' id='word_1_330' title='bbox 1264 315 1348 346; x_wconf 86' lang='lat' dir='ltr'>nare,</span> <span class='ocrx_word' id='word_1_331' title='bbox 1374 315 1409 337; x_wconf 88' lang='lat' dir='ltr'>ac</span> <span class='ocrx_word' id='word_1_332' title='bbox 1427 314 1538 338; x_wconf 87' lang='lat' dir='ltr'>omnes</span> <span class='ocrx_word' id='word_1_333' title='bbox 1559 311 1648 338; x_wconf 90' lang='lat' dir='ltr'>actus</span> <span class='ocrx_word' id='word_1_334' title='bbox 1671 302 1787 338; x_wconf 87' lang='lat' dir='ltr'>ibidem</span> <span class='ocrx_word' id='word_1_335' title='bbox 1811 314 1968 345; x_wconf 81' lang='lat' dir='ltr'>exercere,</span> <span class='ocrx_word' id='word_1_336' title='bbox 1987 313 2015 338; x_wconf 86' lang='lat' dir='ltr'>et</span> 
     </span>
     <span class='ocr_line' id='line_1_74' title="bbox 1264 352 2016 399; baseline 0.003 -13"><span class='ocrx_word' id='word_1_337' title='bbox 1264 352 1397 399; x_wconf 87' lang='lat' dir='ltr'>insignia</span> <span class='ocrx_word' id='word_1_338' title='bbox 1420 352 1564 398; x_wconf 78' lang='lat' dir='ltr'>deferre,</span> <span class='ocrx_word' id='word_1_339' title='bbox 1587 364 1622 388; x_wconf 89' lang='lat' dir='ltr'>ae</span> <span class='ocrx_word' id='word_1_340' title='bbox 1648 353 1674 388; x_wconf 83' lang='lat' dir='ltr'>si</span> <span class='ocrx_word' id='word_1_341' title='bbox 1697 365 1813 388; x_wconf 88' lang='lat' dir='ltr'>munus</span> <span class='ocrx_word' id='word_1_342' title='bbox 1835 353 2016 389; x_wconf 88' lang='lat' dir='ltr'>huiusmodi</span> 
     </span>
     <span class='ocr_line' id='line_1_75' title="bbox 1263 402 1490 449; baseline -0.004 -12"><span class='ocrx_word' id='word_1_343' title='bbox 1263 402 1490 449; x_wconf 86' lang='lat' dir='ltr'>suscepissent.</span> 
     </span>
    </p>

    <p class='ocr_par' dir='ltr' id='par_1_29' title="bbox 1264 451 2023 1540">
     <span class='ocr_line' id='line_1_76' title="bbox 1313 451 2017 499; baseline 0.004 -14"><span class='ocrx_word' id='word_1_344' title='bbox 1313 451 1333 498; x_wconf 61' lang='lat' dir='ltr'>g</span> <span class='ocrx_word' id='word_1_345' title='bbox 1359 454 1413 486; x_wconf 84' lang='grc'>19.</span> <span class='ocrx_word' id='word_1_346' title='bbox 1438 451 1477 486; x_wconf 85' lang='lat' dir='ltr'>Et</span> <span class='ocrx_word' id='word_1_347' title='bbox 1498 451 1524 486; x_wconf 91' lang='lat' dir='ltr'>si</span> <span class='ocrx_word' id='word_1_348' title='bbox 1553 452 1716 498; x_wconf 84' lang='lat' dir='ltr'>contingat</span> <span class='ocrx_word' id='word_1_349' title='bbox 1744 453 1900 499; x_wconf 89' lang='lat' dir='ltr'>praelatos</span> <span class='ocrx_word' id='word_1_350' title='bbox 1915 452 2017 488; x_wconf 88' lang='lat' dir='ltr'>dictae</span> 
     </span>
     <span class='ocr_line' id='line_1_77' title="bbox 1264 501 2017 548; baseline 0.004 -13"><span class='ocrx_word' id='word_1_351' title='bbox 1264 501 1303 535; x_wconf 84' lang='lat' dir='ltr'>de</span> <span class='ocrx_word' id='word_1_352' title='bbox 1328 513 1408 536; x_wconf 88' lang='lat' dir='ltr'>novo</span> <span class='ocrx_word' id='word_1_353' title='bbox 1435 509 1557 536; x_wconf 84' lang='lat' dir='ltr'>erectae</span> <span class='ocrx_word' id='word_1_354' title='bbox 1584 503 1838 548; x_wconf 86' lang='lat' dir='ltr'>congregationis</span> <span class='ocrx_word' id='word_1_355' title='bbox 1865 515 1881 537; x_wconf 90' lang='lat' dir='ltr'>a</span> <span class='ocrx_word' id='word_1_356' title='bbox 1904 515 2017 538; x_wconf 88' lang='lat' dir='ltr'>mona-</span> 
     </span>
     <span class='ocr_line' id='line_1_78' title="bbox 1264 549 2018 599; baseline 0.001 -15"><span class='ocrx_word' id='word_1_357' title='bbox 1264 551 1368 585; x_wconf 86' lang='lat' dir='ltr'>steriis</span> <span class='ocrx_word' id='word_1_358' title='bbox 1394 559 1424 585; x_wconf 92' lang='lat' dir='ltr'>et</span> <span class='ocrx_word' id='word_1_359' title='bbox 1453 549 1652 597; x_wconf 79' lang='lat' dir='ltr'>prioratibus,</span> <span class='ocrx_word' id='word_1_360' title='bbox 1679 552 1718 586; x_wconf 86' lang='lat' dir='ltr'>ad</span> <span class='ocrx_word' id='word_1_361' title='bbox 1745 564 1838 599; x_wconf 86' lang='lat' dir='ltr'>quae,</span> <span class='ocrx_word' id='word_1_362' title='bbox 1867 560 1899 587; x_wconf 92' lang='lat' dir='ltr'>ut</span> <span class='ocrx_word' id='word_1_363' title='bbox 1926 564 2018 599; x_wconf 86' lang='lat' dir='ltr'>prae-</span> 
     </span>
     <span class='ocr_line' id='line_1_79' title="bbox 1265 599 2016 649; baseline 0.003 -15"><span class='ocrx_word' id='word_1_364' title='bbox 1265 600 1408 640; x_wconf 83' lang='lat' dir='ltr'>mittitur,</span> <span class='ocrx_word' id='word_1_365' title='bbox 1424 599 1514 634; x_wconf 88' lang='lat' dir='ltr'>electi</span> <span class='ocrx_word' id='word_1_366' title='bbox 1530 612 1586 635; x_wconf 85' lang='lat' dir='ltr'>seu</span> <span class='ocrx_word' id='word_1_367' title='bbox 1603 601 1752 635; x_wconf 91' lang='lat' dir='ltr'>nominati</span> <span class='ocrx_word' id='word_1_368' title='bbox 1767 601 1896 643; x_wconf 87' lang='lat' dir='ltr'>suerint,</span> <span class='ocrx_word' id='word_1_369' title='bbox 1913 602 2016 649; x_wconf 88' lang='lat' dir='ltr'>aliqua</span> 
     </span>
     <span class='ocr_line' id='line_1_80' title="bbox 1265 650 2016 698; baseline 0.004 -15"><span class='ocrx_word' id='word_1_370' title='bbox 1265 650 1404 696; x_wconf 84' lang='lat' dir='ltr'>legitima</span> <span class='ocrx_word' id='word_1_371' title='bbox 1419 661 1514 684; x_wconf 89' lang='lat' dir='ltr'>causa</span> <span class='ocrx_word' id='word_1_372' title='bbox 1529 650 1652 694; x_wconf 90' lang='lat' dir='ltr'>abesse,</span> <span class='ocrx_word' id='word_1_373' title='bbox 1669 650 1763 698; x_wconf 90' lang='lat' dir='ltr'>idque</span> <span class='ocrx_word' id='word_1_374' title='bbox 1783 663 1839 698; x_wconf 89' lang='lat' dir='ltr'>pro</span> <span class='ocrx_word' id='word_1_375' title='bbox 1861 651 2016 686; x_wconf 90' lang='lat' dir='ltr'>dictorum</span> 
     </span>
     <span class='ocr_line' id='line_1_81' title="bbox 1265 699 2016 746; baseline 0.001 -12"><span class='ocrx_word' id='word_1_376' title='bbox 1265 699 1521 746; x_wconf 87' lang='lat' dir='ltr'>congregationis</span> <span class='ocrx_word' id='word_1_377' title='bbox 1547 708 1578 734; x_wconf 91' lang='lat' dir='ltr'>et</span> <span class='ocrx_word' id='word_1_378' title='bbox 1600 711 1805 735; x_wconf 87' lang='lat' dir='ltr'>monacorum</span> <span class='ocrx_word' id='word_1_379' title='bbox 1833 711 1869 735; x_wconf 90' lang='lat' dir='ltr'>ac</span> <span class='ocrx_word' id='word_1_380' title='bbox 1893 701 2016 735; x_wconf 88' lang='lat' dir='ltr'>illorum</span> 
     </span>
     <span class='ocr_line' id='line_1_82' title="bbox 1267 748 2019 797; baseline 0.001 -13"><span class='ocrx_word' id='word_1_381' title='bbox 1267 749 1479 796; x_wconf 86' lang='lat' dir='ltr'>praesentium</span> <span class='ocrx_word' id='word_1_382' title='bbox 1495 756 1525 784; x_wconf 89' lang='lat' dir='ltr'>et</span> <span class='ocrx_word' id='word_1_383' title='bbox 1540 748 1717 784; x_wconf 77' lang='lat' dir='ltr'>futurorum</span> <span class='ocrx_word' id='word_1_384' title='bbox 1733 757 1865 784; x_wconf 91' lang='lat' dir='ltr'>monast.</span> <span class='ocrx_word' id='word_1_385' title='bbox 1880 761 1916 785; x_wconf 89' lang='lat' dir='ltr'>ac</span> <span class='ocrx_word' id='word_1_386' title='bbox 1938 750 2019 797; x_wconf 88' lang='lat' dir='ltr'>prio-</span> 
     </span>
     <span class='ocr_line' id='line_1_83' title="bbox 1267 799 2019 846; baseline 0.001 -13"><span class='ocrx_word' id='word_1_387' title='bbox 1267 806 1390 833; x_wconf 89' lang='lat' dir='ltr'>ratuum</span> <span class='ocrx_word' id='word_1_388' title='bbox 1405 806 1578 834; x_wconf 85' lang='lat' dir='ltr'>conservat.</span> <span class='ocrx_word' id='word_1_389' title='bbox 1598 806 1629 834; x_wconf 85' lang='lat' dir='ltr'>et</span> <span class='ocrx_word' id='word_1_390' title='bbox 1650 807 1731 833; x_wconf 88' lang='lat' dir='ltr'>statu</span> <span class='ocrx_word' id='word_1_391' title='bbox 1756 811 1907 846; x_wconf 88' lang='lat' dir='ltr'>prospero</span> <span class='ocrx_word' id='word_1_392' title='bbox 1928 807 1959 834; x_wconf 88' lang='lat' dir='ltr'>et</span> <span class='ocrx_word' id='word_1_393' title='bbox 1974 799 2019 834; x_wconf 82' lang='lat' dir='ltr'>fe-</span> 
     </span>
     <span class='ocr_line' id='line_1_84' title="bbox 1266 848 2019 896; baseline 0.003 -14"><span class='ocrx_word' id='word_1_394' title='bbox 1266 848 1330 892; x_wconf 84' lang='lat' dir='ltr'>lici,</span> <span class='ocrx_word' id='word_1_395' title='bbox 1353 848 1450 896; x_wconf 88' lang='lat' dir='ltr'>quod,</span> <span class='ocrx_word' id='word_1_396' title='bbox 1473 848 1603 883; x_wconf 84' lang='lat' dir='ltr'>absente</span> <span class='ocrx_word' id='word_1_397' title='bbox 1625 848 1775 895; x_wconf 85' lang='lat' dir='ltr'>praelato,</span> <span class='ocrx_word' id='word_1_398' title='bbox 1798 860 1838 884; x_wconf 87' lang='lat' dir='ltr'>ne</span> <span class='ocrx_word' id='word_1_399' title='bbox 1857 857 2019 884; x_wconf 86' lang='lat' dir='ltr'>monaste-</span> 
     </span>
     <span class='ocr_line' id='line_1_85' title="bbox 1267 898 2018 934; baseline 0.003 -3"><span class='ocrx_word' id='word_1_400' title='bbox 1267 898 1346 932; x_wconf 90' lang='lat' dir='ltr'>rium</span> <span class='ocrx_word' id='word_1_401' title='bbox 1381 898 1440 932; x_wconf 91' lang='lat' dir='ltr'>sibi</span> <span class='ocrx_word' id='word_1_402' title='bbox 1474 898 1683 933; x_wconf 91' lang='lat' dir='ltr'>commissum</span> <span class='ocrx_word' id='word_1_403' title='bbox 1715 910 1752 934; x_wconf 82' lang='lat' dir='ltr'>ex</span> <span class='ocrx_word' id='word_1_404' title='bbox 1781 898 1848 933; x_wconf 90' lang='lat' dir='ltr'>eius</span> <span class='ocrx_word' id='word_1_405' title='bbox 1876 898 2018 934; x_wconf 85' lang='lat' dir='ltr'>absentia</span> 
     </span>
     <span class='ocr_line' id='line_1_86' title="bbox 1266 947 2018 995; baseline 0.001 -13"><span class='ocrx_word' id='word_1_406' title='bbox 1266 947 1380 982; x_wconf 86' lang='lat' dir='ltr'>damna</span> <span class='ocrx_word' id='word_1_407' title='bbox 1407 947 1561 982; x_wconf 89' lang='lat' dir='ltr'>sustineat</span> <span class='ocrx_word' id='word_1_408' title='bbox 1577 975 1586 992; x_wconf 90' lang='lat'>,</span> <span class='ocrx_word' id='word_1_409' title='bbox 1612 947 1692 982; x_wconf 89' lang='lat' dir='ltr'>alius</span> <span class='ocrx_word' id='word_1_410' title='bbox 1713 948 1768 995; x_wconf 87' lang='lat' dir='ltr'>qui</span> <span class='ocrx_word' id='word_1_411' title='bbox 1792 949 2018 983; x_wconf 86' lang='lat' dir='ltr'>monasterium</span> 
     </span>
     <span class='ocr_line' id='line_1_87' title="bbox 1266 997 2018 1044; baseline 0.003 -14"><span class='ocrx_word' id='word_1_412' title='bbox 1266 1009 1322 1032; x_wconf 87' lang='lat' dir='ltr'>seu</span> <span class='ocrx_word' id='word_1_413' title='bbox 1352 997 1523 1044; x_wconf 90' lang='lat' dir='ltr'>prioratum</span> <span class='ocrx_word' id='word_1_414' title='bbox 1554 998 1657 1043; x_wconf 89' lang='lat' dir='ltr'>ipsum</span> <span class='ocrx_word' id='word_1_415' title='bbox 1685 1005 1773 1044; x_wconf 83' lang='lat' dir='ltr'>regat</span> <span class='ocrx_word' id='word_1_416' title='bbox 1795 1007 1824 1032; x_wconf 88' lang='lat' dir='ltr'>et</span> <span class='ocrx_word' id='word_1_417' title='bbox 1851 997 2018 1044; x_wconf 82' lang='lat' dir='ltr'>gubernet,</span> 
     </span>
     <span class='ocr_line' id='line_1_88' title="bbox 1266 1046 2021 1094; baseline 0.001 -13"><span class='ocrx_word' id='word_1_418' title='bbox 1266 1047 1398 1081; x_wconf 85' lang='lat' dir='ltr'>durante</span> <span class='ocrx_word' id='word_1_419' title='bbox 1413 1046 1553 1082; x_wconf 85' lang='lat' dir='ltr'>absentia</span> <span class='ocrx_word' id='word_1_420' title='bbox 1569 1047 1766 1092; x_wconf 87' lang='lat' dir='ltr'>huiusmodi,</span> <span class='ocrx_word' id='word_1_421' title='bbox 1787 1047 1970 1094; x_wconf 88' lang='lat' dir='ltr'>deputetur,</span> <span class='ocrx_word' id='word_1_422' title='bbox 1989 1061 2021 1082; x_wconf 92' lang='lat' dir='ltr'>u-</span> 
     </span>
     <span class='ocr_line' id='line_1_89' title="bbox 1267 1096 2020 1144; baseline 0.003 -14"><span class='ocrx_word' id='word_1_423' title='bbox 1267 1096 1319 1131; x_wconf 92' lang='lat' dir='ltr'>tile</span> <span class='ocrx_word' id='word_1_424' title='bbox 1342 1096 1487 1131; x_wconf 81' lang='lat' dir='ltr'>videatur</span> <span class='ocrx_word' id='word_1_425' title='bbox 1514 1104 1545 1132; x_wconf 83' lang='lat' dir='ltr'>et</span> <span class='ocrx_word' id='word_1_426' title='bbox 1571 1096 1740 1144; x_wconf 84' lang='lat' dir='ltr'>expediat;</span> <span class='ocrx_word' id='word_1_427' title='bbox 1767 1096 1851 1143; x_wconf 91' lang='lat' dir='ltr'>quod</span> <span class='ocrx_word' id='word_1_428' title='bbox 1874 1097 2020 1144; x_wconf 84' lang='lat' dir='ltr'>quotiens</span> 
     </span>
     <span class='ocr_line' id='line_1_90' title="bbox 1267 1146 2019 1193; baseline 0.003 -14"><span class='ocrx_word' id='word_1_429' title='bbox 1267 1146 1296 1180; x_wconf 88' lang='lat' dir='ltr'>id</span> <span class='ocrx_word' id='word_1_430' title='bbox 1311 1146 1492 1192; x_wconf 81' lang='lat' dir='ltr'>contigerit,</span> <span class='ocrx_word' id='word_1_431' title='bbox 1515 1146 1685 1193; x_wconf 87' lang='lat' dir='ltr'>capitulum</span> <span class='ocrx_word' id='word_1_432' title='bbox 1701 1158 1756 1181; x_wconf 90' lang='lat' dir='ltr'>seu</span> <span class='ocrx_word' id='word_1_433' title='bbox 1777 1146 1933 1193; x_wconf 84' lang='lat' dir='ltr'>generalis</span> <span class='ocrx_word' id='word_1_434' title='bbox 1947 1159 2019 1181; x_wconf 91' lang='lat' dir='ltr'>cum</span> 
     </span>
     <span class='ocr_line' id='line_1_91' title="bbox 1267 1195 2020 1242; baseline 0.004 -13"><span class='ocrx_word' id='word_1_435' title='bbox 1267 1195 1425 1242; x_wconf 85' lang='lat' dir='ltr'>deputatis</span> <span class='ocrx_word' id='word_1_436' title='bbox 1459 1196 1670 1236; x_wconf 85' lang='lat' dir='ltr'>huiusmodi,</span> <span class='ocrx_word' id='word_1_437' title='bbox 1692 1196 1771 1231; x_wconf 88' lang='lat' dir='ltr'>alias</span> <span class='ocrx_word' id='word_1_438' title='bbox 1797 1196 1883 1231; x_wconf 79' lang='lat' dir='ltr'>iuxta</span> <span class='ocrx_word' id='word_1_439' title='bbox 1910 1208 2020 1232; x_wconf 85' lang='lat' dir='ltr'>eorum</span> 
     </span>
     <span class='ocr_line' id='line_1_92' title="bbox 1267 1245 2020 1291; baseline 0.003 -12"><span class='ocrx_word' id='word_1_440' title='bbox 1267 1245 1518 1280; x_wconf 77' lang='lat' dir='ltr'>consuetudines=</span> <span class='ocrx_word' id='word_1_441' title='bbox 1541 1253 1571 1280; x_wconf 87' lang='lat' dir='ltr'>et</span> <span class='ocrx_word' id='word_1_442' title='bbox 1586 1253 1713 1285; x_wconf 91' lang='lat' dir='ltr'>statuta,</span> <span class='ocrx_word' id='word_1_443' title='bbox 1731 1257 1852 1290; x_wconf 83' lang='lat' dir='ltr'>curam,</span> <span class='ocrx_word' id='word_1_444' title='bbox 1879 1245 2020 1291; x_wconf 83' lang='lat' dir='ltr'>regimen</span> 
     </span>
     <span class='ocr_line' id='line_1_93' title="bbox 1266 1294 2021 1343; baseline 0.001 -14"><span class='ocrx_word' id='word_1_445' title='bbox 1266 1303 1297 1329; x_wconf 94' lang='lat' dir='ltr'>et</span> <span class='ocrx_word' id='word_1_446' title='bbox 1319 1294 1627 1330; x_wconf 88' lang='lat' dir='ltr'>administrationem</span> <span class='ocrx_word' id='word_1_447' title='bbox 1650 1295 1749 1343; x_wconf 89' lang='lat' dir='ltr'>ipsius</span> <span class='ocrx_word' id='word_1_448' title='bbox 1766 1295 1947 1330; x_wconf 85' lang='lat' dir='ltr'>monasterii</span> <span class='ocrx_word' id='word_1_449' title='bbox 1965 1308 2021 1331; x_wconf 90' lang='lat' dir='ltr'>seu</span> 
     </span>
     <span class='ocr_line' id='line_1_94' title="bbox 1269 1344 2021 1392; baseline 0.001 -14"><span class='ocrx_word' id='word_1_450' title='bbox 1269 1345 1437 1391; x_wconf 88' lang='lat' dir='ltr'>prioratus,</span> <span class='ocrx_word' id='word_1_451' title='bbox 1461 1344 1590 1391; x_wconf 88' lang='lat' dir='ltr'>praelati</span> <span class='ocrx_word' id='word_1_452' title='bbox 1607 1345 1656 1380; x_wconf 90' lang='lat' dir='ltr'>sui</span> <span class='ocrx_word' id='word_1_453' title='bbox 1679 1345 1855 1392; x_wconf 87' lang='lat' dir='ltr'>praesentia</span> <span class='ocrx_word' id='word_1_454' title='bbox 1875 1345 2021 1390; x_wconf 88' lang='lat' dir='ltr'>carentis,</span> 
     </span>
     <span class='ocr_line' id='line_1_95' title="bbox 1268 1394 2023 1442; baseline 0.001 -14"><span class='ocrx_word' id='word_1_455' title='bbox 1268 1395 1297 1428; x_wconf 91' lang='lat' dir='ltr'>in</span> <span class='ocrx_word' id='word_1_456' title='bbox 1325 1394 1544 1440; x_wconf 87' lang='lat' dir='ltr'>spiritualibus</span> <span class='ocrx_word' id='word_1_457' title='bbox 1561 1402 1591 1430; x_wconf 83' lang='lat' dir='ltr'>et</span> <span class='ocrx_word' id='word_1_458' title='bbox 1606 1394 1844 1442; x_wconf 77' lang='lat' dir='ltr'>temporalibttS‚</span> <span class='ocrx_word' id='word_1_459' title='bbox 1867 1394 1949 1429; x_wconf 86' lang='lat' dir='ltr'>dieta</span> <span class='ocrx_word' id='word_1_460' title='bbox 1966 1394 2023 1429; x_wconf 87' lang='lat' dir='ltr'>ab-</span> 
     </span>
     <span class='ocr_line' id='line_1_96' title="bbox 1267 1443 2021 1485; baseline 0.001 -7"><span class='ocrx_word' id='word_1_461' title='bbox 1267 1444 1368 1478; x_wconf 85' lang='lat' dir='ltr'>sentia</span> <span class='ocrx_word' id='word_1_462' title='bbox 1396 1443 1554 1485; x_wconf 90' lang='lat' dir='ltr'>durante,</span> <span class='ocrx_word' id='word_1_463' title='bbox 1582 1444 1670 1479; x_wconf 90' lang='lat' dir='ltr'>alteri</span> <span class='ocrx_word' id='word_1_464' title='bbox 1700 1445 1900 1480; x_wconf 83' lang='lat' dir='ltr'>committere</span> <span class='ocrx_word' id='word_1_465' title='bbox 1922 1443 2021 1479; x_wconf 82' lang='lat' dir='ltr'>libere</span> 
     </span>
     <span class='ocr_line' id='line_1_97' title="bbox 1267 1494 1566 1540; baseline 0 -12"><span class='ocrx_word' id='word_1_466' title='bbox 1267 1501 1298 1528; x_wconf 84' lang='lat' dir='ltr'>et</span> <span class='ocrx_word' id='word_1_467' title='bbox 1326 1494 1409 1527; x_wconf 87' lang='lat' dir='ltr'>licite</span> <span class='ocrx_word' id='word_1_468' title='bbox 1433 1495 1566 1540; x_wconf 85' lang='lat' dir='ltr'>possint.</span> 
     </span>
    </p>

    <p class='ocr_par' dir='ltr' id='par_1_30' title="bbox 1267 1542 2222 2634">
     <span class='ocr_line' id='line_1_98' title="bbox 1316 1542 2222 1591; baseline 0.008 -15"><span class='ocrx_word' id='word_1_469' title='bbox 1316 1542 1336 1589; x_wconf 56' lang='grc' dir='ltr'><strong>ἓ</strong></span> <span class='ocrx_word' id='word_1_470' title='bbox 1359 1544 1416 1577; x_wconf 76' lang='lat'>20.</span> <span class='ocrx_word' id='word_1_471' title='bbox 1441 1543 1481 1578; x_wconf 85' lang='lat' dir='ltr'>Et</span> <span class='ocrx_word' id='word_1_472' title='bbox 1507 1542 1593 1591; x_wconf 89' lang='lat' dir='ltr'>quod</span> <span class='ocrx_word' id='word_1_473' title='bbox 1615 1542 1741 1590; x_wconf 87' lang='lat' dir='ltr'>aliquod</span> <span class='ocrx_word' id='word_1_474' title='bbox 1765 1555 1802 1578; x_wconf 84' lang='lat' dir='ltr'>ex</span> <span class='ocrx_word' id='word_1_475' title='bbox 1829 1542 1921 1579; x_wconf 90' lang='lat' dir='ltr'>dictis</span> <span class='ocrx_word' id='word_1_476' title='bbox 1946 1555 2022 1580; x_wconf 81' lang='lat' dir='ltr'>mo·</span> <span class='ocrx_word' id='word_1_477' title='bbox 2051 1560 2222 1583; x_wconf 60' lang='lat' dir='ltr'>[memona-</span> 
     </span>
     <span class='ocr_line' id='line_1_99' title="bbox 1268 1592 2222 1650; baseline 0.004 -24"><span class='ocrx_word' id='word_1_478' title='bbox 1268 1592 1412 1627; x_wconf 87' lang='lat' dir='ltr'>nasteriis</span> <span class='ocrx_word' id='word_1_479' title='bbox 1448 1600 1479 1627; x_wconf 87' lang='lat' dir='ltr'>et</span> <span class='ocrx_word' id='word_1_480' title='bbox 1515 1592 1706 1640; x_wconf 90' lang='lat' dir='ltr'>prioratibus</span> <span class='ocrx_word' id='word_1_481' title='bbox 1739 1601 1791 1628; x_wconf 87' lang='lat' dir='ltr'>aut</span> <span class='ocrx_word' id='word_1_482' title='bbox 1824 1593 1893 1628; x_wconf 88' lang='lat' dir='ltr'>aliis</span> <span class='ocrx_word' id='word_1_483' title='bbox 1919 1592 2222 1650; x_wconf 51' lang='lat' dir='ltr'>dictaeffifisscffigass</span> 
     </span>
     <span class='ocr_line' id='line_1_100' title="bbox 1267 1638 2220 1692; baseline 0.002 -16"><span class='ocrx_word' id='word_1_484' title='bbox 1267 1641 1306 1676; x_wconf 88' lang='lat' dir='ltr'>de</span> <span class='ocrx_word' id='word_1_485' title='bbox 1329 1654 1410 1677; x_wconf 88' lang='lat' dir='ltr'>novo</span> <span class='ocrx_word' id='word_1_486' title='bbox 1438 1651 1560 1678; x_wconf 85' lang='lat' dir='ltr'>erectae</span> <span class='ocrx_word' id='word_1_487' title='bbox 1582 1643 1835 1690; x_wconf 84' lang='lat' dir='ltr'>congregationis</span> <span class='ocrx_word' id='word_1_488' title='bbox 1850 1642 1939 1683; x_wconf 86' lang='lat' dir='ltr'>locis,</span> <span class='ocrx_word' id='word_1_489' title='bbox 1967 1656 2022 1692; x_wconf 90' lang='lat' dir='ltr'>per</span> <span class='ocrx_word' id='word_1_490' title='bbox 2037 1638 2096 1679; x_wconf 69' lang='lat' dir='ltr'>dam.</span> <span class='ocrx_word' id='word_1_491' title='bbox 2131 1655 2220 1681; x_wconf 69' lang='lat' dir='ltr'>rnatum.</span> 
     </span>
     <span class='ocr_line' id='line_1_101' title="bbox 1268 1687 2221 1739; baseline 0.004 -13"><span class='ocrx_word' id='word_1_492' title='bbox 1268 1703 1485 1738; x_wconf 88' lang='lat' dir='ltr'>quascumque</span> <span class='ocrx_word' id='word_1_493' title='bbox 1509 1692 1614 1727; x_wconf 89' lang='lat' dir='ltr'>literas</span> <span class='ocrx_word' id='word_1_494' title='bbox 1641 1693 1789 1738; x_wconf 71' lang='lat' dir='ltr'>apostol,</span> <span class='ocrx_word' id='word_1_495' title='bbox 1810 1692 1904 1728; x_wconf 90' lang='lat' dir='ltr'>etiam</span> <span class='ocrx_word' id='word_1_496' title='bbox 1934 1702 2020 1730; x_wconf 91' lang='lat' dir='ltr'>motu</span> <span class='ocrx_word' id='word_1_497' title='bbox 2037 1691 2070 1739; x_wconf 56' lang='grc' dir='ltr'>,Ἓξ</span> <span class='ocrx_word' id='word_1_498' title='bbox 2089 1687 2221 1739; x_wconf 47' lang='lat' dir='ltr'>&#39;&#39;xiim-2¹0³}</span> 
     </span>
     <span class='ocr_line' id='line_1_102' title="bbox 1267 1742 2126 1790; baseline 0.002 -15"><span class='ocrx_word' id='word_1_499' title='bbox 1267 1742 1363 1776; x_wconf 90' lang='lat' dir='ltr'>simili</span> <span class='ocrx_word' id='word_1_500' title='bbox 1386 1750 1416 1777; x_wconf 88' lang='lat' dir='ltr'>et</span> <span class='ocrx_word' id='word_1_501' title='bbox 1438 1754 1509 1777; x_wconf 88' lang='lat' dir='ltr'>cum</span> <span class='ocrx_word' id='word_1_502' title='bbox 1534 1742 1799 1778; x_wconf 88' lang='lat' dir='ltr'>reservatiouibus</span> <span class='ocrx_word' id='word_1_503' title='bbox 1826 1755 1863 1778; x_wconf 91' lang='lat' dir='ltr'>ac</span> <span class='ocrx_word' id='word_1_504' title='bbox 1889 1743 2023 1790; x_wconf 84' lang='lat' dir='ltr'>quibus·</span> <span class='ocrx_word' id='word_1_505' title='bbox 2036 1750 2126 1777; x_wconf 74' lang='lat' dir='ltr'>russin·-</span> 
     </span>
     <span class='ocr_line' id='line_1_103' title="bbox 1268 1791 2023 1840; baseline 0.005 -15"><span class='ocrx_word' id='word_1_506' title='bbox 1268 1802 1404 1839; x_wconf 86' lang='lat' dir='ltr'>cumque</span> <span class='ocrx_word' id='word_1_507' title='bbox 1429 1791 1637 1839; x_wconf 89' lang='lat' dir='ltr'>derogatoriis</span> <span class='ocrx_word' id='word_1_508' title='bbox 1658 1819 1668 1830; x_wconf 89' lang='lat'>,</span> <span class='ocrx_word' id='word_1_509' title='bbox 1699 1804 1755 1839; x_wconf 85' lang='lat' dir='ltr'>per</span> <span class='ocrx_word' id='word_1_510' title='bbox 1781 1804 1859 1840; x_wconf 90' lang='lat' dir='ltr'>quas</span> <span class='ocrx_word' id='word_1_511' title='bbox 1892 1791 2023 1829; x_wconf 81' lang='lat' dir='ltr'>effectus</span> 
     </span>
     <span class='ocr_line' id='line_1_104' title="bbox 1269 1841 2024 1889; baseline 0.003 -14"><span class='ocrx_word' id='word_1_512' title='bbox 1269 1841 1483 1886; x_wconf 80' lang='lat' dir='ltr'>praesentium</span> <span class='ocrx_word' id='word_1_513' title='bbox 1499 1841 1740 1888; x_wconf 88' lang='lat' dir='ltr'>quomodolibet</span> <span class='ocrx_word' id='word_1_514' title='bbox 1755 1841 1873 1889; x_wconf 90' lang='lat' dir='ltr'>imped.</span> <span class='ocrx_word' id='word_1_515' title='bbox 1892 1842 1938 1877; x_wconf 90' lang='lat' dir='ltr'>vel</span> <span class='ocrx_word' id='word_1_516' title='bbox 1955 1842 2024 1878; x_wconf 81' lang='lat' dir='ltr'>dis-</span> 
     </span>
     <span class='ocr_line' id='line_1_105' title="bbox 1269 1890 2024 1938; baseline 0.007 -15"><span class='ocrx_word' id='word_1_517' title='bbox 1269 1890 1341 1924; x_wconf 77' lang='lat' dir='ltr'>l&#39;erri</span> <span class='ocrx_word' id='word_1_518' title='bbox 1361 1891 1472 1938; x_wconf 89' lang='lat' dir='ltr'>possit,</span> <span class='ocrx_word' id='word_1_519' title='bbox 1494 1891 1656 1935; x_wconf 87' lang='lat' dir='ltr'>clausulis,</span> <span class='ocrx_word' id='word_1_520' title='bbox 1683 1902 1850 1927; x_wconf 89' lang='lat' dir='ltr'>concessas</span> <span class='ocrx_word' id='word_1_521' title='bbox 1873 1891 2024 1929; x_wconf 87' lang='lat' dir='ltr'>hactenus</span> 
     </span>
     <span class='ocr_line' id='line_1_106' title="bbox 1268 1940 2022 1990; baseline 0.007 -17"><span class='ocrx_word' id='word_1_522' title='bbox 1268 1948 1297 1974; x_wconf 88' lang='lat' dir='ltr'>et</span> <span class='ocrx_word' id='word_1_523' title='bbox 1320 1940 1350 1974; x_wconf 91' lang='lat' dir='ltr'>iu</span> <span class='ocrx_word' id='word_1_524' title='bbox 1374 1949 1534 1987; x_wconf 88' lang='lat' dir='ltr'>posterum</span> <span class='ocrx_word' id='word_1_525' title='bbox 1557 1940 1792 1982; x_wconf 88' lang='lat' dir='ltr'>concedendas,</span> <span class='ocrx_word' id='word_1_526' title='bbox 1812 1953 1867 1989; x_wconf 88' lang='lat' dir='ltr'>per</span> <span class='ocrx_word' id='word_1_527' title='bbox 1885 1942 2022 1990; x_wconf 90' lang='lat' dir='ltr'>aliquem</span> 
     </span>
     <span class='ocr_line' id='line_1_107' title="bbox 1268 1988 2022 2038; baseline 0.005 -15"><span class='ocrx_word' id='word_1_528' title='bbox 1268 1988 1369 2024; x_wconf 87' lang='lat' dir='ltr'>dictae</span> <span class='ocrx_word' id='word_1_529' title='bbox 1391 1989 1431 2025; x_wconf 90' lang='lat' dir='ltr'>de</span> <span class='ocrx_word' id='word_1_530' title='bbox 1453 2002 1534 2025; x_wconf 89' lang='lat' dir='ltr'>novo</span> <span class='ocrx_word' id='word_1_531' title='bbox 1549 1998 1670 2025; x_wconf 90' lang='lat' dir='ltr'>erectae</span> <span class='ocrx_word' id='word_1_532' title='bbox 1692 1991 1958 2038; x_wconf 78' lang='lat' dir='ltr'>congregationis,</span> <span class='ocrx_word' id='word_1_533' title='bbox 1977 1993 2022 2028; x_wconf 88' lang='lat' dir='ltr'>vel</span> 
     </span>
     <span class='ocr_line' id='line_1_108' title="bbox 1268 2040 2023 2090; baseline 0.005 -16"><span class='ocrx_word' id='word_1_534' title='bbox 1268 2047 1354 2074; x_wconf 80' lang='lat' dir='ltr'>extra</span> <span class='ocrx_word' id='word_1_535' title='bbox 1382 2052 1463 2082; x_wconf 89' lang='lat' dir='ltr'>eam,</span> <span class='ocrx_word' id='word_1_536' title='bbox 1491 2040 1723 2088; x_wconf 86' lang='lat' dir='ltr'>cuiuscumque</span> <span class='ocrx_word' id='word_1_537' title='bbox 1749 2050 1862 2087; x_wconf 69' lang='lat' dir='ltr'>statuS,</span> <span class='ocrx_word' id='word_1_538' title='bbox 1892 2043 2023 2090; x_wconf 84' lang='lat' dir='ltr'>gradus,</span> 
     </span>
     <span class='ocr_line' id='line_1_109' title="bbox 1268 2094 2024 2142; baseline 0.008 -14"><span class='ocrx_word' id='word_1_539' title='bbox 1268 2094 1388 2129; x_wconf 89' lang='lat' dir='ltr'>ordinis</span> <span class='ocrx_word' id='word_1_540' title='bbox 1410 2107 1467 2130; x_wconf 86' lang='lat' dir='ltr'>seu</span> <span class='ocrx_word' id='word_1_541' title='bbox 1490 2095 1681 2131; x_wconf 86' lang='lat' dir='ltr'>conditionis</span> <span class='ocrx_word' id='word_1_542' title='bbox 1702 2096 1756 2142; x_wconf 86' lang='lat' dir='ltr'>sit,</span> <span class='ocrx_word' id='word_1_543' title='bbox 1784 2097 1877 2133; x_wconf 89' lang='lat' dir='ltr'>etiam</span> <span class='ocrx_word' id='word_1_544' title='bbox 1906 2098 1931 2133; x_wconf 91' lang='lat' dir='ltr'>si</span> <span class='ocrx_word' id='word_1_545' title='bbox 1953 2110 2024 2134; x_wconf 86' lang='lat' dir='ltr'>car-</span> 
     </span>
     <span class='ocr_line' id='line_1_110' title="bbox 1269 2148 2023 2198; baseline 0.005 -15"><span class='ocrx_word' id='word_1_546' title='bbox 1269 2148 1427 2184; x_wconf 90' lang='lat' dir='ltr'>dinalatus</span> <span class='ocrx_word' id='word_1_547' title='bbox 1459 2149 1578 2185; x_wconf 86' lang='lat' dir='ltr'>bonore</span> <span class='ocrx_word' id='word_1_548' title='bbox 1607 2158 1659 2185; x_wconf 85' lang='lat' dir='ltr'>aut</span> <span class='ocrx_word' id='word_1_549' title='bbox 1694 2151 1868 2198; x_wconf 79' lang='lat' dir='ltr'>pontificali</span> <span class='ocrx_word' id='word_1_550' title='bbox 1896 2153 1942 2187; x_wconf 90' lang='lat' dir='ltr'>vel</span> <span class='ocrx_word' id='word_1_551' title='bbox 1965 2152 2023 2188; x_wconf 90' lang='lat' dir='ltr'>alia</span> 
     </span>
     <span class='ocr_line' id='line_1_111' title="bbox 1269 2203 2023 2252; baseline 0.007 -15"><span class='ocrx_word' id='word_1_552' title='bbox 1269 2203 1380 2250; x_wconf 88' lang='lat' dir='ltr'>quavis</span> <span class='ocrx_word' id='word_1_553' title='bbox 1403 2204 1588 2239; x_wconf 87' lang='lat' dir='ltr'>auctoritate</span> <span class='ocrx_word' id='word_1_554' title='bbox 1612 2205 1816 2252; x_wconf 77' lang='lat' dir='ltr'>praefulgeat,</span> <span class='ocrx_word' id='word_1_555' title='bbox 1840 2205 1871 2241; x_wconf 90' lang='lat' dir='ltr'>in</span> <span class='ocrx_word' id='word_1_556' title='bbox 1895 2206 2023 2242; x_wconf 88' lang='lat' dir='ltr'>titulum</span> 
     </span>
     <span class='ocr_line' id='line_1_112' title="bbox 1270 2258 2024 2297; baseline 0.007 -5"><span class='ocrx_word' id='word_1_557' title='bbox 1270 2266 1322 2292; x_wconf 90' lang='lat' dir='ltr'>aut</span> <span class='ocrx_word' id='word_1_558' title='bbox 1336 2258 1559 2293; x_wconf 89' lang='lat' dir='ltr'>commendam</span> <span class='ocrx_word' id='word_1_559' title='bbox 1575 2270 1630 2293; x_wconf 88' lang='lat' dir='ltr'>seu</span> <span class='ocrx_word' id='word_1_560' title='bbox 1655 2258 1960 2296; x_wconf 89' lang='lat' dir='ltr'>administrationem</span> <span class='ocrx_word' id='word_1_561' title='bbox 1976 2261 2024 2297; x_wconf 89' lang='lat' dir='ltr'>vel</span> 
     </span>
     <span class='ocr_line' id='line_1_113' title="bbox 1270 2312 2024 2362; baseline 0.007 -16"><span class='ocrx_word' id='word_1_562' title='bbox 1270 2312 1344 2347; x_wconf 89' lang='lat' dir='ltr'>alias</span> <span class='ocrx_word' id='word_1_563' title='bbox 1367 2312 1522 2354; x_wconf 76' lang='lat' dir='ltr'>obtineri3</span> <span class='ocrx_word' id='word_1_564' title='bbox 1543 2325 1599 2348; x_wconf 86' lang='lat' dir='ltr'>seu</span> <span class='ocrx_word' id='word_1_565' title='bbox 1623 2325 1719 2362; x_wconf 87' lang='lat' dir='ltr'>super</span> <span class='ocrx_word' id='word_1_566' title='bbox 1740 2314 1875 2350; x_wconf 89' lang='lat' dir='ltr'>alicuius</span> <span class='ocrx_word' id='word_1_567' title='bbox 1897 2315 2024 2351; x_wconf 87' lang='lat' dir='ltr'>illorum</span> 
     </span>
     <span class='ocr_line' id='line_1_114' title="bbox 1271 2366 2024 2417; baseline 0.005 -16"><span class='ocrx_word' id='word_1_568' title='bbox 1271 2367 1439 2411; x_wconf 76' lang='lat' dir='ltr'>fructibus,</span> <span class='ocrx_word' id='word_1_569' title='bbox 1467 2366 1643 2402; x_wconf 88' lang='lat' dir='ltr'>redditibus</span> <span class='ocrx_word' id='word_1_570' title='bbox 1670 2376 1699 2402; x_wconf 93' lang='lat' dir='ltr'>et</span> <span class='ocrx_word' id='word_1_571' title='bbox 1729 2369 1904 2416; x_wconf 85' lang='lat' dir='ltr'>proventib.</span> <span class='ocrx_word' id='word_1_572' title='bbox 1920 2369 2024 2417; x_wconf 88' lang='lat' dir='ltr'>aliqua</span> 
     </span>
     <span class='ocr_line' id='line_1_115' title="bbox 1273 2422 2023 2470; baseline 0.005 -14"><span class='ocrx_word' id='word_1_573' title='bbox 1273 2423 1383 2469; x_wconf 87' lang='lat' dir='ltr'>pensio</span> <span class='ocrx_word' id='word_1_574' title='bbox 1406 2422 1570 2467; x_wconf 83' lang='lat' dir='ltr'>reservari,</span> <span class='ocrx_word' id='word_1_575' title='bbox 1592 2422 1723 2458; x_wconf 83' lang='lat' dir='ltr'>concedi</span> <span class='ocrx_word' id='word_1_576' title='bbox 1746 2432 1775 2459; x_wconf 90' lang='lat' dir='ltr'>et</span> <span class='ocrx_word' id='word_1_577' title='bbox 1797 2424 1960 2470; x_wconf 80' lang='lat' dir='ltr'>assignari,</span> <span class='ocrx_word' id='word_1_578' title='bbox 1977 2424 2023 2460; x_wconf 91' lang='lat' dir='ltr'>vel</span> 
     </span>
     <span class='ocr_line' id='line_1_116' title="bbox 1274 2475 2025 2526; baseline 0.005 -16"><span class='ocrx_word' id='word_1_579' title='bbox 1274 2477 1322 2511; x_wconf 94' lang='lat' dir='ltr'>ius</span> <span class='ocrx_word' id='word_1_580' title='bbox 1340 2476 1399 2511; x_wconf 90' lang='lat' dir='ltr'>sibi</span> <span class='ocrx_word' id='word_1_581' title='bbox 1426 2475 1565 2524; x_wconf 82' lang='lat' dir='ltr'>desuper</span> <span class='ocrx_word' id='word_1_582' title='bbox 1588 2477 1721 2524; x_wconf 88' lang='lat' dir='ltr'>acquiri;</span> <span class='ocrx_word' id='word_1_583' title='bbox 1745 2478 1792 2513; x_wconf 87' lang='lat' dir='ltr'>vel</span> <span class='ocrx_word' id='word_1_584' title='bbox 1807 2478 1932 2526; x_wconf 86' lang='lat' dir='ltr'>aliquis,</span> <span class='ocrx_word' id='word_1_585' title='bbox 1945 2490 2025 2514; x_wconf 88' lang='lat' dir='ltr'>con-</span> 
     </span>
     <span class='ocr_line' id='line_1_117' title="bbox 1272 2532 2024 2579; baseline 0.004 -14"><span class='ocrx_word' id='word_1_586' title='bbox 1272 2538 1316 2566; x_wconf 88' lang='lat' dir='ltr'>tra</span> <span class='ocrx_word' id='word_1_587' title='bbox 1343 2533 1553 2578; x_wconf 88' lang='lat' dir='ltr'>praesentium</span> <span class='ocrx_word' id='word_1_588' title='bbox 1579 2539 1732 2573; x_wconf 84' lang='lat' dir='ltr'>teuorem,</span> <span class='ocrx_word' id='word_1_589' title='bbox 1752 2532 1865 2579; x_wconf 89' lang='lat' dir='ltr'>quovis</span> <span class='ocrx_word' id='word_1_590' title='bbox 1880 2533 2024 2579; x_wconf 85' lang='lat' dir='ltr'>quaesito</span> 
     </span>
     <span class='ocr_line' id='line_1_118' title="bbox 1273 2586 2025 2634; baseline 0.004 -13"><span class='ocrx_word' id='word_1_591' title='bbox 1273 2586 1388 2630; x_wconf 86' lang='lat' dir='ltr'>colore,</span> <span class='ocrx_word' id='word_1_592' title='bbox 1417 2587 1597 2634; x_wconf 89' lang='lat' dir='ltr'>quempiam</span> <span class='ocrx_word' id='word_1_593' title='bbox 1622 2586 1661 2621; x_wconf 81' lang='lat' dir='ltr'>tle</span> <span class='ocrx_word' id='word_1_594' title='bbox 1688 2586 1770 2622; x_wconf 86' lang='lat' dir='ltr'>dicta</span> <span class='ocrx_word' id='word_1_595' title='bbox 1797 2586 1836 2622; x_wconf 91' lang='lat' dir='ltr'>de</span> <span class='ocrx_word' id='word_1_596' title='bbox 1864 2599 1944 2623; x_wconf 92' lang='lat' dir='ltr'>novo</span> <span class='ocrx_word' id='word_1_597' title='bbox 1959 2599 2025 2624; x_wconf 87' lang='lat' dir='ltr'>ere-</span> 
     </span>
    </p>
   </div>
   <div class='ocr_carea' id='block_1_26' title="bbox 1273 2640 2025 2689">
    <p class='ocr_par' dir='ltr' id='par_1_31' title="bbox 1273 2640 2025 2689">
     <span class='ocr_line' id='line_1_119' title="bbox 1273 2640 2025 2689; baseline 0.003 -14"><span class='ocrx_word' id='word_1_598' title='bbox 1273 2648 1322 2675; x_wconf 86' lang='lat' dir='ltr'>cta</span> <span class='ocrx_word' id='word_1_599' title='bbox 1344 2641 1601 2688; x_wconf 79' lang='lat' dir='ltr'>congregatione,</span> <span class='ocrx_word' id='word_1_600' title='bbox 1623 2652 1718 2688; x_wconf 86' lang='lat' dir='ltr'>super</span> <span class='ocrx_word' id='word_1_601' title='bbox 1738 2640 1846 2689; x_wconf 88' lang='lat' dir='ltr'>aliquo</span> <span class='ocrx_word' id='word_1_602' title='bbox 1868 2653 1905 2677; x_wconf 88' lang='lat' dir='ltr'>ex</span> <span class='ocrx_word' id='word_1_603' title='bbox 1932 2641 2025 2677; x_wconf 89' lang='lat' dir='ltr'>dictis</span> 
     </span>
    </p>
   </div>
   <div class='ocr_carea' id='block_1_27' title="bbox 2032 467 2216 651">
    <p class='ocr_par' dir='ltr' id='par_1_32' title="bbox 2032 467 2216 651">
     <span class='ocr_line' id='line_1_120' title="bbox 2046 467 2216 490; baseline 0.018 -3"><span class='ocrx_word' id='word_1_604' title='bbox 2046 467 2067 488; x_wconf 79' lang='lat' dir='ltr'>Et</span> <span class='ocrx_word' id='word_1_605' title='bbox 2080 469 2126 489; x_wconf 81' lang='lat' dir='ltr'>loco</span> <span class='ocrx_word' id='word_1_606' title='bbox 2137 469 2216 490; x_wconf 72' lang='lat' dir='ltr'>absen-</span> 
     </span>
     <span class='ocr_line' id='line_1_121' title="bbox 2033 500 2215 525; baseline 0 -7"><span class='ocrx_word' id='word_1_607' title='bbox 2033 502 2082 519; x_wconf 71' lang='lat' dir='ltr'>tium</span> <span class='ocrx_word' id='word_1_608' title='bbox 2108 500 2166 525; x_wconf 70' lang='lat' dir='ltr'>prael</span> <span class='ocrx_word' id='word_1_609' title='bbox 2182 503 2215 519; x_wconf 82' lang='lat' dir='ltr'>tn-</span> 
     </span>
     <span class='ocr_line' id='line_1_122' title="bbox 2033 530 2216 551; baseline 0.005 -2"><span class='ocrx_word' id='word_1_610' title='bbox 2033 536 2077 550; x_wconf 80' lang='lat' dir='ltr'>tum</span> <span class='ocrx_word' id='word_1_611' title='bbox 2088 530 2123 550; x_wconf 75' lang='lat' dir='ltr'>atti</span> <span class='ocrx_word' id='word_1_612' title='bbox 2137 531 2216 551; x_wconf 67' lang='lat' dir='ltr'>substi—</span> 
     </span>
     <span class='ocr_line' id='line_1_123' title="bbox 2033 562 2216 588; baseline 0.005 -8"><span class='ocrx_word' id='word_1_613' title='bbox 2033 564 2116 582; x_wconf 69' lang='lat' dir='ltr'>tuantur</span> <span class='ocrx_word' id='word_1_614' title='bbox 2131 567 2143 581; x_wconf 78' lang='grc' dir='ltr'>ι</span> <span class='ocrx_word' id='word_1_615' title='bbox 2158 562 2216 588; x_wconf 76' lang='lat' dir='ltr'>eapi-</span> 
     </span>
     <span class='ocr_line' id='line_1_124' title="bbox 2032 592 2216 618; baseline 0 -6"><span class='ocrx_word' id='word_1_616' title='bbox 2032 592 2075 612; x_wconf 72' lang='lat' dir='ltr'>tulo</span> <span class='ocrx_word' id='word_1_617' title='bbox 2098 593 2131 613; x_wconf 80' lang='lat' dir='ltr'>vet</span> <span class='ocrx_word' id='word_1_618' title='bbox 2151 598 2216 618; x_wconf 71' lang='lat' dir='ltr'>gen--</span> 
     </span>
     <span class='ocr_line' id='line_1_125' title="bbox 2035 623 2178 651; baseline 0 -8"><span class='ocrx_word' id='word_1_619' title='bbox 2035 623 2079 647; x_wconf 71' lang='lat' dir='ltr'>tali,</span> <span class='ocrx_word' id='word_1_620' title='bbox 2097 627 2116 645; x_wconf 87' lang='lat' dir='ltr'>ut</span> <span class='ocrx_word' id='word_1_621' title='bbox 2134 630 2178 651; x_wconf 65' lang='lat' dir='ltr'>sup.</span> 
     </span>
    </p>
   </div>
  </div>
 </body>
</html>
