2281 3251
64 287 109 314 An.
126 287 155 314 C.
175 287 240 314 ¹51&

78 1203 155 1225 fanan
175 1202 248 1224 civite·

66 1234 200 1262 nutrimini.
214 1239 248 1256 co-

67 1266 180 1294 noscendi
191 1272 196 1291 ;

936 283 997 307 LEO
1025 285 1040 306 X
1070 284 1118 306 Pt‘.

260 341 304 376 vel
328 340 456 376 alterius
484 350 540 386 pro
564 345 592 373 te
622 337 712 372 nobis
733 349 828 384 super
852 338 910 373 boc
925 338 1007 373 obla-

259 398 306 426 tae
334 388 498 438 petitionis
531 387 731 431 instantiam,
755 387 808 422 sed
837 387 875 422 de
904 396 1006 423 nostra

259 452 343 476 mera
373 437 599 474 deliberatione
626 445 655 471 et
682 449 718 471 ex
746 445 827 471 certa
860 438 1007 482 scientia,

259 499 287 525 te
316 490 345 524 in
373 488 452 523 urbe
480 487 546 534 ipsa
574 487 706 534 eiusque
729 487 870 521 districtu
888 496 915 521 et
938 500 1008 534 per-

259 538 400 574 tinentiis
440 536 618 584 generalem
647 537 891 583 gubernatorem
916 549 950 571 ac
978 538 1007 571 in

258 588 390 624 Camera
407 586 588 635 Apostolica
609 586 897 627 vicecamerarinm,
913 599 948 621 ac
963 599 1010 621 ca-

259 638 382 673 merarii
411 636 564 684 praefatae
591 635 744 671 Gamerae
768 635 1008 681 locumtenent.,

258 700 330 724 cum
358 700 445 732 cura,
467 685 606 726 arbitrio,
635 694 800 733 potestate,
824 685 1009 726 honoribus,

258 737 418 777 oneribus,
434 736 632 784 pertinentiis
648 745 678 771 et
699 735 923 771 emolumentis
940 748 1008 769 eon-

259 787 367 832 suetis‚
394 787 430 823 ad
452 793 593 821 nostrum
618 794 647 820 et
669 785 771 820 dictae
794 785 886 821 Sedis
912 785 1009 820 bene-

260 837 420 884 placitum,
443 836 627 870 auctoritate
645 836 790 882 apostol,
814 843 920 869 tenore
939 847 1010 881 prae-

260 887 394 922 sentium
418 885 640 921 constituimus
653 893 682 919 et
704 885 904 932 deputamus,
920 897 1010 932 qnas-

260 948 396 984 cumque
418 936 493 971 alias
521 935 761 970 commissiones
789 934 828 969 de
856 934 947 969 dictis
965 934 1011 967 vi-

261 986 522 1021 cecamerariatus
544 993 574 1020 et
600 984 861 1031 gubernatoratus
902 983 1011 1018 officiis

260 1036 337 1071 alias
359 1035 454 1071 factas
476 1035 586 1071 barum
609 1035 689 1070 serie
712 1035 840 1082 penitus
862 1044 1011 1069 revocan-

263 1093 319 1121 tes.

311 1144 331 1191 g
352 1145 385 1178 2.
408 1144 454 1178 Ac
478 1143 532 1178 tibi
555 1155 665 1178 omncs
687 1151 717 1177 et
738 1141 877 1188 singulas
903 1153 1013 1176 causas

264 1193 461 1237 commissas,
482 1206 518 1228 ac
534 1193 658 1240 negotia
679 1204 733 1239 per
749 1203 804 1225 nos
828 1199 1013 1238 nostrasque

265 1243 295 1277 in
320 1243 417 1278 forma
439 1243 543 1278 brevis
561 1243 664 1276 literas
680 1241 744 1275 sive
767 1240 841 1275 alias
868 1241 1014 1275 commis-

263 1292 368 1327 siones
386 1291 623 1339 quomodolibet
640 1292 670 1325 in
691 1301 807 1337 genere
830 1289 877 1324 vel
894 1290 923 1324 in
939 1301 1014 1336 spe-

263 1342 309 1376 cie
340 1341 543 1387 gubernatori
579 1340 813 1388 praedecessori
843 1347 895 1374 tuo
923 1351 1014 1374 com-

263 1391 391 1432 missas,
414 1391 498 1426 iuxta
527 1390 648 1425 illarum
685 1389 845 1425 literarum
879 1401 1015 1436 expres-

263 1441 384 1476 sionem
412 1448 443 1475 et
465 1448 605 1476 tenorem
629 1440 789 1487 prosequi.
819 1439 864 1474 Ac
890 1439 919 1473 in
944 1452 1013 1473 om-

264 1490 357 1525 nibns
384 1490 451 1525 aliis
473 1499 502 1525 et
525 1490 658 1536 singulis
685 1490 788 1524 causis
804 1517 812 1532 ,
843 1489 937 1523 etiam
962 1501 1015 1534 per

265 1552 322 1575 nos
343 1549 373 1574 et
395 1539 603 1575 venerabilem
632 1538 757 1573 fratrem
787 1547 929 1573 nostrum
953 1538 1016 1573 Ra-

266 1589 422 1638 phaelem,
447 1590 633 1637 episcopum
661 1588 852 1633 Ostiensem,
875 1600 1016 1623 camera-

267 1641 348 1675 rium
384 1648 549 1683 nostrum,
578 1647 736 1685 tamquam
774 1638 1016 1673 viceeamerario

267 1689 444 1725 commissis
467 1701 523 1736 pro
552 1697 693 1735 tempore
721 1697 749 1722 et
782 1687 1017 1723 committendis

267 1739 477 1779 auditoribus,
500 1738 750 1773 locatenentibus
766 1739 828 1773 tuis
847 1750 881 1772 ac
896 1737 964 1772 aliis
979 1737 1017 1771 de

267 1788 381 1837 quibus
397 1788 451 1823 tibi
475 1788 639 1827 videbitur,
662 1788 743 1822 vices
759 1795 839 1832 tuas,
855 1788 946 1822 etiam
965 1799 1018 1821 us-

267 1851 327 1886 que
354 1838 391 1873 ad
415 1838 601 1873 sententiam
629 1837 822 1872 diffinitivam
852 1837 1017 1876 inclusive,

268 1896 298 1923 et
320 1900 391 1923 cum
411 1895 561 1935 potestate
585 1886 774 1934 exequendi,
799 1887 946 1934 quotiens
963 1886 1016 1921 tibi

269 1937 444 1985 placuerit,
472 1937 701 1972 committendi.
737 1936 782 1971 Ac
811 1945 871 1971 tam
909 1949 963 1984 per
991 1945 1020 1970 te

270 1989 372 2035 ipsum
401 1999 493 2034 qnam
518 1999 573 2034 per
604 1994 675 2021 tuos
702 1986 859 2021 auditores
886 1999 940 2021 seu
966 1985 1019 2020 lo-

270 2045 450 2072 catenentes
465 2065 473 2077 ,
496 2044 678 2071 exercentes
701 2038 784 2071 vices
807 2045 876 2070 tuas
904 2037 932 2070 iu
957 2036 1021 2070 eis-

270 2087 355 2131 dem,
382 2094 412 2121 et
434 2094 495 2121 tam
520 2087 548 2120 in
572 2086 717 2121 civilibus
745 2098 838 2133 quam
868 2086 897 2120 in
922 2085 1020 2120 crimi-

271 2141 405 2181 nalibus,
433 2149 463 2175 et
487 2149 546 2175 tam
576 2140 792 2187 spiritualibus
818 2152 911 2187 quam
941 2147 1022 2173 tem-

273 2195 432 2244 poralibus
447 2195 550 2230 causis
565 2203 593 2229 et
608 2194 675 2229 aliis
698 2194 952 2241 quibuscumque
967 2205 1023 2227 ne-

272 2251 374 2297 gotiis,
402 2258 461 2284 tam
485 2257 592 2284 contra
615 2249 700 2283 cives
734 2248 895 2283 Romanos
929 2260 1022 2294 quam

273 2304 414 2339 forenses
443 2303 673 2338 ecclesiasticos
700 2310 729 2337 et
758 2302 853 2336 laicos
875 2310 905 2335 et
928 2301 1023 2336 inco-

273 2359 329 2399 las,
355 2369 479 2393 necnon
510 2357 687 2404 religiosos,
714 2357 946 2403 cuiuscumque
961 2354 1025 2390 Or-

273 2412 357 2447 dinis
377 2440 386 2457 ,
417 2421 546 2456 status,
575 2411 690 2458 gradus
710 2439 717 2450 ,
752 2409 942 2445 conditionis
968 2422 1022 2444 seu

274 2467 438 2514 dignitatis
464 2467 610 2511 existant,
638 2466 735 2501 active
758 2474 787 2499 et
812 2465 932 2512 passive
954 2477 1026 2499 con-

277 2521 492 2563 cernentibus;
515 2529 547 2556 et
572 2529 633 2556 tam
658 2521 686 2555 in
704 2520 821 2555 Palatio
844 2519 1026 2566 Apostolico

277 2584 308 2610 et
334 2576 365 2611 in
389 2576 490 2623 burgo
512 2576 546 2612 S.
571 2575 668 2619 Petri,
688 2587 724 2610 ac
748 2575 778 2608 in
802 2581 904 2608 castro
920 2582 1026 2609 nostro

279 2629 385 2719 Slapcti
407 2631 531 2678 Angeli,
549 2643 671 2666 necnon
695 2631 724 2664 in
748 2628 915 2676 Capitolio,
933 2641 1026 2676 qnam

279 2696 318 2720 at
347 2698 366 2719 ι.

1679 271 1747 303 615

1049 397 1118 423 ctus
1148 401 1269 424 necnon
1295 388 1428 435 partium
1465 387 1652 434 litigantium
1681 399 1799 435 expen-

1049 451 1110 478 sas,
1134 438 1394 473 indemnitatibus
1417 445 1447 471 ct
1474 437 1650 484 dispendiis
1670 449 1800 485 parcen-

1050 489 1137 530 dum,
1155 489 1185 523 in
1209 488 1312 523 causis
1334 496 1363 523 et
1389 487 1714 533 negotiisbuiusmodi
1732 500 1801 534 pro-

1050 538 1195 582 cedendi,
1215 539 1307 572 etiam
1333 537 1418 572 nullo
1442 538 1568 584 penitus
1591 538 1668 573 iuris
1690 537 1800 572 ordine

1051 601 1106 623 seu
1135 588 1236 622 dictae
1263 587 1414 622 Gamerae
1441 596 1470 621 et
1496 586 1611 622 Curiae
1638 587 1801 622 Romanae

1051 637 1131 685 stylo
1155 638 1199 672 vel
1224 637 1452 672 consuetudine
1474 638 1605 672 servans
1622 665 1631 682 ,
1652 636 1707 672 sed
1735 636 1800 671 sola

1051 687 1121 722 sacti
1144 688 1271 722 veritate
1296 688 1446 734 inspecta,
1475 686 1512 721 de
1536 686 1618 721 bono
1646 694 1675 721 et
1702 698 1802 733 aequo

1051 745 1079 771 et
1104 749 1159 784 pro
1178 737 1393 782 contingentia
1417 748 1520 770 rerum
1545 744 1574 770 et
1596 736 1745 783 qualitate
1762 736 1803 771 sa-

1051 786 1380 834 cti,quandocumque
1400 785 1455 820 tibi
1473 786 1572 820 visum
1588 786 1691 827 fuerit,
1707 787 1800 820 etiam

1052 837 1089 871 de
1113 836 1204 875 facto,
1220 848 1313 870 manu
1331 837 1412 882 regia
1436 848 1470 870 ac
1489 836 1555 870 velo
1579 835 1695 878 levato,
1710 836 1800 870 etiam

1052 886 1226 921 secundum
1252 886 1443 920 voluntatem
1467 893 1496 920 et
1524 885 1755 932 beneplacitum
1773 893 1804 919 et

1051 936 1289 983 dispositionem
1321 943 1425 979 tuam,
1454 934 1643 982 procedendi
1672 944 1702 969 ct
1726 935 1804 969 iudi-

1051 986 1141 1021 candi
1164 993 1193 1020 et
1223 985 1409 1019 iusdiceudi.

1101 1035 1121 1082 g
1147 1037 1180 1069 4.
1203 1034 1333 1069 Necnon
1357 1034 1522 1069 occasione
1549 1046 1652 1069 coram
1677 1042 1704 1068 te
1731 1032 1805 1068 liti-

1053 1146 1203 1170 censuras
1221 1143 1249 1168 et
1263 1145 1378 1180 poenas
1393 1141 1500 1168 contra
1516 1145 1569 1168 eos
1586 1132 1804 1180 promulgandi
1821 1133 1851 1156 [ΗΞ

1054 1193 1084 1219 et
1107 1183 1286 1224 relaxandi3
1302 1192 1332 1218 et
1347 1182 1510 1218 brachium
1529 1183 1622 1217 etiam
1646 1182 1807 1217 saeculare

1054 1233 1237 1277 exercendi,
1260 1234 1353 1268 etiam
1376 1241 1484 1268 contra
1501 1231 1661 1266 Romanos
1684 1240 1713 1266 et
1732 1232 1809 1266 alios

1054 1283 1265 1331 supradictos,
1289 1294 1491 1330 quacumque
1507 1281 1693 1317 auctoritate
1716 1281 1808 1316 etdi-

1054 1334 1171 1380 gnitate
1205 1333 1396 1380 fungeutes3
1421 1340 1451 1367 et
1482 1332 1670 1378 generaliter
1703 1331 1809 1366 omnia

1055 1384 1112 1418 alia
1137 1392 1167 1418 et
1194 1383 1318 1429 singula
1341 1382 1489 1427 faciendi,
1506 1381 1643 1425 dicendi,
1666 1381 1809 1428 gerendi,

1057 1432 1270 1480 procurandi,
1292 1443 1373 1479 quae
1404 1432 1434 1466 in
1464 1431 1645 1479 praemissis
1673 1439 1704 1465 et
1726 1443 1808 1478 quae

1056 1483 1093 1518 ad
1118 1482 1255 1518 officium
1285 1482 1390 1529 ipsum
1410 1481 1449 1516 de
1478 1482 1545 1515 inre
1569 1481 1614 1515 vel
1635 1489 1811 1516 consuetu-

1057 1533 1129 1567 dine
1151 1540 1203 1567 aut
1225 1532 1299 1566 alias
1321 1531 1558 1579 quomodolibet
1582 1531 1738 1578 pertinere
1762 1530 1811 1564 di-

1057 1590 1274 1629 gnoscuntur,
1297 1590 1327 1616 et
1350 1593 1431 1628 quae
1455 1593 1511 1616 nos
1534 1581 1661 1627 ipsimet
1684 1581 1714 1614 in
1740 1592 1811 1614 om-

1058 1632 1151 1667 nibns
1174 1639 1205 1666 et
1232 1631 1366 1677 singulis
1395 1631 1576 1678 praemissis
1605 1630 1706 1666 facere
1731 1642 1811 1677 pos—

1058 1695 1179 1723 sumus;
1207 1689 1238 1716 et
1259 1681 1364 1716 omnia
1385 1680 1443 1715 alia
1472 1688 1502 1715 et
1523 1679 1645 1726 singula
1667 1692 1747 1728 quae
1771 1680 1813 1713 vi-

1059 1731 1259 1767 cecamerarii
1283 1738 1313 1765 et
1339 1730 1642 1777 gul)ernatores.qui
1660 1742 1715 1777 pro
1731 1738 1813 1764 tem-

1060 1794 1134 1829 pore
1161 1781 1300 1821 suerunt,
1330 1780 1443 1824 facere,
1466 1779 1628 1825 mandare,
1651 1779 1813 1822 ordinare,

1060 1831 1214 1877 corrigere
1230 1858 1240 1869 ‚
1270 1830 1386 1877 exequi
1414 1829 1495 1865 soliti
1529 1837 1604 1864 sunt
1620 1857 1630 1874 ,
1652 1828 1812 1873 faciendi,

1061 1880 1245 1920 mandandi,
1268 1880 1445 1919 ordinandi,
1469 1879 1666 1927 disponendi.

1110 1931 1130 1978 S
1152 1933 1184 1965 5.
1207 1929 1247 1964 Et
1270 1938 1377 1965 contra
1400 1941 1615 1977 quascumque
1639 1928 1813 1976 praedictas

1063 1992 1235 2029 personas,
1263 1981 1353 2015 etiam
1383 1979 1467 2014 nulla
1492 1978 1698 2026 praecedente
1727 1977 1814 2013 infa-

1063 2032 1122 2066 mia
1143 2030 1292 2077 nulloque
1308 2042 1468 2077 processu,
1482 2028 1674 2075 inquirendi,
1696 2039 1812 2075 easque

1062 2079 1250 2127 corrigendi,
1277 2079 1448 2125 castigandi
1472 2087 1501 2113 et
1530 2078 1621 2112 etiam
1652 2090 1750 2125 usque
1775 2077 1812 2112 ad

1065 2135 1208 2170 ultimum
1237 2133 1428 2182 supplicium
1457 2132 1608 2167 inclusive
1637 2131 1813 2180 puniendi3

1065 2191 1103 2225 ita
1136 2189 1221 2237 quod
1256 2188 1491 2236 quamprimum
1523 2187 1702 2222 citationem
1731 2198 1815 2221 con—

1066 2253 1109 2279 tra
1132 2245 1269 2291 aliquem
1304 2242 1402 2277 civem
1432 2242 1612 2276 Romanum
1637 2241 1684 2275 vel
1719 2241 1813 2276 alium

1065 2309 1300 2346 quemcumque
1317 2309 1354 2331 ex
1379 2295 1555 2344 praedietis,
1580 2295 1817 2342 quomodolibet

1066 2355 1277 2401 delinquent.,
1294 2364 1329 2387 ac
1349 2351 1416 2386 eius
1435 2350 1564 2386 domum
1582 2350 1706 2392 factam,
1727 2363 1819 2397 quos-

1066 2420 1204 2455 cumque
1226 2407 1304 2442 alios
1327 2405 1447 2440 iudices
1470 2405 1669 2452 praevenisse
1688 2417 1818 2440 censea-

1068 2464 1121 2507 ris,
1150 2463 1188 2497 ita
1212 2462 1297 2510 quod
1320 2460 1371 2496 alii
1392 2460 1572 2495 nullatenus
1599 2468 1704 2495 contra
1728 2472 1819 2494 eum—

1067 2517 1151 2558 dem,
1176 2525 1319 2563 utsupra
1342 2515 1482 2556 citatum,
1497 2513 1735 2562 quomodolibet
1751 2525 1821 2561 pro-

1069 2571 1180 2607 cedere
1209 2571 1342 2618 possint;
1365 2581 1421 2604 nec
1443 2568 1536 2604 etiam
1560 2580 1615 2615 per
1636 2579 1702 2611 eos,
1725 2579 1819 2614 super

1071 2626 1180 2673 poenis
1199 2632 1306 2660 eontra
1328 2624 1505 2659 deferentes
1519 2634 1603 2658 arma
1627 2629 1657 2656 et
1671 2621 1750 2657 alios
1764 2621 1820 2657 de-

1070 2681 1249 2728 linquentes
1266 2691 1321 2728 per
1344 2688 1372 2714 te
1391 2678 1516 2714 indictis
1539 2677 1584 2712 vel
1607 2676 1818 2716 comminatis,

1813 285 1861 308 An.
1879 283 1988 309 0151st

1097 339 1116 385 S
1139 343 1171 373 5.
1194 339 1233 374 Et
1261 338 1298 373 ad
1316 338 1554 385 reprimendum
1572 338 1671 373 litium
1695 338 1798 373 ansra-
1813 344 1993 403 rffuvtnggffi‘

1832 1037 1957 1059 Excommun
1981 1038 2001 1055 et

1052 1085 1212 1131 gantium,
1249 1084 1609 1119 excommunicationem
1641 1095 1695 1118 seu
1729 1083 1805 1118 alias
1818 1068 2004 1122 {Zifflussefssss‘

1841 1935 1966 1962 Delinquen.
1977 1941 2011 1962 pn-

1828 1967 1898 1987 niendi
1926 1967 2012 1992 privan-

1829 1998 1887 2023 dive,
1905 1998 1972 2024 quoad
1987 2003 2013 2017 a-

1828 2029 1880 2053 tion,
1897 2029 1916 2048 in
1937 2028 2012 2054 poenis

1828 2059 1853 2079 ab
1869 2064 1894 2080 eu
1911 2059 2011 2081 indictis.

1828 2089 1861 2110 vel
1880 2090 1927 2110 data
1947 2094 2009 2115 prue-

1828 2122 1942 2145 vennone,
