2281 3251
213 258 262 285 Αη.
281 258 300 283 t:
329 255 394 284 11163

467 244 531 278 l'i'ss

412 321 535 347 montes
568 309 728 349 horrebat,
762 317 792 343 et
816 308 844 342 in
869 308 1027 342 Arinione
1059 316 1111 341 aut
1136 308 1165 341 in

411 361 571 397 Sabandia
604 360 707 395 locum
744 357 953 392 desiderabat.
991 355 1168 390 Adiveruut

413 425 468 458 per
498 411 528 446 id
553 410 704 456 temporis
731 408 794 442 duo
823 408 877 442 riri
902 419 940 441 ex
969 405 1053 440 ltalia
1076 405 1167 440 Basi-

414 463 518 496 leense
546 459 728 496 concilium,
752 457 902 492 Nicolaus
925 455 1169 489 panormitanus

413 511 674 557 archiepiscopus
705 517 733 541 et
768 506 949 541 hadericus
984 504 1169 548 Pomanus,

415 560 614 608 Apostolicae
636 557 732 593 Sedis
756 556 906 598 notarius,
932 554 1086 601 Alplionsi
1109 553 1170 587 Ma-

415 611 467 657 gni
502 609 585 655 regis
612 615 768 643 oratores,
802 605 855 652 qui
887 604 969 637 velut
992 603 1054 637 duo
1086 603 1172 637 orbis

416 659 538 702 svdera,
554 670 611 693 ceu
639 655 788 704 pontificii
810 654 886 688 iuris
907 661 937 688 et
957 654 1053 688 totins
1072 652 1173 688 civilis

417 701 591 756 sapientiae
614 707 678 741 duo
707 704 874 752 praecipua
903 703 1021 737 lumina
1050 711 1079 737 et
1109 702 1173 736 cla-

419 759 541 794 rissima
564 755 787 792 censebantur.
811 753 850 787 Hi
868 752 962 787 dietis
985 752 1172 798 scriptisque

418 807 542 842 concilii
578 813 664 853 gesta
699 802 896 851 probabant,
928 802 1064 849 Eugenii
1096 801 1172 836 sacta

418 856 622 898 damnabant,
650 865 708 889 nec
735 860 801 888 erat
834 853 888 899 qui
917 860 969 886 aut
998 851 1088 885 vellet
1122 859 1175 885 aut

419 905 549 941 auderet
572 905 652 939 dicta
675 915 786 939 eormn
815 901 970 936 refellere.
993 900 1080 943 Quid
1100 912 1175 946 age-

421 954 549 990 remus?
576 953 697 989 Audire
733 951 911 999 potuimus,
940 962 1002 985 non
1035 950 1177 984 discere?

420 1005 513 1040 Rude
537 1004 632 1039 nimis
655 1002 819 1049 ingenium
843 1008 901 1044 est,
924 999 1008 1047 quod
1034 1012 1087 1047 per
1110 999 1176 1033 sin-

420 1055 512 1101 gulos
534 1054 601 1089 dies
627 1052 732 1088 audita
755 1059 785 1086 et
814 1051 968 1085 inculcata
997 1062 1059 1084 non
1083 1049 1175 1095 capit.

420 1104 539 1146 Quales
561 1102 699 1150 magistri
722 1109 808 1146 sunt,
838 1099 914 1135 tales
941 1099 1087 1145 discipuli
1111 1110 1179 1133 eva-

422 1154 497 1189 dere
523 1152 637 1188 solent.
663 1152 787 1187 Paucos
815 1150 955 1185 invenias
978 1148 1176 1187 Aristoteles,

423 1204 478 1250 qui
507 1203 671 1238 Platonica
699 1201 806 1236 norint
829 1200 990 1234 destruere
1018 1198 1175 1245 dogmata.

424 1255 496 1288 Non
517 1261 558 1287 est
585 1253 753 1297 discipulus
775 1262 871 1296 supra
904 1249 1106 1294 maqe'strum,
1130 1248 1178 1281 in-

423 1303 491 1351 quit
514 1301 687 1336 Dominus:
712 1313 767 1335 nee
791 1312 849 1334 nos
872 1298 1054 1345 magistrum
1080 1297 1180 1344 potui-

425 1365 496 1387 mus
518 1363 678 1399 superare.
703 1349 843 1384 lulianus
868 1348 960 1383 nobis
983 1355 1012 1382 et
1030 1347 1180 1382 Nicolaus

424 1411 454 1436 et
477 1401 659 1436 Ludovicus
677 1407 706 1434 et
728 1399 777 1434 alii
794 1398 978 1445 complures
1000 1396 1087 1432 fuere
1111 1408 1181 1430 ma-

425 1452 525 1498 gistri,
553 1450 672 1494 seliola,
708 1448 900 1484 Basileensis
927 1455 1120 1486 conventus,
1150 1446 1178 1479 in

426 1514 489 1549 quo
517 1513 585 1535 raro
612 1499 726 1546 aliquis
753 1498 888 1544 Eugenii
912 1509 1039 1531 causam
1072 1494 1182 1530 desen-

427 1552 482 1585 dit.
512 1550 672 1585 Adversus
703 1548 826 1583 concilii
851 1547 1034 1593 dignitatem
1065 1545 1181 1580 mutire

427 1599 558 1648 aliquid,
592 1601 711 1634 crimen
747 1597 886 1632 haeresis
921 1596 989 1631 fuit.
1013 1595 1084 1630 Una
1111 1607 1182 1629 om—

429 1650 517 1685 nium
539 1661 596 1684 vox
619 1648 787 1684 concilium
809 1646 954 1693 Eugenio
977 1644 1182 1692 praeferebat.

428 1699 476 1736 De
506 1699 601 1735 Sedis
635 1697 836 1746 Apostolieae
873 1695 1095 1744 praecellentia
1130 1702 1183 1729 aut

429 1750 587 1785 silentium
610 1756 662 1784 aut
685 1756 898 1794 contemptus.
918 1746 1098 1789 Concilium,
1117 1757 1185 1778 con-

429 1801 533 1834 cilium
551 1807 664 1834 cuncta
679 1796 843 1832 sonabant.
858 1796 1005 1830 Diximus
1024 1806 1099 1841 ergo
1115 1806 1185 1841 quae

430 1849 621 1892 audivimus,
649 1856 678 1882 et
701 1855 769 1894 post
793 1845 913 1892 aliquot
935 1856 1053 1884 annos,
1075 1843 1186 1879 existi-

433 1909 554 1933 mantes
581 1910 638 1932 nos
659 1896 776 1944 aliquid
800 1906 883 1939 esse,
905 1894 1055 1937 diximus,
1083 1901 1116 1927 ut
1139 1902 1186 1927 est

431 1948 516 1996 apud
539 1948 721 1996 satyricum:
743 1947 870 1991 Semper
890 1956 944 1990 eqo
966 1945 1093 1978 auditor
1116 1950 1187 1976 tan-

433 2002 519 2033 tum?
536 1998 717 2043 Numquam
733 2008 767 2029 ne
783 1995 951 2040 reponam?
974 1992 1090 2027 Puduit
1109 2004 1188 2027 sem-

435 2060 490 2096 per
507 2047 702 2095 discipulum
721 2056 824 2091 agei-c,
839 2043 1055 2078 subtraximus
1071 2041 1188 2076 serulae

435 2115 576 2146 manum,
598 2101 762 2148 coepimus
785 2098 870 2146 loqui
895 2105 924 2131 et
949 2096 1087 2143 magistri
1112 2107 1187 2143 per-

435 2167 544 2190 sonam
568 2155 739 2190 induimus.
763 2152 957 2200 Scripsimus
979 2150 1128 2197 epistolas
1156 2157 1186 2183 et

435 2210 600 2257 opuscula
616 2210 674 2245 lioc
690 2208 838 2243 omuibus
856 2207 972 2255 passim
986 2205 1088 2245 datur,
1103 2202 1187 2238 docti

436 2273 466 2298 et
489 2263 607 2299 indocti
631 2263 784 2306 scribunt,
807 2272 835 2297 et
858 2272 938 2308 quac
960 2258 1086 2306 scripsit
1119 2257 1187 2304 ipse

438 2330 530 2355 nemo
557 2318 743 2356 contemnit,
767 2317 826 2351 nisi
855 2314 1003 2350 editionis
1038 2312 1189 2348 servorem

438 2382 565 2421 tempus
591 2371 767 2411 extinxerit:
796 2371 888 2405 nobis
916 2368 1079 2417 placebant
1106 2367 1192 2401 scri-

441 2437 490 2476 pta
514 2436 631 2471 nostra,
659 2438 745 2461 more
768 2434 948 2473 poetarum,
972 2423 1022 2470 qni
1048 2428 1192 2469 poemata

440 2495 496 2518 sua
526 2492 685 2529 tamquam
715 2480 796 2515 lilios
829 2488 946 2515 amant.
970 2476 1036 2512 Nec
1062 2476 1194 2511 Rasileze

441 2548 632 2585 quemquam
662 2534 927 2577 inveniebamus,
953 2531 1007 2580 qui
1035 2543 1070 2566 ea
1103 2530 1196 2565 dam-

443 2600 542 2634 naret,
571 2590 701 2638 probant
730 2590 814 2624 enim
837 2588 950 2623 similia
978 2585 1114 2627 similes3
1138 2597 1196 2632 ap-

445 2645 672 2696 plaudebamus
695 2643 785 2678 nobis
804 2643 881 2691 ipsis
900 2651 928 2677 et
953 2642 983 2676 in
1003 2639 1197 2677 editionibus

996 251 1182 274 ut'ttAutvm
1207 250 1367 272 ROMANFM

1213 306 1329 340 nosti-is
1351 305 1578 351 gloriabamur.
1597 304 1634 338 Et
1651 315 1841 352 quamquam
1861 309 1968 350 postea

1212 355 1374 403 Eugenius
1396 355 1566 389 concilium
1595 355 1624 388 in
1648 353 1767 388 Italiam
1796 352 1970 388 transtule-

1213 406 1262 445 rit,
1290 414 1318 439 et
1341 417 1412 439 cum
1436 404 1567 439 Graecis
1593 403 1754 438 Ferrariae
1783 415 1817 437 ac
1841 402 1968 437 demum

1213 454 1390 489 Florentiae
1409 454 1602 494 convenerim
1617 465 1810 501 quamquam
1828 452 1971 487 lulianus

1213 504 1319 538 Sancti
1341 504 1455 549 Angeli
1480 512 1509 538 et
1539 503 1673 538 loannes
1694 504 1727 538 S.
1752 503 1836 538 Petri
1865 502 1972 538 cardi-

1216 553 1313 592 nales,
1341 554 1457 600 quibus
1481 553 1653 599 plui-imum
1689 552 1910 593 credebamus,
1933 552 1971 587 ad

1216 603 1396 649 Eugenium
1431 602 1634 643 defecissent,
1662 614 1856 649 quamquam
1894 613 1973 649 pau-

1215 653 1332 687 cissimi
1365 653 1394 686 in
1429 652 1489 686 [ide
1523 652 1697 686 Basileensi
1723 651 1973 691 remansissent,

1217 703 1376 737 noluimus
1397 711 1500 737 tamen
1513 702 1654 742 credere,
1668 702 1884 736 existimantes
1899 713 1974 736 cun-

1217 760 1296 796 ctos,
1316 754 1370 799 qni
1391 751 1532 795 abibant,
1557 751 1818 790 metu'recedere,
1839 763 1878 786 ne
1895 750 1975 785 bona

1219 802 1401 849 temporalia
1426 801 1607 848 perderent;
1630 809 1660 836 et
1683 813 1754 836 curn
1780 801 1855 835 nibil
1879 800 1977 835 liabe-

1219 864 1338 895 remus,
1361 851 1444 898 qnod
1469 851 1561 886 nobis
1582 850 1697 886 auferri
1722 859 1846 898 posset,
1869 861 1978 898 perse-

1219 901 1391 935 verandum
1430 901 1628 948 putavimus,
1664 913 1703 934 ne
1725 900 1872 948 {partenn
1896 911 1978 947 quac

1220 952 1320 985 verior
1344 950 1434 985 nobis
1456 950 1641 998 apparebat,
1665 950 1894 997 relinquentes,
1921 948 1979 984 de-

1220 1001 1404 1035 trimentum
1433 1002 1557 1035 animae
1591 999 1775 1034 faceremus.
1799 999 1979 1034 Mansimus

1221 1050 1315 1097 igitur
1337 1050 1467 1084 Basileae
1494 1049 1609 1097 quoad,
1634 1049 1790 1095 Eugenio,
1814 1057 1847 1083 ut
1874 1048 1979 1083 credi—

1220 1100 1344 1143 dimus,
1380 1100 1463 1134 iusto
1486 1099 1602 1134 iudicio
1631 1099 1787 1146 deposito.
1815 1097 1979 1133 Amadeus

1220 1149 1448 1184 Sabaudiensis
1471 1149 1623 1183 suffectus
1640 1157 1698 1192 est,
1718 1157 1749 1182 et
1771 1147 1861 1182 Felix
1875 1147 1903 1182 V
1921 1159 1979 1194 ap-

1223 1199 1366 1247 pellatns,
1386 1211 1479 1246 quem
1502 1211 1562 1233 non
1589 1206 1620 1233 ut
1640 1198 1772 1241 idolum,
1795 1197 1880 1245 quod
1900 1204 1979 1236 erat,

1222 1249 1275 1283 sed
1297 1257 1455 1296 tamquam
1481 1260 1588 1282 rerum
1612 1247 1730 1283 Christi
1751 1247 1901 1282 vicarium
1927 1259 1980 1280 ve-

1224 1299 1320 1333 nerati
1348 1311 1472 1342 sumus,
1500 1298 1578 1332 nillil
1602 1298 1640 1332 ad
1676 1299 1751 1332 liaec
1773 1297 1891 1331 sinistri
1922 1309 1980 1342 pu—

1223 1356 1324 1383 tantes
1342 1348 1568 1383 intercessisse.
1583 1347 1623 1382 At
1634 1360 1705 1382 eum
1717 1346 1898 1381 Fridericus
1912 1344 1981 1380 Ro-

1225 1410 1390 1432 manorum
1414 1410 1480 1442 rex,
1504 1397 1695 1444 Aquisgrani
1715 1404 1897 1434 coronatus.
1923 1395 1981 1429 do-

1225 1460 1309 1481 mum
1331 1456 1489 1494 repetens,
1512 1447 1634 1481 Basilea
1658 1447 1826 1481 transitum
1843 1445 1982 1485 fecisset,

1225 1507 1416 1544 rogatusque
1446 1496 1586 1531 Felicem
1615 1496 1678 1530 illic
1702 1503 1898 1543 praesentem
1926 1506 1982 1529 ac-

1225 1546 1351 1587 cedere,
1375 1547 1462 1581 nullo
1491 1555 1580 1593 pacto
1605 1545 1786 1593 persuaderi
1818 1544 1984 1592 potuisset,

1227 1605 1258 1630 ut
1273 1596 1426 1631 honorem
1444 1596 1484 1640 ei,
1499 1604 1659 1643 tamquam
1674 1595 1821 1630 Romano
1836 1593 1983 1629 Pontifici

1226 1646 1388 1680 exhiberet
1411 1654 1464 1681 aut
1489 1646 1615 1693 publice
1639 1658 1711 1680 curn
1741 1657 1778 1680 eo
1806 1644 1899 1679 verba
1924 1643 1984 1678 mi-

1226 1704 1340 1735 sceret,
1365 1704 1429 1730 tum
1455 1696 1590 1743 primum
1614 1695 1886 1730 consideravimus
1910 1705 1986 1741 pos-

1227 1746 1320 1781 sibile
1356 1758 1442 1786 esse,
1470 1746 1554 1793 quod
1589 1754 1708 1792 partem
1737 1756 1902 1780 erroneam
1930 1755 1986 1778 se—

1227 1808 1411 1843 queremur,
1435 1795 1562 1842 quando
1586 1807 1650 1834 rex,
1673 1795 1844 1841 imperator
1864 1793 1984 1828 Roma—

1230 1858 1343 1880 norum
1378 1845 1513 1885 futurus,
1543 1845 1571 1878 in
1597 1853 1682 1878 tanto
1711 1844 1838 1890 negotio
1865 1842 1985 1877 dubius

1229 1905 1309 1929 esset
1345 1903 1374 1929 et
1409 1894 1446 1929 ad
1471 1894 1651 1940 Eugenium
1681 1893 1844 1928 inclinaret
1872 1892 1983 1939 magis.

1230 1945 1364 1979 Multum
1393 1952 1423 1978 et
1446 1956 1539 1990 saepe
1571 1944 1651 1978 inter
1680 1955 1737 1978 nos
1759 1943 1845 1990 ipsos
1866 1944 1986 1988 cogita-

1231 1995 1344 2034 vimus,
1356 1994 1427 2040 quis
1442 2002 1525 2028 esset
1541 1993 1655 2028 modus
1669 1992 1847 2028 inveniendi
1865 2003 1986 2031 verum,

1232 2055 1406 2091 numquam
1430 2044 1513 2078 enim
1544 2042 1684 2077 volentes
1711 2042 1897 2077 erravimus.
1918 2039 1987 2075 Ro-

1232 2094 1292 2140 gati
1327 2094 1357 2127 in
1393 2092 1540 2127 familiam
1564 2091 1715 2127 Friderici
1739 2092 1889 2130 transire.
1924 2102 1987 2124 non

1234 2143 1407 2177 renuimus.
1443 2142 1517 2177 Erat
1546 2151 1620 2176 tunc
1655 2142 1706 2176 ille
1735 2155 1806 2176 eum
1833 2148 1896 2175 tota
1924 2139 1988 2174 fere

1233 2192 1402 2227 Germania
1446 2192 1609 2227 noun-atis.
1638 2191 1818 2226 Concilium
1857 2189 1989 2224 Basileae

1234 2241 1382 2277 dicebant
1399 2245 1443 2286 (l)
1455 2254 1524 2277 esse
1539 2240 1701 2280 Germani,
1725 2250 1754 2276 et
1771 2240 1890 2275 idolum
1919 2239 1989 2274 eius

1236 2293 1442 2340 respuebant,
1467 2304 1525 2326 nec
1552 2291 1710 2338 Eugenio,
1739 2303 1796 2325 uec
1823 2289 1990 2325 Basileen-

1235 2343 1323 2377 sibus
1352 2343 1441 2390 plene
1471 2341 1671 2377 obediebant.
1700 2339 1821 2375 Placuit
1844 2339 1881 2375 ad
1911 2352 1990 2374 neu-

1236 2394 1329 2427 trales
1357 2393 1502 2431 transire,
1536 2401 1568 2426 ut
1591 2403 1698 2426 verum
1722 2391 1805 2437 apud
1834 2403 1889 2425 eos
1911 2390 1990 2425 libe-

1237 2443 1301 2478 rius
1331 2443 1528 2481 audiremus,
1550 2450 1580 2476 et
1612 2441 1637 2475 si
1667 2440 1878 2475 recedendum
1908 2448 1991 2474 esset

1237 2493 1275 2527 ab
1295 2505 1358 2527 uno
1380 2501 1606 2536 extremorum,
1623 2503 1676 2538 per
1697 2490 1827 2538 aliquod
1851 2489 1990 2524 medium

1238 2543 1443 2577 transiremus
1473 2541 1511 2576 ad
1539 2540 1684 2584 alterum,
1707 2549 1737 2575 et
1763 2551 1874 2575 eorum
1908 2538 1992 2573 indi-

1238 2593 1322 2627 cium
1346 2600 1574 2639 spectaremus,
1597 2590 1650 2638 qui
1674 2602 1736 2624 non
1759 2597 1864 2624 essent
1890 2588 1992 2623 affecti

1275 2651 1296 2684 <t
1305 2650 1313 2684 )
1323 2650 1381 2684 Leg.
1394 2649 1504 2676 fortasse
1512 2650 1689 2675 dicebantesse
1695 2645 1944 2682 conciliabulumoi.
1953 2645 1992 2682 τ.)

1979 247 2028 271 An.
2050 244 2078 271 C.
2099 243 2164 271 Ηιθὸ
