2281 3251
248 233 342 260 Διιιίῖ.
363 233 425 260 ΗιΙιΙ

249 889 270 910 tn
283 891 356 917 quibu·
367 894 430 910 »tatu-

249 926 269 942 ιι
284 920 374 947 segni-0
388 926 428 940 non

247 954 353 973 contrariu

247 987 360 1010 permittit,

263 1692 357 1715 rrius-m
385 1693 434 1718 eligi

251 1725 378 1752 unctulum,

270 2587 349 2608 miuri-
366 2577 438 2607 *elus-

257 2621 309 2641 dum,
341 2620 438 2640 mit-tu

496 224 541 257 56

445 298 569 333 tatores,
590 302 627 324 ac
648 302 719 325 cum
743 290 875 336 singulis
899 302 936 324 ex
960 289 1106 324 fratribus
1124 301 1193 324 mo-

446 340 666 383 ttasleriorum,
689 339 853 374 ‹lontorttut
876 349 905 374 et
933 341 1070 374 locorum
1101 351 1192 385 prae.-

444 389 610 429 ‹lietorum,
637 389 674 424 ad
699 390 726 423 id
762 401 816 435 per
841 390 983 436 singulos
1009 388 1191 422 eorumdem

445 439 716 478 monasteriorum,
730 439 894 473 domorum
910 448 939 472 ct
959 439 1098 472 locorum
1117 450 1193 471 con-

446 498 555 522 ventus
581 488 748 534 eligendis,
770 488 884 534 singuli
910 489 1192 530 ttionasli·ti0rttnt,

445 536 612 573 domorum
640 547 669 572 et
696 538 837 572 lucorum
867 538 1044 572 liuiusnioili
1074 538 1194 583 priores

444 588 604 626 accedere,
623 588 802 634 quibusque
826 587 1029 633 personaliter
1044 588 1194 621 interesse

444 636 581 671 adstricti
604 638 683 676 sint,
707 638 735 670 in
760 637 834 670 locis
863 645 891 670 et
921 637 1062 671 terminis
1089 636 1125 670 ad
1151 636 1193 680 iil,

445 698 499 732 pes
524 700 640 721 ἷΙΙΙΠΙΙΙΙΙ
665 687 776 733 primo,
799 695 828 719 (Ἰ,
849 686 1026 720 ΒΙΙΟΟΕΞΞῘΥΘ
1051 698 1105 733 ,ΗΒΓ
1122 686 1194 720 Sin-

444 735 516 780 gula
539 737 673 783 capitula
703 734 859 782 praedicta
883 736 1057 770 statuendis
1080 745 1107 769 et
1135 750 1194 770 or-

444 785 603 828 dinandis,
629 784 786 820 celebrare
809 794 982 819 teneantur.

493 839 555 877 55.
573 834 612 868 Et
632 836 660 868 in
674 834 854 869 huiusmodi
870 835 1027 882 capitulis,
1046 835 1194 870 substan-

445 884 524 917 tialia
547 883 647 919 dictae
666 883 805 929 Regulae
829 897 890 919 non
914 885 1080 930 mutando,
1102 897 1194 932 quae-

413 946 602 980 .⁴cumque,
635 943 850 981 quotcumque
882 943 911 968 ct
951 934 1193 982 qualiacumque.

444 991 557 1018 statuta
580 992 609 1018 et
636 984 861 1024 ordinationes,
885 984 958 1019 dum
989 994 1091 1019 tamen
1115 985 1193 1019 iusta

444 1042 473 1067 et
496 1032 704 1078 rationabilia,
731 1046 766 1068 ac
793 1034 891 1068 sacris
913 1034 1193 1069 canonibus-nulla

444 1092 537 1117 tenus
551 1082 773 1130 discrepantia,
794 1096 890 1130 super
910 1084 1036 1132 quibus,
1056 1084 1194 1131 legitima

443 1142 472 1166 et
502 1132 678 1168 rationabili
702 1146 794 1168 causa
818 1133 1020 1174 subsistente,
1046 1143 1147 1169 rector
1165 1142 1195 1168 et

445 1182 622 1218 visitatores
642 1182 822 1218 huiusmodi
846 1196 917 1218 cum
941 1184 1033 1218 dictis
1050 1183 1196 1218 fratribus

447 1245 544 1279 nsque
571 1232 608 1267 ad
644 1232 783 1267 futurum
812 1233 984 1281 capitulum
1012 1234 1196 1281 dispensare

447 1283 578 1328 possint,
601 1292 631 1317 et
655 1283 735 1317 iuter
761 1296 815 1317 eos
842 1283 978 1318 condere
1005 1297 1060 1318 seu
1082 1284 1196 1323 facere,

447 1331 561 1378 illaque
586 1344 707 1367 necnon
731 1346 839 1367 torum
862 1333 1015 1379 singula
1010 1347 1039 1368 in
1065 1342 1129 1369 toto
1149 1333 1195 1368 vel

447 1382 477 1415 in
502 1391 599 1428 parte,
621 1383 768 1429 quotiens
790 1383 835 1417 eis
857 1391 1069 1431 opportunum
1095 1385 1196 1418 visum

448 1431 551 1471 l'uerit
567 1433 734 1477 corrigimre
762 1441 899 1473 mutare
930 1445 1052 1469 cassare
1079 1442 1108 1468 et
1136 1433 1197 1468 illis

447 1481 575 1525 addere,
599 1494 720 1517 necnon
738 1494 784 1519 ea
802 1495 856 1530 per
877 1495 1026 1518 censuras
1047 1483 1197 1518 ecclesia-

446 1530 540 1565 sticas
570 1540 599 1565 et
633 1532 722 1566 alia
716 1532 792 1566 uiris
819 1534 967 1572 remedia,
1005 1547 1060 1581 pei
1087 1533 1198 1568 fratres

449 1580 535 1628 ipsos
556 1581 713 1616 observari
737 1581 847 1616 facere.

496 1635 512 1674 9
544 1632 576 1665 6.
604 1632 650 1666 Ac
683 1632 713 1666 in
747 1632 866 1667 eisdem
901 1632 1064 1680 capitulis.
1099 1646 1196 1668 unum

448 1681 540 1715 etiam
564 1680 712 1728 priorem.
731 1694 767 1716 ex
791 1683 970 1717 monasterii
990 1683 1098 1718 Sancti
1120 1684 1198 1718 Am-

450 1730 543 1765 brosii
568 1730 612 1764 vel
636 1744 673 1765 ex
695 1731 827 1766 aliorum
853 1733 1128 1778 monaster-,imum
1145 1734 1199 1768 do-

449 1792 573 1815 morum
609 1789 639 1815 et
666 1782 806 1816 tocoium
832 1782 1012 1817 liuiusmodi
1041 1783 1198 1830 prioribus

448 1842 503 1865 seu
521 1829 666 1865 fratribus
688 1832 887 1877 praedictis,
881 1845 910 1866 tn
925 1844 1034 1866 eorum
1055 1833 1196 1867 omnium

449 1889 600 1914 rectorem
623 1889 653 1914 et
682 1890 817 1927 patiem;
845 1894 880 1916 ac
907 1882 987 1916 duos
1011 1883 1197 1924 visitatores,

448 1941 571 1964 necnon
588 1929 625 1964 ad
642 1929 747 1965 Sancti
764 1931 934 1976 Ambrosii,
948 1932 1032 1979 quod
1047 1945 1102 1979 per
1119 1933 1201 1979 prio-

450 1991 513 2013 rem
538 1989 726 2027 perpetuum
758 1982 868 2024 (cuius
891 1981 1002 2016 electio
1030 1982 1066 2016 ad
1091 1982 1199 2016 fratres

451 2029 550 2084 ipsius
577 2031 758 2064 monasterii
785 2030 891 2066 Sancti
921 2031 1102 2076 Ambrosii,
1135 2032 1200 2066 ele-

449 2079 563 2113 ctionis
596 2092 667 2114 vero
689 2080 884 2116 ‹wonfinuaiio
918 2081 956 2116 ad
984 2081 1199 2128 archiepisco-

451 2141 557 2175 pum
549 2128 814 2165 Mediolanensem
832 2144 886 2177 pro
909 2140 1051 2179 tempore
1067 2131 1202 2166 existen-

450 2187 526 2222 tem,
548 2179 639 2214 etiam
675 2193 710 2214 ex
733 2181 860 2228 speciali
888 2181 990 2216 dictae
1017 2180 1111 2216 Sedis
1134 2181 1200 2228 pri—

453 2229 565 2275 vili-gio
589 2238 745 2277 pertinere
760 2235 972 2276 noscuntur),
1002 2239 1032 2265 ct
1054 2231 1200 2272 aliorum,

449 2291 529 2327 quae
544 2291 599 2327 per
611 2281 797 2327 temporales
822 2281 940 2328 priores
955 2290 1117 2328 reguntur,
1133 2293 1201 2316 mo-

450 2331 671 2369 nasteriorum,
700 2331 863 2365 domorum
888 2339 918 2365 et
941 2331 1080 2366 locorum
1111 2343 1201 2378 prae-

450 2378 619 2419 diciorum,
646 2391 681 2414 ac
714 2380 743 2414 in
768 2380 827 2415 illis
859 2380 1042 2427 degentium
1072 2381 1200 2416 fratrum

452 2430 592 2475 regimen
609 2437 639 2463 et
653 2429 927 2476 gubernationem,
951 2430 1094 2477 singulos
1118 2431 1202 2478 prio-

453 2490 502 2512 res
530 2479 651 2525 possint
673 2487 702 2513 et
726 2487 892 2514 teneantur
914 2480 1040 2526 eligere.

502 2529 522 2575 5
539 2533 568 2563 7.
584 2528 712 2564 Necnon
734 2537 845 2573 rector,
863 2530 915 2577 qui
930 2530 1078 2565 omnibus
1091 2531 1203 2564 eisin-

453 2579 536 2625 gulis
560 2579 775 2618 monasteriis,
803 2579 962 2620 domibus
986 2581 1082 2621 locis,
1113 2581 1204 2627 prio-

455 2628 543 2664 tibus
566 2636 595 2664 et
631 2628 778 2664 fratribus
801 2628 983 2665 huiusmodi
1009 2630 1141 2677 praesit;
1170 2642 1204 2665 ac

1038 234 1193 256 ttt‘LtAtttt
1199 234 1220 254 ,tt
1246 233 1312 255 ttoat
1319 233 1405 255 ANUU

1234 336 1308 371 libet
1340 349 1376 370 ex
1412 337 1566 384 prioribus
1591 339 1778 386 praedietis,
1807 340 1982 375 rationabili

1234 393 1261 419 et
1292 386 1429 432 ligitima
1453 387 1481 422 id
1509 389 1654 434 exigente
1676 402 1780 430 causa,
1807 390 1846 424 ab
1873 402 1982 426 eorum

1233 434 1342 470 oiliciis
1373 449 1528 476 amovere,
1555 447 1585 472 et
1608 439 1685 473 alios
1711 440 1780 474 loco
1806 448 1983 475 amotorum

1237 497 1337 531 nsque
1353 487 1389 520 ad
1405 487 1605 534 subsequens
1622 489 1795 535 capitulum
1812 490 1984 536 subrogare

1236 534 1373 575 valeant;
1392 537 1526 592 “quique
1552 537 1640 577 alias,
1665 539 1695 572 in
1725 539 1879 574 visitando
1900 548 1930 574 et
1953 540 1983 574 in

1236 585 1417 630 piaimissis
1443 599 1478 621 ac
1500 587 1580 622 circa
1605 601 1638 622 ea
1663 590 1870 627 necessariis,
1901 588 1984 624 illam

1235 634 1485 670 iurisdictiontm
1521 649 1574 670 seu
1610 646 1796 684 potestatem
1825 638 1984 678 habeant,

1234 695 1315 729 quae
1343 684 1401 718 sibi
1426 699 1480 730 per
1503 685 1684 721 huiusmodi
1707 688 1843 734 capitula
1871 700 1986 723 conce-

1234 732 1329 768 ditur:
1353 746 1389 768 ac
1405 735 1522 780 priores
1546 736 1590 770 sic
1609 737 1697 771 electi
1722 737 1890 784 praedicti
1913 738 1986 772 abs-

1235 795 1296 829 qui
1319 784 1456 831 desuper
1482 785 1527 819 eis
1548 797 1604 840 per
1633 787 1736 833 ipsum
1765 787 1986 834 archiepisco-

1236 845 1310 878 pum
1346 846 1400 868 seu
1429 835 1572 881 quemvis
1593 835 1702 880 alium,
1733 836 1903 883 apostolica
1931 849 1985 872 seu

1234 881 1403 928 oidinaria,
1428 884 1472 919 vel
1488 884 1547 919 alia
1571 896 1770 933 quacumque
1789 887 1987 926 auctoritate,

1235 931 1376 967 facienda
1396 933 1646 973 confirmatione,
1664 935 1830 970 collatione
1845 948 1900 970 seu
1920 948 1989 983 pro-

1236 981 1367 1021 visione,
1393 983 1502 1018 fratres
1529 992 1558 1018 et
1581 985 1781 1024 monasteria,
1804 985 1919 1020 domus
1940 995 1988 1021 at-

1235 1043 1296 1078 que
1331 1031 1397 1067 loca
1433 1033 1491 1068 sibi
1524 1035 1692 1069 commissa
1729 1035 1923 1075 huiusmodi,
1957 1036 1986 1069 iu

1235 1081 1455 1128 spiritualibus
1481 1091 1511 1118 et
1538 1083 1778 1130 temporalibus,
1811 1096 1919 1132 regere
1952 1096 1988 1119 ac

1235 1130 1424 1176 gubernare,
1441 1132 1567 1180 illisque
1581 1145 1715 1180 praeesse
1733 1134 1830 1169 libere
1845 1143 1874 1169 et
1893 1134 1986 1169 licite.

1235 1179 1353 1216 Rector
1368 1194 1507 1229 quoqne,
1521 1184 1698 1219 visitatores
1720 1192 1750 1218 et
1774 1184 1895 1231 priores
1915 1195 1989 1232 prae-

1237 1229 1311 1270 fau,
1338 1245 1473 1279 quorum
1506 1233 1605 1268 officia
1630 1235 1660 1268 in
1685 1234 1819 1280 singulis
1851 1234 1989 1281 primor—

1236 1279 1297 1315 diis
1330 1282 1528 1328 singulorum
1557 1284 1765 1329 capitulorum
1794 1284 1988 1341 liuiusmodi,

1237 1342 1274 1365 eo
1297 1331 1385 1378 ipso,
1418 1333 1539 1367 etiamsi
1572 1333 1621 1367 illa
1653 1346 1713 1368 non
1743 1334 1989 1379 resignaverint,

1238 1392 1346 1432 vacare
1367 1381 1581 1424 decernimus3
1614 1383 1639 1417 si
1669 1383 1762 1418 utiles
1786 1392 1815 1418 et
1844 1382 1991 1418 fratribus

1238 1430 1316 1477 ipsis
1344 1433 1422 1477 grati
1453 1433 1566 1467 luerint
1594 1442 1624 1467 et
1646 1434 1785 1480 accepti,
1818 1445 1873 1480 pro
1900 1433 1991 1468 annis

1237 1481 1462 1528 sequeutibnS,
1498 1495 1533 1517 ac
1561 1483 1705 1530 quotiens
1733 1483 1809 1530 ipsis
1840 1482 1990 1518 fratribus

1238 1542 1337 1565 visum
1361 1530 1454 1566 fucrit
1480 1544 1535 1566 seu
1561 1533 1725 1579 placuerit,
1753 1532 1790 1566 ad
1817 1533 1920 1579 priora
1942 1532 1990 1567 of-

1239 1579 1304 1615 ficia
1329 1581 1436 1627 reeligi
1460 1591 1490 1616 et
1505 1581 1647 1629 deputari
1666 1583 1797 1629 possint.
1817 1581 1989 1630 Quodque,

1238 1630 1262 1664 si
1286 1630 1388 1665 lorsan
1414 1631 1491 1667 infra
1515 1632 1685 1667 triennium
1710 1632 1906 1677 huiusmodi,
1939 1645 1990 1667 re-

1238 1689 1377 1725 ctorem,
1406 1690 1480 1717 tunc
1517 1682 1693 1717 visitatores
1726 1683 1826 1729 ipsius
1861 1684 1991 1717 rectoris

1240 1730 1322 1765 vices
1348 1742 1474 1777 gerant;
1505 1732 1529 1766 si
1559 1745 1655 1766 unum
1686 1744 1723 1766 ex
1753 1732 1991 1787 visitatoribus,

1239 1787 1313 1814 tuuc
1336 1789 1438 1816 rector
1471 1793 1542 1816 cum
1570 1781 1631 1816 alio
1660 1781 1837 1822 visitatore;
1859 1781 1884 1816 si
1920 1794 1991 1816 vero

1239 1828 1375 1876 aliquem
1394 1843 1429 1865 ex
1454 1830 1611 1886 prioribus
1635 1831 1804 1878 praedictis
1825 1831 1991 1872 decedere,

1240 1879 1284 1913 vel
1305 1879 1381 1914 alias
1403 1881 1515 1936 quouis
1539 1880 1662 1915 modo
1656 1893 1794 1927 ipsorum
1817 1881 1917 1916 officia
1939 1894 1992 1916 va-

1239 1939 1308 1963 care
1335 1931 1513 1976 contigerit,
1537 1939 1611 1964 tunc
1639 1939 1740 1965 rector
1762 1939 1792 1965 et
1817 1931 1991 1966 iisitatores

1242 1978 1368 2024 praefati
1388 1980 1465 2015 alios
1480 1993 1516 2015 ex
1533 1980 1681 2015 fratribus
1697 1980 1875 2015 huiusmodi
1893 1993 1992 2029 usqne

1239 2028 1276 2061 ad
1305 2028 1442 2064 [uturum
1471 2030 1642 2077 capitulum
1671 2030 1856 2076 subrouare.

1287 2087 1302 2126 3
1325 2084 1357 2117 8.
1382 2083 1559 2129 Praeterea,
1580 2085 1664 2133 quod
1689 2094 1792 2119 rector
1817 2097 1854 2120 ac
1881 2098 1992 2122 omnes

1240 2143 1270 2169 et
1296 2137 1411 2183 singuli
1440 2139 1558 2186 priores
1581 2139 1752 2186 praedicti,
1776 2151 1898 2175 necnon
1927 2139 1990 2176 fra-

1241 2198 1320 2236 tres,
1350 2205 1430 2240 quos
1464 2194 1545 2228 idem
1576 2202 1678 2230 rector
1705 2194 1742 2229 ad
1775 2194 1833 2229 boc
1867 2194 1991 2232 duxerit

1241 2246 1449 2294 deputandos,
1465 2248 1613 2284 omnibus
1635 2258 1664 2284 et
1681 2248 1816 2295 singulis
1838 2249 1992 2296 religiosis

1241 2301 1318 2342 suis,
1352 2303 1511 2350 professis,
1539 2305 1718 2348 conversis,
1750 2303 1874 2339 novitiis
1897 2313 1927 2339 et
1954 2306 1991 2341 ad
2037 2343 2040 2346 ,

1242 2369 1350 2392 eorum
1379 2359 1501 2394 servitia
1522 2359 1550 2393 in
1575 2359 1757 2394 eorumdem
1783 2360 1993 2405 monasteriis,

1243 2412 1390 2447 domibus
1404 2426 1458 2448 seu
1479 2413 1556 2448 locis
1578 2413 1671 2448 otiam
1691 2412 1907 2448 saecularibus
1926 2426 1994 2461 per-

1245 2475 1338 2513 petuo
1360 2467 1525 2512 dedicatis,
1549 2467 1768 2515 praesentibus
1795 2476 1824 2502 et
1848 2467 1992 2515 posteris,

1245 2520 1272 2554 in
1288 2521 1554 2568 quibuscumque,
1577 2522 1606 2556 in
1623 2522 1788 2556 reservatis
1811 2521 1907 2556 semel
1923 2529 1993 2556 tan-

1245 2583 1323 2619 tnm,
1342 2576 1370 2610 in
1395 2588 1456 2610 non
1474 2576 1637 2611 reservatis
1659 2587 1731 2610 vero
1747 2575 1822 2610 Sedi
1837 2574 1993 2623 praefatae

1244 2629 1380 2672 casibus,
1402 2630 1550 2677 quotiens
1572 2630 1632 2665 illis
1654 2639 1869 2678 opportunum
1888 2629 1992 2671 fuerit,

1996 236 2046 261 An.
2063 234 2092 261 C.
2113 233 2178 262 ΗΜ

1235 296 1420 326 ttStlaloreS,
1439 288 1492 335 qlll
1511 287 1629 323 (licium
1654 297 1807 324 ΓΕΟΙΟΓΕΠΙ
1823 299 1851 325 el
1868 302 1983 337 quem·
1997 293 2181 354 :1:³12ngsz

1997 359 2060 379 nitur.

2019 2101 2115 2122 rac-inu
2151 2101 2191 2121 ab·

2006 2132 2102 2154 solvendi
2120 2140 2131 2153 n
2153 2138 2191 2153 ca-

2006 2163 2065 2185 ntim-
2090 2169 2190 2185 retorn-

2006 2197 2032 2217 u:
2046 2195 2122 2223 qunttr,
2135 2208 2138 2212 A
