2281 3251
289 232 318 258 C.
339 233 400 259 tissi

224 1225 338 1246 (ninnium
357 1234 397 1245 -η,

216 1262 261 1278 tiiri
271 1265 289 1279 m
302 1260 347 1278 4ιΙ-ι5
359 1263 397 1279 ttr-

216 1291 256 1308 fltn'
291 1302 297 1308 5
319 1290 398 1311 ”cudt-

230 1328 252 1340 ,n
266 1337 270 1340 ,
283 1327 398 1341 ronrenza-
414 1330 419 1334 -

216 1357 259 1371 'tim
269 1352 324 1378 pleni
336 1360 350 1372 ir
361 1354 398 1373 ha-

215 1383 282 1404 betur.

470 221 540 254 282

419 295 571 333 quantum
594 300 638 320 eis
655 288 768 320 iustum
797 295 827 320 et
854 298 988 332 aequum
1011 285 1166 319 videbitur

418 344 554 370 statuere
581 345 608 370 et
637 336 801 374 ordinai·e;
829 338 902 369 etsi
928 336 957 368 iu
985 335 1090 381 aliquo
1112 347 1165 369 eos

419 386 587 433 deliquisse
616 386 802 423 inienerint,
835 386 915 425 illos,
944 385 1025 418 iuxta
1053 396 1165 419 exces-

418 449 511 470 suum
547 436 757 481 exigentiam,
779 435 871 469 etiam
902 447 955 480 per
983 447 1091 468 coium
1126 434 1164 468 ah

417 486 520 520 officio
541 486 732 520 amotionem
761 498 796 519 ac
831 485 927 520 alias.
950 484 1107 530 corrigere
1134 494 1162 519 et

419 536 545 581 punire;
573 535 738 581 dictosque
762 535 973 580 inquisitores,
989 533 1162 568 secundum

417 584 500 630 quod
511 597 647 631 aequum
663 595 691 618 et
702 585 816 618 iustnni
831 593 882 617 aut
895 583 1107 618 necessarium
1125 584 1165 617 vi-

416 635 540 669 debitur
555 646 627 676 tuon
642 643 743 667 tamen
761 635 790 667 in
808 646 866 667 uua
887 633 1060 679 eademque
1076 633 1163 667 dioe-

416 685 502 728 cesi),
518 683 724 728 multiplicare
753 683 847 717 libere
869 691 899 717 et
927 683 1008 717 licite
1031 682 1160 717 valeant.

463 740 478 777 ς’
507 735 558 767 12.
590 733 626 766 Et
651 732 904 766 praedicatorum
935 733 964 766 iu
991 732 1162 771 Minoruui,

289 787 312 831 ,¹
332 788 399 831 ''⁶¹¹'ss
415 792 443 817 et
458 796 474 817 e
489 791 607 819 contra,
634 781 789 816 Minortun
810 782 967 816 Ordiuum
993 782 1163 828 praedicto-

237 852 244 863 r
261 851 288 863 ..ι
306 851 328 863 ιιι
349 851 398 863 ¹⁰..-
415 845 483 867 rum
509 833 713 878 inquisitores
736 832 764 865 iu
791 831 1044 866 praedicatorum
1073 831 1162 866 Ordi-

373 882 397 894 ''''
415 894 489 916 uum
519 881 698 916 huiusmodi
729 883 921 926 professores
942 893 1162 927 quoscumque

413 932 514 966 oflicio
539 931 750 978 inquisitionis
778 930 959 965 huiusmodi
988 930 1101 976 fungi,
1125 930 1163 964 il·-

413 981 530 1028 ludque
553 993 700 1015 exercere
725 980 904 1015 nullatenus
929 980 1061 1026 possint,
1087 980 1162 1014 abs-

411 1043 473 1078 que
495 1030 587 1065 Sedis
610 1030 809 1076 Apostolicae
823 1030 947 1064 licentia
961 1029 1102 1076 speciali,
1124 1030 1162 1064 de

413 1080 631 1126 praesentibus
641 1080 736 1114 literis
745 1080 922 1127 specificam
934 1088 963 1113 et
980 1091 1160 1126 expressam

413 1129 545 1164 faciente
569 1129 772 1164 mentionem.

460 1180 480 1227 5
504 1182 559 1214 15.
584 1179 758 1223 Postremo,
774 1180 845 1226 qiiia
862 1178 1115 1213 praedicatorum
1132 1187 1161 1212 et

412 1229 570 1264 Minoruin
595 1229 723 1263 fratrum
749 1228 980 1274 praedictorum
1003 1227 1159 1262 Ordiuuin

413 1278 618 1325 professores,
630 1291 684 1325 pro
700 1278 770 1312 fidei
786 1278 955 1312 catholicae
969 1277 1160 1321 dilatatione,

413 1337 609 1362 incremento
631 1337 660 1362 et
683 1327 880 1371 defensione,
904 1327 1052 1362 continue
1076 1327 1161 1362 indc-

412 1378 491 1412 fesse
515 1377 678 1415 laborant,
700 1386 729 1411 et
752 1389 859 1411 eorum
888 1377 1058 1422 exemplari
1088 1377 1159 1417 vita,

413 1426 700 1473 praedicationibus
716 1427 799 1460 verbi
824 1427 894 1463 Dei.
917 1426 1074 1461 audientia
1088 1437 1160 1460 con-

412 1477 679 1520 fessionum,sana
696 1476 982 1515 docti-ina,assitltia
1001 1487 1158 1510 sacrarum

412 1526 570 1560 literarum
592 1526 796 1560 instructione
811 1534 840 1559 et
855 1525 964 1560 devota
980 1524 1158 1559 divinorum

411 1576 585 1610 officiorum
608 1574 832 1619 celebratione,
856 1574 1086 1609 haereticorum
1101 1586 1159 1608 ex-

412 1626 590 1672 tirpatione,
612 1624 744 1671 aliisque
768 1624 944 1658 innumeris
969 1624 1028 1671 piis
1051 1636 1159 1670 opera-

411 1675 550 1710 tionibus
577 1686 649 1721 prae
691 1675 823 1708 caeteris
849 1673 1004 1708 Ordinum
1032 1673 1158 1708 Mendi-

411 1725 550 1759 cantium
579 1723 821 1770 professoribus,
834 1722 954 1758 fructus
970 1724 999 1757 iu
1018 1723 1156 1758 Ecclesia

411 1773 467 1808 Dei
491 1773 644 1808 salutares
670 1773 829 1819 copiosius
855 1773 1026 1807 attulerunt
1049 1773 1158 1807 hacte-

411 1836 494 1863 nus,
528 1832 557 1857 et
591 1823 740 1857 continue
767 1821 878 1857 afferre
914 1834 974 1857 non
1008 1830 1156 1861 cessant,

409 1881 501 1920 atque
528 1872 675 1907 allaturos
703 1872 731 1905 in
764 1871 913 1910 futurum,
931 1871 996 1906 Deo
1013 1872 1157 1926 propitio,

409 1934 465 1968 spe
487 1921 574 1956 firma
598 1929 754 1961 tenemus,
773 1928 802 1954 et
826 1929 988 1968 propterea
1011 1921 1158 1955 convenit

408 1981 442 2006 ut
473 1972 530 2026 ipsi
558 1983 630 2018 prae
652 1970 784 2005 caeteris
799 1971 968 2017 amplioies
992 1970 1112 2004 favores
1129 1980 1157 2005 et

408 2022 579 2076 gratiarum
617 2020 846 2067 praerogatiias
872 2032 887 2054 a
913 2020 1047 2066 praef-ita
1073 2021 1156 2055 Sede

410 2071 560 2118 recipiant
587 2080 616 2105 ct
645 2079 820 2117 reportent
843 2070 1040 2117 aliorzuintlut
1063 2070 1157 2104 (hdi-

410 2133 485 2155 nutu
508 2120 756 2155 Mendicantium
781 2120 911 2154 indultis
934 2129 963 2154 et
985 2121 1156 2167 privilegiis

409 2170 492 2217 apud
521 2170 637 2205 Sedetn
661 2171 829 2217 praefatam
853 2170 1022 2216 gaudeant,
1043 2170 1156 2205 neillis

411 2220 573 2255 inferiores
600 2232 668 2255 esse
703 2220 875 2261 videantur,
903 2232 1012 2254 omnes
1034 2228 1062 2253 et
1090 2220 1156 2253 sin-

409 2270 498 2316 gulas
519 2270 633 2317 gratias
649 2297 659 2315 ,
687 2269 921 2309 concessiones,
944 2269 1156 2316 indulgentias
1176 2277 1178 2304 i

410 2328 439 2353 et
467 2329 666 2366 peccatorum
695 2320 908 2364 remissiones,
932 2319 1154 2357 immunitates,

410 2370 638 2417 exemptioneS,
667 2370 836 2410 facultates,
861 2369 1017 2417 privilegia
1047 2378 1075 2404 et
1105 2370 1155 2403 in-

410 2420 494 2454 dulta
517 2419 690 2466 spiritualia
707 2429 735 2455 et
752 2420 943 2467 temporalia,
967 2419 1154 2466 qualiacum-

410 2482 472 2516 que
485 2470 558 2513 sint,
571 2470 778 2504 Eremitarum
795 2471 828 2505 S.
844 2470 1026 2517 Augustini,
1042 2478 1071 2504 et
1085 2468 1155 2503 Car-

411 2520 600 2560 melitarum,
615 2532 650 2554 ae
666 2519 834 2555 Servorum
851 2520 887 2554 B.
903 2520 1016 2555 Mariae
1028 2520 1154 2554 fratrum

411 2568 597 2613 Ordinibus,
619 2578 646 2605 et
676 2570 799 2605 illorum
828 2570 991 2613 Ecclesiis,
1014 2569 1156 2605 oratoriis

412 2628 441 2655 et
468 2619 625 2661 domibus,
655 2620 822 2668 prioribus,
848 2620 994 2655 fratribus
1016 2629 1044 2655 et
1067 2633 1156 2653 soro-

1004 231 1188 253 mutuum}
1213 231 1372 254 ttoatastal

1208 286 1313 328 ribus,
1336 287 1496 321 conversis
1522 295 1551 321 et
1574 286 1705 325 oblatis
1727 300 1762 322 ac
1791 289 1955 343 utriusque

1207 348 1300 370 sexus
1323 336 1468 381 personis
1480 335 1519 370 de
1535 336 1665 371 Poenitt
1656 338 1731 371 ntia
1750 339 1955 383 nuncupatis,

1207 400 1221 418 a
1246 385 1544 431 praedecessoribus
1567 396 1681 420 uostris
1698 387 1852 421 Romanis
1870 387 1954 421 Pou-

1209 434 1346 469 tificibus
1387 436 1555 481 praedictis
1583 446 1613 470 et
1641 449 1656 470 a
1685 436 1776 470 nobis
1803 445 1853 471 aut
1885 437 1955 471 aliis

1206 485 1422 519 auctoritatem
1437 485 1639 525 habentibus,
1653 498 1732 533 quae
1745 486 1862 526 omnia,
1878 499 1912 521 ac
1927 489 1952 520 si

1208 534 1390 568 nominatim
1419 535 1684 580 exprimerentur,
1710 535 1816 569 haberi
1833 536 1883 570 hic
1907 549 1956 571 xo-

1207 584 1310 617 lnmus
1335 596 1389 629 pro
1411 584 1602 619 sufficienter
1629 585 1797 631 expressis,
1819 586 1954 620 coniun-

1206 633 1278 666 etim
1304 633 1348 666 rel
1371 633 1516 673 divisim,
1540 634 1570 667 in
1598 646 1713 680 genere
1737 636 1782 668 vel
1811 635 1841 669 iu
1864 648 1956 670 com—

1207 683 1296 716 muni
1321 694 1483 726 concessa,
1505 683 1624 717 eisdem
1641 692 1670 717 et
1685 696 1794 718 eorum
1822 685 1954 719 cuilibet

1207 731 1461 766 praedicatorum
1478 741 1507 767 et
1523 733 1679 767 Miuorum
1697 733 1879 778 fratrumti)
1897 734 1954 769 Or-

1206 781 1348 822 dinibus,
1363 782 1522 825 doinibus,
1540 782 1701 821 tit-etesiis,
1723 785 1877 827 oratoriis,
1892 797 1954 829 ge—

1207 832 1301 865 nerali
1335 832 1506 877 magistro,
1543 833 1708 870 ministro,
1741 833 1896 878 prioribus
1924 842 1954 868 et

1183 876 1359 915 ‘ministris
1394 881 1661 927 provincialibus,
1689 882 1954 918 conventualibus

1182 929 1185 939 ¹
1207 930 1374 975 prioribus,
1402 930 1595 976 guardianis,
1623 930 1804 971 sororibus,
1829 932 1954 976 oblatis,

1205 980 1364 1014 conversis
1378 988 1407 1014 et
1423 980 1587 1027 utriusque
1601 992 1696 1015 sexus
1711 982 1793 1015 tertii
1810 981 1952 1023 Ordinis,

1205 1041 1258 1063 seu
1287 1029 1326 1063 de
1353 1029 1551 1064 Poenitentia
1587 1031 1794 1077 nuncupatis,
1827 1040 1856 1066 et
1883 1032 1952 1066 aliis

1204 1078 1386 1113 eorumdem
1423 1078 1581 1113 Ordiuum
1612 1080 1778 1126 personis,
1804 1081 1843 1114 de
1871 1093 1952 1116 novo

1204 1128 1409 1163 concedimus
1430 1137 1461 1163 et
1484 1129 1514 1163 in
1538 1130 1583 1163 eis
1605 1129 1709 1164 locum
1734 1129 1849 1165 habere
1870 1130 1951 1165 volu-

1205 1191 1287 1217 mus,
1311 1178 1385 1212 acsi
1413 1178 1530 1213 eisdem
1561 1179 1759 1223 nominatim,
1781 1180 1899 1215 directe
1921 1189 1951 1214 et

1203 1239 1351 1274 expresse
1394 1240 1542 1262 concessa
1586 1228 1728 1263 fuissent.
1765 1229 1952 1264 Mandautes

1203 1286 1308 1315 etiam,
1339 1287 1426 1312 motu
1466 1286 1496 1312 et
1529 1286 1659 1312 scientia
1699 1286 1729 1312 et
1767 1286 1952 1313 auctoritate

1204 1326 1381 1372 praedictis,
1410 1335 1442 1360 ut
1460 1327 1534 1361 dum
1560 1326 1820 1374 privilegiorum,
1843 1328 1952 1363 indul-

1202 1377 1378 1421 gentiarum
1391 1378 1449 1419 i2),
1462 1376 1642 1411 facultatum
1653 1385 1683 1411 et
1698 1376 1889 1412 indultorum
1903 1377 1952 1412 di—

1202 1435 1323 1459 ctorum
1339 1425 1467 1459 fratrum
1487 1425 1697 1460 Eremitarum
1713 1425 1746 1460 S.
1766 1427 1951 1473 Augustini,

1201 1475 1440 1509 Carinelitarum
1469 1484 1498 1509 et
1512 1475 1683 1510 Servorum
1707 1475 1741 1509 S.
1757 1476 1874 1511 Mariae
1887 1476 1951 1511 ori-

1201 1524 1323 1570 ginales
1345 1524 1453 1558 literae
1479 1536 1535 1559 seu
1551 1533 1747 1571 transumpta
1771 1525 1949 1560 anthentica

1201 1586 1235 1608 ex
1261 1573 1337 1614 illis,
1366 1585 1421 1620 pro
1448 1582 1477 1608 et
1506 1574 1536 1607 in
1565 1573 1699 1608 favorem
1725 1574 1950 1614 Ecclesiarum,

1200 1623 1366 1657 domorum
1391 1632 1421 1657 et
1446 1623 1574 1657 fratrum
1600 1623 1831 1670 praedictorum
1855 1623 1952 1659 Prae-

1200 1673 1375 1708 dicatorum
1403 1680 1433 1706 et
1459 1672 1618 1707 Minorum
1645 1672 1825 1717 Ordinum,
1847 1673 1951 1708 addu-

1200 1731 1346 1757 cerentur
1370 1721 1416 1756 vel
1439 1723 1676 1762 exhiberentur,
1691 1722 1800 1757 eadem
1826 1722 1904 1758 fides
1919 1725 1949 1757 in

1199 1772 1295 1807 dubia
1323 1771 1526 1811 adhibeatur,
1553 1780 1612 1805 tam
1651 1772 1680 1805 in
1716 1772 1833 1807 iudicio
1855 1784 1949 1819 quam

1200 1831 1284 1856 extra
1308 1820 1463 1856 iudicium
1499 1829 1529 1855 et
1555 1821 1622 1855 aliis
1636 1820 1723 1860 locis,
1739 1821 1855 1869 quibus
1869 1834 1950 1869 opus

1200 1870 1305 1915 fuerit,
1327 1882 1362 1905 ac
1385 1871 1410 1905 si
1435 1882 1490 1917 pro
1517 1879 1547 1905 et
1572 1872 1601 1904 in
1626 1871 1762 1905 savorem
1791 1871 1948 1906 dictorum

1199 1920 1368 1963 Ordinum,
1395 1919 1623 1963 Ecclesiarum,
1645 1920 1811 1955 domorum
1835 1928 1865 1956 et
1892 1919 1948 1955 fra-

1200 1978 1280 2003 trum
1297 1968 1554 2004 Praedicatorum
1583 1979 1612 2004 et
1640 1970 1797 2005 Minorum
1821 1982 1837 2005 3
1864 1969 1948 2005 Sede

1200 2019 1378 2067 &postolica
1402 2029 1613 2063 emanassent,
1635 2033 1671 2055 ac
1698 2020 1744 2054 cis
1764 2029 1795 2055 et
1816 2019 1945 2055 cuilibet

1200 2072 1339 2118 ipsorum
1363 2070 1497 2105 fuissent
1521 2071 1700 2105 immediate
1727 2081 1910 2106 concessae.

1247 2122 1266 2167 g
1294 2124 1344 2155 tlt.
1368 2120 1550 2155 Iuhibeutes
1572 2120 1746 2155 districtius
1770 2120 1848 2176 ipsis
1866 2121 1949 2155 loco-

1200 2184 1266 2205 rum
1296 2170 1444 2205 oidinaii
1439 2183 1474 2211 is,
1497 2170 1558 2205 sub
1592 2170 1746 2205 interdicti
1786 2172 1948 2226 ingressus

1198 2221 1347 2255 ecilesiac
1375 2228 1405 2255 et
1431 2219 1648 2267 suspensionis
1681 2232 1696 2253 a
1737 2220 1889 2267 regimine
1917 2227 1947 2254 et

1198 2270 1466 2305 :ulministratione
1492 2282 1620 2305 suarum
1649 2269 1883 2315 Ecclesiarum,
1910 2281 1946 2304 ac

1199 2321 1424 2368 parochialium
1453 2320 1665 2355 Ecclesiarum
1702 2320 1877 2355 rectoribus
1916 2329 1946 2355 et

1197 2372 1264 2405 aliis
1297 2371 1549 2419 quibuscumque
1565 2397 1574 2413 ,
1602 2369 1662 2404 sub
1687 2370 1946 2406 excommunica-

1199 2423 1292 2456 tionis
1320 2421 1398 2455 latae
1420 2421 1604 2460 sententiae,
1626 2429 1654 2454 et
1683 2419 1866 2467 privationis
1890 2432 1944 2456 ea-

1199 2471 1341 2506 rumdem
1357 2470 1570 2505 Ecclesiarum
1591 2470 1815 2516 parochialium
1832 2478 1861 2504 et
1883 2483 1946 2505 om·

1233 2553 1272 2586 (l)
1291 2551 1373 2587 Ripoll
1391 2551 1451 2586 legit
1467 2552 1599 2578 Minormn
1618 2551 1754 2585 fratribus
1769 2550 1868 2586 (n.·t·.).
1907 2551 1947 2587 (2)

1198 2592 1282 2626 ltipoll
1300 2593 1341 2619 hic
1356 2592 1443 2619 addit:
1465 2593 1722 2626 procreantis-arum,
1743 2594 1946 2625 concessionum,

1198 2636 1403 2665 c.i·ei›ipli'‹›nuiu,
1426 2635 1625 2659 initiiitiii'tttttim
1644 2632 1683 2665 (n.
1703 2631 1752 2666 τ.).

1972 234 2020 260 An.
2042 234 2061 261 C
2087 235 2148 262 iltssl

1976 2130 2074 2152 inhibitio
2094 2136 2148 2151 rnn-

1962 2166 1993 2183 tra
2011 2162 2146 2188 perturbato-
