2281 3251
103 279 152 314 an.
172 287 200 314 c.
218 286 285 314 inas

115 1280 210 1302 catoris
217 1286 285 1308 pruo-

102 1310 183 1333 minent
203 1311 227 1332 ab
246 1312 287 1333 im·

101 1342 240 1364 memorabili.

112 2318 156 2341 Boe
172 2320 227 2342 idom
243 2321 285 2343 ob-

99 2352 209 2373 tinuerunt

99 2381 197 2404 conetur·
216 2387 285 2409 gene-

98 2412 185 2435 rallbus.

937 286 1095 309 EttGENtUS
1119 287 1150 308 lv
1174 287 1221 308 ΙΨ.

301 339 508 375 militudinem
536 339 711 379 conditum,
738 348 767 373 et
806 347 964 386 tamquam
999 340 1047 375 sui

300 389 441 437 corporis
465 397 583 435 partem
613 387 662 422 liis
690 388 859 435 privilegiis
882 398 911 424 et
942 389 1047 423 Ιιοιιο-

301 438 387 473 ribus
416 438 572 472 illustrare
601 437 755 475 decrerit,
780 450 836 473 nec
864 447 913 472 tua
937 438 1049 473 Eccle-

300 488 356 528 sia,
372 488 422 522 cui
440 500 493 533 per
508 486 721 533 Apostolicain
738 486 853 522 Sedent
877 488 1050 534 praefectus

300 549 357 580 es,
390 549 446 571 nce
477 537 644 583 qnisquam
680 536 759 570 alius
795 536 951 572 Ecclesiae
979 551 1050 583 gra-

301 586 361 621 dus
384 586 423 620 ab
444 586 554 620 eodem
577 585 720 619 similiter
745 586 916 632 apostolico
938 587 1051 622 tlirono

300 635 491 682 originaliter
509 634 682 673 institutus,
697 647 777 681 quae
793 636 896 670 omnia
914 636 951 670 de
972 636 1051 683 ipso-

301 697 369 719 rum
386 684 513 719 fratrum
531 691 711 717 nostrorum
727 685 860 719 consilio
875 694 941 720 acta
965 694 1050 725 sunt,

301 734 394 768 ullam
417 733 623 768 succensendi
651 741 703 767 aut
731 735 946 781 conquerendi
976 748 1052 770 cau-

299 795 365 817 sam
397 782 501 822 babet,
529 794 567 816 ne
591 781 666 816 illud
695 783 889 818 adducamus
917 797 1051 829 evange-

300 832 393 867 licum
419 832 560 866 verbum:
584 831 703 871 Amice,
728 845 788 866 ιιοιι
819 833 894 867 fat-51·
924 833 979 868 tibi
998 835 1050 868 in-

301 882 422 919 iuriam,
455 881 607 927 numquid
632 880 707 915 milii
737 894 798 915 non
824 882 891 916 licet
917 882 955 916 de
983 894 1052 917 meo

300 930 402 965 facere
424 930 506 976 quod
532 930 618 964 volo?
636 929 673 963 Et
696 930 778 964 sicut
801 939 832 965 ιιι
856 932 900 965 vis
924 940 968 975 ut,
989 933 1053 978 pri-

301 980 422 1025 vilegiis
446 979 604 1013 Ecclesiae
627 986 697 1013 tuae
724 980 763 1013 ab
791 980 847 1014 bac
873 980 956 1015 Sede
975 993 1052 1015 con-

300 1029 410 1073 cessis,
428 1028 506 1063 aliae
529 1028 670 1063 deferant
695 1028 857 1063 inferiores
880 1029 1052 1070 Ecclesiam

301 1078 339 1112 ita
368 1078 476 1112 eadem
502 1078 620 1111 ratione
649 1089 704 1123 par
730 1085 778 1112 est
810 1087 854 1119 ut,
877 1078 915 1112 ab
942 1080 1050 1113 eadem

300 1126 383 1162 Sede
405 1127 480 1162 buic
513 1127 615 1161 coemi
648 1126 811 1165 instituto,
849 1136 879 1161 tu
909 1128 1053 1163 similiter

300 1175 433 1215 deferas,
460 1184 490 1210 et
513 1176 717 1210 reverentiam
741 1184 890 1222 praestes.

348 1225 368 1272 g
395 1227 447 1259 ¹0.
470 1224 604 1259 Multum
632 1224 723 1259 etiam
754 1237 878 1261 morere
907 1234 936 1260 tc
959 1226 1053 1261 debet

300 1273 447 1309 diuturna
467 1285 522 1320 per
535 1273 741 1308 christianum
763 1275 915 1321 populum
937 1275 1053 1323 ubique

300 1331 420 1358 servata
440 1322 647 1364 consuetudo,
675 1335 767 1370 (quae,
790 1325 910 1359 etiamsi
950 1333 1052 1360 cetera

300 1371 460 1413 deessent,
482 1384 518 1407 ex
537 1384 600 1419 quo
624 1380 685 1407 tam
706 1381 824 1407 vetusta
848 1382 906 1414 est,
931 1382 963 1408 ιιι
985 1374 1053 1408 eius

301 1422 398 1456 initiis
421 1422 573 1456 memoria
602 1434 662 1456 non
686 1428 769 1456 extet
792 1422 820 1456 in
849 1402 1052 1463 emitrarium,

301 1483 357 1518 pro
379 1471 551 1506 constituto
575 1471 640 1505 iure
668 1470 812 1506 habenda
836 1471 926 1512 sorer,
960 1485 1052 1519 prae-

299 1521 408 1556 sertim
425 1519 563 1567 quando,
578 1520 695 1555 sciente
710 1521 943 1567 etapprobante
960 1522 1050 1557 Sum·

301 1581 352 1604 mo
380 1569 543 1609 pontifice,
568 1581 630 1603 non
656 1569 784 1616 quidem
814 1583 890 1613 un0,
917 1571 972 1606 sed
997 1578 1052 1612 tot,

300 1627 377 1666 quot
399 1630 549 1666 umquam
573 1617 682 1653 habuit
707 1618 862 1663 Ecclesia,
891 1620 921 1654 id
949 1628 1052 1656 actum

299 1680 368 1703 esse
390 1667 597 1714 dignoscitur.
618 1667 650 1702 ln
675 1668 823 1702 oninibus
841 1670 925 1703 enim
952 1670 1053 1704 natio-

299 1716 394 1752 nibus
415 1729 452 1751 ac
479 1717 597 1762 regnis,
619 1724 649 1752 et
674 1725 706 1751 ιιι
730 1718 760 1751 ιιι
785 1718 898 1764 Anglia
931 1732 1053 1754 memo-

300 1766 437 1802 ravimus
479 1765 647 1806 hactenus,
681 1766 865 1802 huiusmodi
899 1770 1052 1814 praeemi-

299 1816 426 1851 nentiae
458 1815 668 1850 cardinalibus
703 1816 824 1851 delatus
846 1825 892 1851 est
928 1818 1051 1859 bonor,

299 1865 353 1912 qui
376 1865 504 1912 quidem
529 1877 590 1899 non
615 1873 674 1898 tam
699 1865 791 1911 ipsis,
819 1878 912 1914 quam
937 1866 1051 1909 nobis,

298 1926 371 1949 cum
401 1921 506 1949 nostra
532 1914 595 1948 sint
623 1915 780 1955 membra,
814 1915 942 1950 attribui
976 1929 1053 1951 cen-

298 1963 417 1998 sendus
439 1970 496 1998 est.
518 1963 584 1998 Nec
608 1963 714 1997 minus
738 1963 787 1998 his
809 1964 971 2000 Ecclesiae
992 1965 1052 2001 Ro-

298 2024 409 2047 manae
432 2011 640 2053 consuetudo,
659 2024 739 2059 quae
762 2022 871 2060 caput,
895 2027 1002 2050 norma
1022 2023 1052 2050 ct

299 2061 445 2108 magistra
469 2069 516 2096 est
535 2061 725 2108 reliquarum
744 2062 967 2108 Ecclesiarum,
1003 2064 1052 2099 id-

298 2111 401 2158 ipsum
426 2110 479 2146 tibi
499 2111 698 2158 persuadeat,
721 2124 782 2158 qua
805 2125 942 2160 semper,
966 2114 1051 2148 nullo

298 2172 449 2208 umquam
469 2160 714 2202 contradicente,
730 2161 759 2196 in
775 2163 898 2197 cunctis
917 2164 1050 2204 actibus,

298 2209 554 2257 quibuscumque
560 2209 723 2266 praelatis
731 2211 949 2258 praelionorati
966 2222 1049 2248 sunt.

348 2261 436 2302 gn.
452 2259 565 2294 Idem
559 2272 588 2294 ιιι
604 2260 741 2307 antiquis
758 2261 958 2306 generalibus
973 2275 1051 2296 con-

298 2308 391 2351 ciliis,
415 2309 594 2355 praesertim
620 2309 648 2343 in
672 2309 798 2344 duobus
827 2310 849 2344 Ι
854 2311 1051 2357 ngdnnensi-

299 2357 370 2398 bus,
401 2359 430 2392 in
462 2371 526 2393 uuo
554 2359 754 2405 praesidente
782 2358 966 2394 Innocentio
998 2361 1050 2401 lV,

299 2408 331 2442 in
353 2408 450 2442 altero
471 2407 626 2454 Gregorio
648 2408 688 2452 X,
711 2420 846 2455 quorum
871 2409 975 2445 adhuc
1001 2422 1052 2445 ex-

299 2464 364 2492 tant
392 2466 480 2498 acta,
507 2458 656 2492 usitatum
691 2457 756 2492 fuit.
786 2458 839 2493 Sic
873 2466 903 2492 et
939 2460 969 2494 in
1004 2460 1052 2494 liis

297 2506 428 2554 synodis
450 2507 575 2551 nostris,
604 2516 709 2542 nostra
737 2515 836 2542 aetate
862 2508 1051 2551 celebratis,

297 2555 336 2591 de
369 2555 487 2603 quibus
513 2557 605 2591 etiam
640 2556 722 2604 apud
754 2569 886 2603 regnum
919 2558 1050 2604 Angliae

299 2617 361 2641 non
385 2606 476 2653 pauci
505 2614 679 2653 supersunt
715 2615 826 2651 testes,
850 2606 1050 2643 observatum

298 2666 369 2691 esse
392 2655 492 2703 palam
508 2663 566 2698 est,
589 2655 776 2691 absentibus
798 2655 892 2692 etiam
911 2655 1052 2693 Summis

1747 279 1790 309 57

1091 340 1308 380 Pontilicibu83
1333 340 1414 374 idem
1444 347 1473 374 et
1503 352 1603 383 nunc,
1637 340 1728 375 uobis
1751 354 1843 388 prae-

1091 390 1280 433 sidentibus,
1305 390 1335 423 ιιι
1360 389 1418 423 lioc
1440 400 1529 423 sacro
1550 390 1756 424 oecumenico
1775 403 1843 425 ser-

1093 447 1180 474 vatur
1204 439 1386 474 Florentino
1413 438 1558 472 concilio

1140 491 1227 532 5112.
1253 488 1308 523 His
1331 500 1457 536 quoque
1486 487 1561 522 illud
1590 488 1731 527 accedat,
1758 488 1841 535 quod
1862 502 2045 525 tnomntbusnen-

1093 540 1122 572 in
1151 538 1317 573 sententiis
1344 546 1372 571 et
1396 537 1531 571 decretis
1560 545 1620 571 tam
1645 537 1740 572 liuius
1769 550 1844 572 sau-
1858 535 2000 592 {ffi'hffim
1995 538 2045 585 ³¹2⁶

1092 595 1158 622 etue
1176 587 1281 627 Sedis
1296 600 1390 634 quain
1405 586 1600 633 generalium
1623 587 1844 630 conciliorum,
1859 595 1898 615 hos
1931 601 2044 616 nommau

1092 649 1163 670 cum
1181 637 1219 671 dc
1234 636 1443 681 dignitatibus
1467 636 1650 670 nominatim
1669 636 1699 669 lit
1714 637 1844 680 mentio,
1860 630 1891 646 ¹¹¹¹

1093 686 1142 720 illa
1159 665 1298 720 clausula
1322 685 1412 720 adiici
1436 685 1527 723 solet,
1561 697 1621 719 non
1646 685 1845 720 obstantibus

1093 735 1118 768 si
1146 735 1367 778 cardinalatus,
1393 734 1611 781 patriarchali,
1635 734 1846 781 archiepisco—

1095 784 1171 828 pali,
1196 784 1365 830 episcopali
1387 797 1441 818 seu
1458 784 1515 818 alia
1539 796 1739 831 quacumque
1756 796 1847 831 prac—

1094 833 1207 878 fulgcat
1230 833 1393 879 dignitate,
1417 845 1473 880 per
1494 833 1579 881 quod
1603 846 1640 868 ex
1662 833 1771 867 ordine
1794 846 1848 868 no-

1094 882 1232 915 minandi
1238 895 1334 929 ,quae
1351 883 1390 916 sit
1408 883 1505 917 maior
1519 882 1694 917 luculenter
1706 891 1845 930 apparet.

1143 931 1163 977 g
1204 934 1254 966 15.
1291 931 1356 965 Nec
1389 939 1536 967 causetur
1570 932 1726 979 quispiam
1761 932 1845 978 quod
1875 947 2048 974 inpraetsoni-

1093 980 1171 1014 ordo
1208 980 1399 1028 ιρι5οοριιΙι5
1433 981 1629 1029 presbyterio
1658 993 1756 1016 maior
1783 982 1821 1016 sit
1861 978 1899 998 ¹³⁰⁵
1955 978 2046 1003 “mmm

1838 1009 1846 1022 9

1094 1029 1242 1076 quoniam
1268 1031 1297 1063 ιιι
1321 1030 1478 1065 eiusmodi
1500 1030 1756 1076 praelationibus,
1778 1030 1847 1065 effi·
1860 1008 2048 1067 {ssssdjssssssa'efffin

1094 1079 1178 1112 cium
1212 1091 1247 1114 ac
1275 1079 1413 1125 dignitas
1440 1079 1504 1113 sive
1541 1079 1719 1114 iurisdictio
1755 1092 1847 1126 prae—
1861 1071 2048 1126 31¹³,2,¹.¹0⁰‚⁰:{§³Js,

1096 1128 1246 1174 ponderat
1263 1129 1378 1163 ordini.
1402 1128 1704 1171 Quemadmodum
1699 1141 1764 1163 turc
1780 1141 1847 1163 cau-
1862 1137 1944 1152 ’ΨΜ
1972 1130 2049 1182 Eccsse·

1094 1184 1158 1211 tum
1182 1185 1239 1218 est,
1264 1185 1296 1212 ιιι
1317 1177 1560 1212 arcliidiaionus
1588 1190 1649 1212 non
1675 1178 1847 1225 presbyter,
1862 1163 2045 1214 iiiiiiimiiwm

1094 1238 1169 1261 suae
1197 1227 1425 1262 iurisdictionis
1451 1227 1598 1270 obtentu,
1626 1227 1849 1275 archipresb)-

1095 1283 1160 1310 tero
1180 1276 1384 1323 praefer-atum
1404 1276 1497 1311 simili
1519 1276 1613 1311 inodo
1629 1276 1781 1311 diaconus
1802 1276 1846 1310 vel

1093 1325 1321 1366 subdiaconus,
1342 1325 1463 1361 aliusve
1492 1326 1626 1360 clericus
1650 1335 1768 1365 noster,
1797 1333 1849 1359 aut

1093 1373 1230 1409 alicuius
1247 1375 1477 1422 metropolitani
1503 1375 1639 1409 vicarius
1655 1387 1709 1409 sen
1732 1374 1849 1409 locum-

1094 1432 1205 1459 tenens
1229 1425 1258 1458 in
1281 1425 1403 1472 synodo
1426 1432 1455 1458 et
1478 1425 1566 1465 alibi,
1589 1424 1665 1458 alios
1691 1436 1849 1471 quocum-

1094 1485 1155 1520 que
1169 1473 1279 1507 ordine
1298 1475 1442 1514 maiores,
1458 1474 1549 1507 etiam
1567 1474 1745 1520 episcopos,
1759 1482 1849 1508 antc-

1094 1522 1189 1567 cedit,
1213 1532 1341 1570 propter
1361 1523 1444 1557 illius
1471 1522 1732 1561 iurisdictionem,
1752 1535 1846 1569 quam

1094 1581 1231 1616 exercet,
1259 1581 1289 1607 et
1313 1584 1479 1619 personam
1504 1584 1598 1619 quam
1623 1580 1846 1619 repraesentat.

1094 1620 1148 1656 Sic
1171 1629 1201 1656 et
1221 1622 1340 1657 electus
1363 1622 1400 1657 ad
1424 1621 1599 1656 Ecclesiam
1635 1621 1846 1657 cathedralem

1094 1678 1123 1704 et
1146 1671 1362 1727 confirmatus,
1387 1683 1577 1719 quamquam
1608 1670 1748 1705 nondum
1769 1683 1847 1705 con-

1094 1729 1245 1764 secratus,
1270 1721 1388 1755 rationo
1412 1720 1653 1763 iurisdictionis,
1672 1720 1797 1755 cunctis
1817 1720 1846 1754 in

1093 1781 1149 1804 sua
1177 1769 1315 1804 dioecesi
1352 1770 1545 1817 praesminet.
1573 1769 1652 1811 Quis
1679 1781 1753 1816 ergo
1787 1770 1846 1804 iam

1093 1818 1246 1853 dubitarit
1273 1831 1344 1853 eum
1369 1820 1422 1866 qui
1455 1819 1525 1853 talia
1554 1819 1619 1853 iura
1648 1827 1678 1853 et
1709 1831 1846 1853 canones

1094 1868 1246 1909 condidit,
1263 1877 1291 1902 et
1311 1868 1401 1902 talem
1426 1867 1494 1903 aliis
1517 1868 1625 1902 tribuit
1649 1875 1844 1915 potestatem,

1095 1929 1185 1963 posse
1208 1917 1365 1962 eamdem,
1384 1930 1454 1952 cuni
1473 1917 1549 1957 vult,
1562 1926 1591 1952 et
1609 1918 1757 1952 maiorem
1780 1917 1846 1952 suis

1095 1967 1245 2001 membris
1268 1967 1430 2002 tribuere?
1453 1967 1484 2002 Si
1505 1967 1577 2014 quis
1600 1967 1676 2001 l'orte
1695 1966 1846 2001 obiecerit

1095 2017 1207 2063 prioris
1226 2016 1390 2063 dignitatis
1406 2017 1510 2063 potius
1528 2028 1597 2051 esse
1619 2017 1771 2050 tationem
1786 2015 1844 2050 ha-

1094 2066 1240 2106 bendam,
1263 2079 1357 2121 quam
1382 2066 1593 2101 cardinalatus
1614 2065 1653 2100 de
1676 2077 1756 2100 novo
1777 2065 1845 2100 col-

1094 2116 1163 2160 lati,
1191 2128 1261 2150 cum
1286 2129 1315 2150 ιιι
1340 2116 1434 2162 regiis
1461 2115 1642 2150 tractatibus
1677 2127 1713 2150 ac
1741 2114 1845 2162 parla-

1093 2178 1209 2204 mentis
1219 2170 1360 2217 quilibet
1378 2179 1409 2205 ut
1425 2182 1499 2205 suae
1515 2169 1674 2204 Ecclesiae
1689 2168 1844 2215 praelatus

1095 2237 1155 2259 non
1181 2233 1212 2259 ut
1236 2224 1404 2259 cardinalis
1427 2224 1560 2263 intersit;
1578 2223 1653 2258 liuic
1673 2222 1843 2257 obiectioni

1092 2277 1220 2312 evidens
1249 2277 1418 2324 respondet
1445 2278 1533 2312 ratio.
1561 2276 1654 2321 Nam,
1673 2289 1745 2311 cum
1772 2289 1844 2323 per-

1092 2344 1187 2366 sonae
1210 2332 1271 2366 sint
1294 2331 1536 2372 ecclesiasticae,
1557 2332 1639 2366 sicut
1666 2339 1778 2365 statuta
1807 2343 1843 2365 ac

1094 2385 1254 2432 privilegia
1277 2398 1405 2420 suarum
1423 2385 1639 2421 Ecclesiarum
1656 2385 1686 2419 in
1707 2384 1754 2419 liis
1765 2384 1843 2418 acti·

1093 2439 1152 2474 bus
1173 2448 1314 2481 servant,
1343 2440 1442 2475 multo
1471 2439 1569 2485 magis
1596 2438 1756 2474 Romanae
1778 2436 1842 2472 Ec-

1092 2495 1220 2538 clesiae,
1242 2495 1292 2529 cui
1322 2494 1446 2529 vinculo
1479 2493 1674 2529 obedientiae
1701 2491 1840 2526 adstricti

1092 2557 1178 2592 sunt,
1193 2547 1353 2596 privilegia
1370 2555 1400 2582 et
1415 2555 1527 2583 statuta
1543 2559 1665 2582 servare
1683 2553 1838 2580 tenentur.

1092 2602 1219 2645 Quibus
1241 2614 1298 2636 nec
1323 2601 1407 2648 ipsae
1431 2613 1582 2648 personae
1597 2599 1840 2643 ecclesiasticae,

1094 2669 1151 2692 nec
1173 2656 1223 2692 alii
1247 2656 1455 2704 quicumque,
1482 2663 1638 2702 tamquam
1667 2652 1840 2693 inferiores.

1858 290 1905 316 An.
1923 290 1951 316 C.
1973 291 2041 318 11138
