2281 3251
244 245 293 273 Αη.
313 247 342 272 Γ..
361 246 427 273 1507

493 235 563 269 469.

443 302 555 348 rigere,
571 314 606 337 ac
630 311 798 349 processus
819 313 930 336 omnes
952 303 1122 348 gratiarum
1146 313 1198 336 ex-

444 351 691 398 pectativaium,
719 362 800 398 quae
836 363 899 386 non
934 358 1009 385 sunt
1038 350 1069 384 in
1098 350 1197 386 forma

445 402 621 447 pauperum
637 401 682 435 vel
706 401 736 434 in
760 399 858 435 forma
880 401 1028 446 Diymim,
1042 408 1197 447 quantum

443 451 588 486 executio
611 450 650 484 de
672 449 858 485 necessitate
886 450 915 484 in
947 449 1088 496 partibus
1110 462 1197 485 com-

444 501 591 543 mittitur,
603 507 697 546 atque
713 511 881 547 processus
894 511 1114 547 quoscumque
1128 500 1200 534 alia-

444 562 512 584 rum
546 549 786 604 provisionum,
810 549 915 596 twigoie
939 549 1098 584 literarum
1122 561 1199 596 apo-

443 599 646 638 stolicarum,
669 599 760 634 etiam
786 598 1050 634 l’ocnitentiariae
1074 607 1198 634 nostrae

444 648 601 691 faciendo,
624 648 795 683 fulminent
808 657 838 683 et
852 648 1036 693 decernant,
1050 660 1199 696 expresse

444 698 630 733 mandantes
665 697 788 733 dilectis
822 698 892 733 liliis
926 698 1199 733 abbreviatorihus

443 747 689 795 etscriptoribus
703 748 897 803 apostolicis,
906 756 936 782 ut
954 748 984 782 in
1000 747 1199 783 confectione

444 797 604 832 literarum
628 805 728 852 apost.
757 810 855 853 super
887 798 963 845 ipsis
985 797 1199 845 processibus,

443 859 526 881 unus
547 860 585 882 ex
607 847 653 882 eis
679 847 716 881 ad
745 848 852 882 minus
875 847 967 882 iudex
1002 846 1199 887 adhibeatur,

443 904 473 931 et
495 906 653 943 quatenus
676 897 706 930 in
736 896 819 932 bulla
858 909 920 931 non
957 896 1048 931 suerit
1084 908 1198 932 nomen

443 946 576 981 alicuius
611 958 647 981 ex
683 946 730 981 eis
765 958 979 994 expressum,
1003 958 1039 980 ex
1064 954 1140 982 tunc
1168 948 1198 981 in

443 1004 533 1031 antea
557 996 750 1042 intelligatur
771 996 966 1044 appositum3
990 996 1155 1051 possitque
1171 1005 1200 1031 et

444 1045 556 1080 debeat
579 1045 680 1081 dictos
703 1057 883 1093 processus,
908 1045 1039 1093 perinde
1055 1046 1127 1081 acsi
1143 1058 1200 1081 cx-

444 1106 552 1141 presse
573 1095 736 1130 adhibitus
761 1104 861 1135 essct,
890 1094 1058 1130 fulminare
1090 1104 1120 1130 et
1143 1095 1200 1131 de-

443 1156 590 1189 cernere,
625 1145 678 1192 qui
715 1146 839 1180 nonnisi
870 1145 898 1179 in
929 1145 997 1179 loeo
1030 1144 1124 1180 ollicii
1148 1146 1199 1180 vel

444 1206 549 1230 coram
572 1194 677 1242 aliquo
700 1207 738 1229 cx
765 1195 860 1229 dictis
887 1194 1097 1241 scriptoribus
1127 1207 1200 1242 pro-

443 1255 568 1278 cessum
593 1244 765 1279 decernere
788 1245 898 1291 possit.
922 1243 987 1278 Ncc
1012 1244 1102 1279 liceat
1124 1245 1200 1279 cui—

445 1293 527 1340 piam
551 1294 639 1328 alteri
663 1294 694 1328 in
723 1293 804 1329 dicta
833 1293 928 1328 Curia
953 1305 1122 1340 processus
1144 1293 1200 1329 de-

443 1354 586 1384 cernere,
610 1343 685 1391 quin
710 1355 765 1390 per
791 1342 929 1391 aliquem
954 1354 991 1377 cx
1014 1343 1109 1378 dictis
1120 1344 1198 1378 scri-

446 1392 592 1439 ptoribus
619 1392 839 1428 subscribatur
866 1402 895 1427 et
920 1391 1101 1439 publicetur
1128 1405 1198 1428 cum

443 1441 535 1487 signo
562 1450 591 1476 et
615 1442 848 1488 subscriptione
872 1443 996 1489 propria
1019 1454 1054 1476 ac
1077 1454 1201 1489 appen—

443 1492 532 1526 sioue
559 1491 652 1538 sigilli
675 1491 782 1526 officii.
808 1491 872 1525 lllis
896 1491 1097 1538 processibus
1111 1492 1202 1527 dum-

445 1548 525 1576 taxat
547 1541 702 1588 exceptis,
717 1553 854 1588 quorum
877 1541 984 1576 literae
999 1541 1128 1587 gratiam
1145 1554 1199 1576 seu

445 1590 595 1625 iustitiam
633 1599 862 1626 concernentes
893 1590 1075 1636 diriguntur
1106 1590 1199 1626 alicui

443 1651 480 1674 ex
504 1639 629 1675 dilectis
664 1640 736 1674 filiis
771 1652 936 1675 causarum
963 1640 1073 1675 Palatii
1103 1641 1199 1676 nostri

444 1698 473 1723 et
497 1690 649 1724 Gamerae
673 1689 828 1737 praefatae
850 1690 1049 1725 auditoribus
1070 1702 1127 1725 seu
1150 1703 1202 1725 eo-

446 1751 513 1774 rum
548 1738 827 1784 locatenentibus,
849 1748 899 1774 aut
927 1739 998 1775 aliis
1031 1740 1200 1775 ordinariis

445 1789 490 1823 vel
523 1788 676 1835 delegatis
703 1789 863 1824 iudicibus
898 1801 960 1824 non
995 1789 1200 1825 inferioribus

444 1838 616 1886 episcopis,
640 1838 669 1873 in
691 1838 836 1874 Romana
859 1838 955 1874 Curia
977 1839 1199 1880 residentibus,

445 1887 562 1934 quihus
596 1888 690 1924 etiam
727 1888 822 1923 licere
854 1888 1001 1924 volumus
1033 1901 1200 1936 processus

445 1937 636 1982 decernere,
658 1937 850 1979 dummodo,
877 1937 981 1985 quoad
1018 1938 1105 1986 ipsos
1131 1939 1200 1986 epi—

444 1998 559 2034 scopos
581 1995 611 2022 et
638 1987 806 2035 praelatos,
828 1999 995 2035 processus
1017 1988 1198 2023 huiusmodi

446 2048 500 2082 per
523 2049 622 2072 unum
643 2049 682 2073 ex
705 2036 798 2072 dictis
821 2037 1030 2084 scriptoribus
1056 2037 1200 2073 subscri-

447 2090 569 2126 bantur.
596 2090 727 2127 Necnon
750 2091 857 2139 copias
877 2091 942 2126 sive
964 2098 1054 2126 notas
1077 2091 1200 2127 instru—

446 2152 624 2180 mentorum
658 2157 694 2181 ac
725 2153 852 2193 sumpta
885 2157 922 2180 ex
955 2145 1024 2193 ipso
1062 2146 1200 2181 archivio

445 2199 636 2235 extrahenda
664 2199 841 2236 auscultare
865 2208 896 2235 et
921 2200 1097 2247 approbare
1125 2213 1197 2235 cum

444 2253 676 2300 subscriptione
699 2266 812 2290 manus
840 2254 998 2301 propriae,
1022 2255 1108 2289 iuxta
1131 2267 1199 2290 mo-

446 2319 510 2342 rem
534 2307 668 2348 habens,
691 2308 793 2343 verbis
813 2307 959 2343 videlicet
979 2309 1144 2354 Smnptum
1162 2322 1200 2344 ex

446 2362 573 2406 registro
599 2363 792 2407 scriptorum
805 2363 938 2397 archivii
959 2363 1118 2397 Romanae
1139 2363 1198 2397 Cu-

445 2415 523 2458 riae,
543 2423 570 2449 et
590 2417 797 2451 auscultatam
817 2428 872 2462 per
887 2428 932 2450 me
950 2417 1006 2456 N„
1027 2417 1111 2450 itlius
1132 2429 1198 2450 ma-

443 2470 575 2513 yistrum
601 2478 821 2510 correctorem,
847 2478 873 2504 et
899 2472 1073 2505 concordat.
1109 2472 1199 2511 Quae

447 2532 537 2558 uotae
563 2531 593 2558 ct
620 2532 747 2571 sumpta
775 2524 900 2559 extendi
925 2524 1131 2559 nihilominus
1149 2523 1197 2558 ‹le-

447 2576 541 2611 heant
563 2589 618 2624 per
645 2578 790 2625 proprios
813 2578 963 2619 notarios,
990 2578 1015 2612 si
1038 2577 1199 2625 supersue-

448 2630 518 2670 rint,
538 2631 584 2666 vel
613 2631 714 2667 dictae
741 2632 894 2668 Gamerae
932 2632 1109 2668 auditorem
1133 2631 1198 2667 Ro—

1020 246 1207 270 tietmarum!
1233 246 1396 270 nomast-tt

1241 314 1351 337 manae
1384 302 1499 337 Curiae
1527 301 1662 337 iudicem
1699 301 1917 346 ordinarium,
1943 302 1994 336 vel

1240 351 1333 386 etiam
1367 363 1425 398 per
1459 363 1557 386 unum
1581 364 1619 387 ex
1642 351 1734 386 dictis
1769 350 1899 386 notariis
1930 351 1995 386 sive

1241 400 1448 448 scriptoribus
1474 401 1621 446 archivii,
1658 413 1730 436 cum
1767 400 1995 448 approbatione

1241 450 1438 494 correctoris,
1449 458 1541 497 prout
1557 450 1697 498 partibus
1711 450 1878 485 ridebitur.
1894 450 1996 498 Ipsis-

1241 511 1303 554 que
1328 499 1548 534 instrumentis
1575 500 1642 535 tel
1657 501 1794 548 sumptis
1825 508 1935 540 stetur,
1965 508 1996 534 et

1241 562 1286 583 eis
1309 549 1387 584 fides
1410 548 1539 584 indubia
1560 549 1780 585 adhibeatur
1774 562 1804 585 in
1830 550 1949 585 iudicio
1964 558 1995 584 et

1242 607 1338 639 extra
1361 598 1464 646 quoad
1500 607 1647 634 contenta
1676 599 1707 634 in
1730 599 1787 641 eis,
1811 599 1971 647 perinde
1965 611 1996 634 in

1242 648 1390 683 omnihus
1412 656 1443 683 et
1465 660 1521 696 per
1543 649 1660 689 omnia,
1683 660 1718 684 ac
1741 649 1765 683 si
1790 661 1844 696 per
1860 649 1998 684 notarios

1242 698 1430 743 originarios
1454 698 1526 733 inde
1550 708 1675 745 rogatos
1698 698 1769 733 data
1792 698 1938 734 tuissent.

1291 748 1311 794 ξ
1336 750 1391 783 to.
1427 747 1596 795 Possitque
1623 747 1793 794 collegium
1817 748 1919 795 ipsum
1945 759 2000 795 per

1242 808 1352 831 eorum
1377 805 1573 832 correctores
1591 805 1622 832 et
1643 798 1778 833 clericos
1800 796 2000 845 deputandos

1244 858 1298 892 per
1311 859 1397 892 eum,
1415 858 1521 882 creare
1543 847 1682 882 notarios
1705 846 1930 895 undecumque
1946 859 2001 882 ve-

1244 896 1377 937 nientes,
1400 897 1635 944 cuiuscumque
1651 897 1802 942 nationis,
1825 904 1855 932 et
1878 903 2001 932 creatos

1244 958 1299 993 per
1325 946 1415 990 alios,
1443 946 1584 993 exceptis
1611 946 1801 981 officialibus
1824 946 2000 994 perpetuis,

1245 995 1385 1031 volentes
1412 996 1636 1031 tabellionatus
1661 996 1801 1032 officium
1819 996 1850 1030 in
1869 995 1955 1031 Urbe
1971 1003 2002 1031 et

1243 1044 1387 1081 districtu
1415 1045 1485 1081 eius
1506 1057 1666 1086 exercere,
1689 1046 1882 1086 exaniinare;
1897 1053 1927 1080 et
1949 1057 2003 1080 re-

1245 1103 1348 1140 pertos
1377 1095 1606 1131 insufficientes
1629 1095 1668 1130 ab
1691 1095 1841 1130 exercitio
1860 1094 1936 1130 dicti
1952 1094 2003 1130 of·-

1244 1144 1305 1179 {icii
1330 1153 1483 1200 perpetuo
1507 1144 1553 1180 vel
1582 1145 1620 1180 ad
1650 1154 1777 1192 tenipus
1803 1143 2002 1192 suspendere

1245 1194 1290 1229 vel
1318 1195 1452 1241 privare;
1484 1203 1514 1230 et
1543 1194 1676 1230 idoneos
1707 1194 1884 1242 approbare
1912 1201 1942 1229 et
1969 1194 2001 1228 in

1245 1244 1408 1279 matricula
1431 1253 1459 1279 et
1482 1244 1622 1280 archivio
1644 1244 1836 1289 describere,
1856 1244 1897 1278 ita
1916 1243 2001 1291 quod

1245 1305 1299 1340 per
1333 1306 1388 1328 eos
1423 1306 1484 1329 non
1521 1293 1688 1342 approbati
1721 1305 1825 1341 neque
1852 1293 2001 1341 descripti

1243 1342 1383 1378 officium
1401 1343 1624 1379 tabellionatus
1639 1343 1824 1378 huiusmodi
1841 1354 2001 1384 exercere,

1243 1401 1273 1427 et
1309 1393 1337 1426 in
1372 1392 1459 1428 Urbe
1493 1393 1540 1428 vel
1575 1394 1646 1428 eius
1681 1393 1828 1428 districtu
1869 1392 2001 1427 minime

1244 1442 1377 1488 possint,
1405 1450 1435 1477 et
1461 1443 1486 1477 si
1518 1450 1636 1478 temere
1671 1454 1705 1477 se
1741 1441 2001 1483 immiscuerint,

1243 1507 1351 1530 eorum
1381 1497 1489 1543 rogitis
1516 1504 1547 1531 et
1569 1496 1792 1532 instrumentis
1811 1495 1896 1531 nulla
1921 1494 2000 1530 fides

1243 1548 1442 1591 adhibeatur,
1461 1558 1493 1585 ut
1515 1563 1609 1598 supra
1634 1550 1753 1585 dictum
1769 1557 1829 1595 est,
1843 1557 1874 1585 et
1889 1550 2002 1598 poenis

1243 1603 1430 1651 subscriptis
1453 1605 1650 1640 subiaceant.

1291 1658 1311 1705 S
1340 1660 1396 1693 tt.
1426 1659 1534 1694 Valeat
1555 1659 1648 1694 etiam
1678 1658 1797 1694 dictum
1827 1657 1998 1705 collegium

1244 1713 1419 1759 legitimare
1443 1726 1604 1749 manseres
1626 1722 1657 1749 et
1679 1713 1844 1749 bastardos
1867 1713 1897 1748 in
1913 1712 1999 1748 Urbe

1243 1774 1272 1801 et
1300 1775 1364 1802 toto
1392 1768 1533 1803 dominio
1555 1768 1720 1803 Romanae
1746 1767 1909 1802 Ecclesiae
1931 1779 1999 1802 me-

1243 1821 1324 1856 diate
1352 1822 1402 1856 vel
1425 1822 1606 1857 immediate
1627 1822 1784 1862 subiecto,
1799 1833 1834 1856 ac
1849 1821 2000 1856 ubicum-

1242 1887 1304 1922 que
1327 1887 1385 1910 nos
1419 1888 1456 1911 ac
1489 1888 1691 1911 successores
1719 1875 1894 1922 praedictos
1921 1875 2002 1910 resi-

1243 1929 1318 1965 dere
1341 1929 1534 1976 contigerit,
1555 1941 1626 1964 cum
1663 1929 1803 1965 clausula
1837 1937 2000 1970 consueta,

1243 1985 1318 2018 Sine
1340 1985 1536 2029 praeiudicio
1558 1991 1614 2018 etc.

1291 2037 1311 2083 g
1340 2039 1395 2071 «12.
1426 2037 1711 2084 Adhibeanturque
1735 2037 1924 2085 interpretes
1946 2045 1999 2072 te-

1242 2091 1358 2130 stium,
1396 2103 1625 2139 processuum,
1664 2092 1945 2127 instrumentorum
1969 2099 1999 2126 et

1242 2146 1470 2193 scripturarum
1499 2147 1529 2180 in
1565 2146 1714 2181 omuibus
1740 2146 1847 2181 causis
1875 2153 1906 2180 et
1938 2157 1996 2180 ne-

1242 2199 1351 2245 gotiis,
1379 2213 1460 2247 quae
1483 2201 1512 2235 in
1536 2199 1680 2236 Romana
1713 2198 1809 2235 Curia
1831 2207 1998 2246 geruntur,

1244 2254 1273 2288 in
1296 2254 1414 2301 quibus
1437 2254 1626 2302 interpretes
1647 2261 1854 2290 assumuntur
1875 2253 1912 2288 ad
1932 2253 1999 2289 ele-

1243 2308 1379 2343 ctionem
1394 2308 1543 2355 partimn,
1558 2316 1588 2343 et
1612 2320 1668 2355 pro
1690 2307 1784 2343 dictis
1802 2307 1997 2343 convenien-

1243 2371 1304 2395 tem
1329 2362 1523 2402 mercedem,
1539 2362 1668 2396 arbitrio
1691 2361 1845 2396 auditoris
1867 2361 1932 2396 sive
1949 2361 1999 2395 iu-

1243 2416 1322 2450 dicis
1349 2427 1461 2451 causae
1489 2415 1725 2456 moderandam,
1756 2415 1925 2462 accipiant.
1953 2415 1997 2450 lta

1243 2479 1345 2504 tamen
1381 2469 1466 2517 quod
1496 2470 1577 2504 iuter
1603 2469 1705 2504 dictos
1737 2470 1908 2517 scriptores
1934 2468 1996 2503 sint

1241 2524 1364 2571 aliqui,
1390 2524 1445 2570 qui
1480 2523 1593 2558 idioma
1610 2550 1618 2563 ,
1646 2523 1684 2557 de
1711 2535 1775 2569 quo
1809 2523 1874 2558 fieri
1902 2522 1999 2558 debet

1244 2577 1470 2626 interpretatio,
1495 2577 1689 2623 intelligant,
1717 2584 1748 2610 et
1774 2577 1943 2624 explanare
1964 2583 1996 2610 et

1244 2632 1438 2679 interpretari
1464 2632 1581 2666 valeant
1606 2630 1855 2677 intelligibiliter.

2011 250 2061 277 An.
2081 250 2193 278 (1.1507

2019 766 2134 791 cuttogium
2141 768 2201 786 erent

2015 798 2118 821 nulnr1053

2029 1669 2153 1696 Legitimam
2164 1669 2197 1690 hn—

2015 1704 2098 1723 sunt-is
2119 1703 2140 1723 in
2159 1703 2202 1723 do-

2015 1739 2033 1752 m
2044 1734 2078 1754 nio
2094 1733 2172 1760 Papam

2022 2046 2154 2074 Interpretes
2166 2049 2201 2067 te-

2015 2079 2076 2099 stium
2091 2080 2129 2098 etc.
2149 2078 2200 2102 siut,
