2281 3251
214 217 263 242 An.
282 216 310 243 C.
330 215 390 242 tbut

282 720 401 740 differentia

218 752 301 771 hatnnn
319 751 401 776 protec-

218 789 288 803 torum
305 786 325 803 et
341 785 402 802 nnti-

218 818 301 836 tiorum.
318 821 341 834 ar
358 816 401 834 dis-

218 848 322 866 tinctione
347 847 405 865 obt..-

218 880 286 898 tnrum
312 882 332 898 et
359 881 402 898 ter-

218 911 334 931 uariorum.

462 206 530 239 58ss

411 270 501 305 cedat
529 272 558 304 in
588 271 761 311 iudiciuin,
788 268 920 314 singulis
957 267 1165 301 hclnloinadis

412 320 508 355 semel
527 320 565 355 ad
587 320 703 363 minus,
726 318 924 352 confessione
946 316 1164 351 sacramentali

412 370 621 405 conscientias
639 378 755 403 vestras
781 368 919 414 expiate3
941 375 971 401 et
998 379 1070 401 cum
1099 366 1166 400 dies

413 419 705 455 communicationis
731 418 915 461 advenerit,
951 417 979 450 in
1004 416 1166 464 capitulo.

413 471 504 517 signo
539 469 683 516 praevio,
718 468 777 502 nisi
814 479 906 502 causa
942 478 996 501 vos
1024 476 1166 511 excuset,

413 520 516 568 aliqua
541 518 797 554 reconciliatione
821 525 960 564 purgate.

710 588 791 624 Car.
815 588 868 624 Ill.

464 663 484 710 S
501 667 556 698 ¹5.
573 661 762 697 Indumenta
776 670 836 695 tam
853 660 1061 707 praelatorum
1074 672 1168 708 quam

416 712 617 749 subditorum
637 712 706 747 sine
728 711 906 746 differentia
928 712 990 744 sint
1012 710 1051 744 de
1067 723 1170 756 panno

417 776 454 799 ex
482 764 550 798 lana
580 762 727 810 pecorina
755 761 840 807 nigra
868 769 898 794 et
920 761 989 795 sine
1017 760 1168 794 tinctura:

418 814 459 848 sit
483 822 586 848 autem
611 811 749 855 habitus,
772 819 804 845 ut
826 810 919 845 tibiae
936 818 1091 857 tegantur,
1116 822 1171 844 us-

419 875 481 911 que
496 862 532 898 ad
548 862 664 897 collum
681 861 772 908 pedis
785 872 840 895 sen
859 860 953 894 talum
971 860 1085 906 longus
1101 872 1109 900 ;
1125 872 1173 894 ca-

421 913 544 961 putium
560 924 632 947 vero
647 923 747 958 usque
762 911 798 945 ad
815 910 931 945 femora
946 918 1018 944 ante
1036 918 1066 944 et
1090 917 1172 944 retro

421 971 617 1011 protensum;
640 960 767 1008 cingulo
795 960 885 994 laneo
907 959 1022 994 coloris
1049 958 1173 993 habitus

421 1012 514 1048 nodis
539 1012 684 1059 quinque
711 1009 839 1050 nodato,
867 1018 1002 1056 quatuor
1030 1008 1174 1043 videlicet

422 1061 636 1111 pendentibus
658 1061 837 1106 cingantur;
856 1069 886 1094 et
908 1059 960 1094 hic
981 1059 1021 1093 sit
1049 1058 1174 1093 habitus

423 1112 766 1160 professorum,quem,
781 1110 840 1144 uisi
857 1121 950 1144 causa
967 1108 1174 1148 necessitatis,

422 1162 617 1204 mutationis,
640 1159 845 1207 reparationis
873 1158 918 1194 vel
947 1157 1175 1201 mundationis,

423 1224 584 1259 nunquam
607 1210 766 1246 dimittere
788 1208 903 1248 licebit,
919 1208 978 1242 sub
1000 1220 1063 1255 quo
1080 1219 1174 1242 unam

422 1262 470 1296 wel
491 1261 597 1309 plures
617 1260 738 1295 tunicas
753 1258 792 1293 de
809 1258 918 1293 humili
936 1266 966 1292 et
988 1258 1039 1292 vili
1059 1269 1175 1304 panno,

423 1312 516 1346 etiam
537 1310 670 1346 camisas
690 1321 811 1356 eanepo
833 1317 864 1343 et
889 1308 957 1342 lana
981 1307 1075 1342 simul
1099 1319 1176 1341 con-

423 1370 533 1405 textas,
557 1368 590 1394 ut
610 1359 780 1395 necessitas
801 1358 950 1404 exegerit,
973 1365 1097 1404 portare
1121 1369 1177 1403 po-

423 1409 708 1451 terunt3chlamide
724 1421 887 1455 nunquam
908 1417 1016 1453 rugata
1033 1407 1077 1441 vel
1097 1407 1176 1441 eris-

423 1469 493 1508 pata
516 1472 615 1507 usque
643 1458 680 1494 ad
711 1470 815 1493 surani
847 1466 993 1505 protensa
1020 1469 1092 1491 cum
1121 1469 1178 1491 cu-

423 1509 505 1545 culla
540 1510 578 1545 ad
614 1517 708 1555 caput
751 1507 921 1554 tegendum
964 1515 1034 1552 apta
1050 1534 1058 1546 ‚
1096 1514 1178 1541 retro

423 1568 568 1600 consuta,
597 1559 680 1593 intus
705 1558 750 1593 vel
773 1565 878 1597 extra,
906 1564 941 1591 ut
963 1556 1110 1599 libuerit,
1134 1556 1178 1589 uti

424 1609 565 1651 valeant;
593 1608 728 1644 zoccolis
751 1620 822 1642 vero
846 1606 959 1653 ligneis
980 1618 1037 1641 seu
1060 1605 1180 1640 sotula-

425 1659 515 1695 ribus
530 1657 723 1706 apostolicis,
745 1665 797 1691 aut
813 1657 907 1692 etiam
931 1656 1027 1691 soleis
1056 1667 1094 1690 ex
1112 1654 1180 1702 pel-

426 1709 509 1744 libus
537 1708 583 1744 vel
607 1707 747 1748 funibus,
772 1707 855 1741 iuxta
879 1706 1110 1753 provinciarum
1127 1717 1181 1739 va-

427 1760 564 1799 rietates,
589 1758 674 1793 intus
696 1757 742 1792 vel
770 1765 857 1791 extra
886 1756 927 1790 uti
952 1763 1115 1802 poterunt3
1143 1754 1182 1788 de

428 1808 559 1855 integris
581 1816 684 1843 autem
699 1806 839 1846 calcetis,
857 1814 1016 1840 corrector
1032 1817 1105 1840 cum
1119 1804 1182 1838 fra-

428 1857 531 1893 tribus
548 1885 556 1899 ,
579 1856 753 1892 secundum
777 1855 878 1890 Deum
894 1883 904 1899 ,
926 1855 1063 1890 maxime
1088 1854 1182 1888 itine-

428 1907 528 1943 rando
555 1907 739 1954 dispensare
773 1905 907 1952 poterit:
949 1913 1036 1940 extra
1079 1911 1182 1938 tamen

429 1957 628 1992 uniformitas
662 1963 816 1998 serretur,
851 1954 986 1989 humiles
1012 1965 1046 1988 ac
1076 1965 1185 2000 parvas

431 2017 588 2047 tonsuras,
615 2005 738 2053 capillis
774 2004 915 2052 reliquis,
948 2017 986 2038 ne
1018 2003 1184 2043 defluant,

431 2058 612 2105 frequenter
631 2056 774 2092 attonsis.
797 2054 982 2090 Sanctuario
1003 2054 1186 2088 ministran-

432 2118 478 2142 tes
505 2107 606 2142 ferant
632 2106 749 2153 caligas
771 2117 872 2152 usque
895 2104 933 2139 ad
957 2116 1059 2151 genua
1082 2113 1113 2138 et
1130 2115 1186 2150 pa-

434 2170 562 2204 rumper
601 2169 698 2204 supra
726 2156 861 2202 longas,
899 2167 935 2189 ac
966 2154 1058 2189 etiam
1087 2153 1188 2187 femo-

434 2206 554 2242 ralibus
588 2206 679 2241 lineis
704 2207 747 2241 uti
772 2213 930 2253 poterunt.
955 2204 1012 2239 His
1040 2202 1189 2238 omnibus

434 2256 614 2292 conformes
629 2265 721 2291 erunt
735 2255 856 2295 novitii,
870 2262 1027 2290 reservato
1050 2253 1190 2300 caputio,

435 2306 520 2354 quod
561 2318 661 2353 usque
687 2305 725 2342 ad
753 2305 914 2352 cingulum
943 2304 1127 2347 dumtaxat,
1151 2303 1190 2336 ita

436 2357 520 2404 quod
556 2356 638 2402 cingi
675 2369 736 2391 non
766 2356 887 2396 valeat,
912 2353 1129 2402 protendetur,
1158 2361 1192 2387 ut

438 2407 613 2454 intelligant
637 2415 698 2441 tam
726 2407 778 2453 qui
806 2406 846 2442 de
869 2404 995 2441 saeculo
1016 2415 1111 2452 quam
1140 2403 1192 2449 qui

437 2457 476 2493 de
495 2468 697 2505 quacumque
719 2457 776 2491 alia
789 2456 956 2503 Religione
974 2454 1011 2489 ad
1035 2455 1116 2489 hanc
1131 2453 1196 2488 Re-

439 2507 588 2554 ligionem
616 2507 771 2542 canonice
791 2514 967 2545 transeunt,
983 2517 1036 2540 seu
1054 2503 1197 2547 veniunt,

438 2570 472 2593 se
500 2569 562 2593 non
598 2556 685 2604 ligari
721 2556 775 2591 sed
805 2555 956 2604 probari,
979 2567 1060 2603 quos
1087 2566 1198 2590 omnes

439 2620 498 2657 per
520 2619 641 2644 annum
677 2606 801 2656 probari
838 2606 1003 2648 rolumus3
1035 2604 1198 2653 cingulum

990 214 1021 235 nt
1033 214 1126 235 lif-,xlll
1135 214 1145 234 t
1154 214 1176 234 M

1206 213 1317 234 ROMA&
1324 212 1366 233 [M

1208 280 1278 300 vero
1301 279 1373 300 enm
1393 266 1493 300 tribus
1513 265 1615 304 nodis,
1632 274 1661 299 et
1677 264 1867 299 chlamidem
1888 265 1956 298 sinc

1207 316 1342 351 cuculla.
1385 315 1490 350 Oblati
1529 324 1632 349 autem
1660 314 1789 349 Ordinis
1817 313 1956 348 habitum

1210 366 1358 412 praedicti
1382 365 1496 400 coloris
1518 376 1617 412 usqne
1640 364 1678 399 ad
1702 364 1842 399 medium
1866 363 1958 398 tibia·

1211 429 1277 451 rum
1306 416 1433 462 longum
1462 415 1527 449 sive
1549 427 1689 457 crurum,
1719 426 1790 449 cum
1821 413 1960 449 cordone

1209 474 1347 513 quatuor
1360 463 1778 507 nodoshabente,deseraut;
1795 463 1959 512 caputium

1210 516 1247 550 ad
1272 515 1401 550 modum
1425 515 1627 561 antiquorum
1651 521 1775 560 portent
1796 526 1867 549 cum
1888 525 1962 548 cor-

1213 574 1281 600 neta
1298 567 1341 609 (l)
1354 564 1488 612 quadam
1518 563 1592 598 satis
1609 564 1728 607 stricta,
1743 576 1823 611 quae
1837 564 1876 599 sit
1892 562 1962 597 talis

1212 615 1417 661 longitudinis
1438 612 1523 661 quod
1544 626 1559 647 a
1582 613 1682 660 capite
1701 625 1801 661 usque
1817 613 1854 648 ad
1871 625 1962 647 renes

1214 674 1356 711 protensa
1374 664 1433 699 snb
1449 663 1576 709 cingulo
1592 663 1690 709 possit
1711 663 1805 709 cingi,
1823 672 1875 698 aut
1890 675 1961 697 cuin

1212 727 1308 762 super
1329 714 1489 760 scapulam
1515 720 1666 760 portatur,
1689 724 1760 746 cnm
1791 712 1901 748 eadem
1926 725 1964 746 ne

1214 765 1302 799 cadat
1330 764 1468 808 retineri,
1490 774 1554 809 quo
1589 762 1632 797 uti
1671 771 1830 809 poterunt,
1853 762 1911 797 nisi
1935 762 1963 795 in

1214 814 1319 862 aliqua
1338 814 1434 861 patria
1452 825 1529 848 usus
1546 811 1614 847 talis
1629 811 1780 847 indecens
1796 811 1966 851 videretur;

1215 876 1276 898 non
1291 872 1393 898 tamen
1408 864 1512 910 ipsum
1530 862 1655 908 penitus
1671 861 1814 906 induant,
1824 861 1880 896 sed
1894 873 1966 896 cum

1215 922 1309 961 caput
1337 913 1462 959 tegitur,
1484 911 1584 947 cauda
1609 923 1662 958 per
1690 911 1839 947 humeros
1855 919 1968 946 exten-

1215 963 1315 998 datur.
1345 963 1384 997 Ei
1414 963 1439 997 si
1465 961 1614 996 mantello
1638 968 1777 1000 utantur,
1801 960 1876 996 illud
1899 961 1969 996 siue

1215 1012 1337 1048 cuculla
1361 1020 1501 1060 portent,
1525 1012 1629 1058 sitque
1666 1010 1814 1058 praedicti
1842 1010 1969 1052 coloris,

1216 1071 1246 1097 et
1274 1075 1330 1109 pro
1346 1062 1447 1109 capite
1469 1073 1505 1096 ac
1529 1060 1664 1096 brachiis
1679 1060 1858 1095 emittendis
1874 1060 1971 1094 dum—

1218 1121 1299 1147 taxat
1313 1120 1455 1159 apertum
1470 1111 1507 1146 ad
1519 1110 1647 1145 modum
1662 1109 1848 1154 habitus,vel
1866 1110 1972 1144 minus

1219 1163 1359 1208 longum,
1373 1174 1434 1209 qno
1451 1161 1493 1195 uti
1513 1168 1659 1207 poterunt
1672 1160 1710 1194 ad
1729 1160 1969 1207 heneplacitum.

1219 1211 1280 1246 Pro
1307 1212 1410 1246 officio
1441 1223 1512 1245 vero
1536 1209 1709 1245 matutinali
1733 1210 1839 1245 dicent
1862 1209 1970 1256 viginti

1220 1263 1312 1296 Pater
1339 1268 1439 1295 noster
1466 1269 1495 1295 et
1523 1259 1652 1294 totidem
1676 1261 1741 1293 Ace
1775 1260 1895 1299 Μανίῳ
1917 1270 1972 1306 pro

1219 1311 1378 1355 laudibus,
1395 1318 1529 1357 septen1;
1548 1321 1603 1356 pro
1615 1309 1765 1356 vesperis,
1779 1308 1904 1349 decem;
1918 1320 1973 1355 pro

1220 1361 1349 1407 reliquis
1378 1361 1476 1404 horis,
1503 1360 1656 1407 quinqne;
1679 1366 1708 1393 et
1734 1371 1788 1405 pro
1815 1358 1974 1393 defunctis

1219 1410 1326 1445 dicant
1360 1410 1496 1456 vigesies
1531 1411 1624 1443 Pater
1646 1415 1746 1442 noster
1780 1415 1811 1442 et
1843 1407 1972 1442 totidem

1221 1462 1284 1494 Ace
1324 1461 1450 1503 Maria,
1473 1459 1502 1493 in
1529 1458 1684 1505 principio
1707 1466 1737 1492 et
1761 1458 1791 1491 in
1815 1457 1877 1492 fine
1898 1457 1974 1492 dieti

1221 1509 1344 1544 numeri
1359 1508 1495 1543 dicendo
1509 1510 1651 1553 Requiem
1667 1514 1865 1542 aeternam
1879 1515 1906 1541 et
1920 1508 1976 1542 lux

1219 1567 1364 1605 perpetua
1397 1567 1448 1593 etc.
1483 1556 1626 1605 Singulis
1660 1557 1746 1592 feriis
1773 1557 1868 1592 sextis
1895 1565 1926 1592 ct
1959 1570 1975 1592 a

1223 1609 1300 1643 festo
1335 1609 1442 1643 beatae
1471 1607 1660 1643 Catharinae
1689 1607 1846 1642 exclusive
1875 1619 1976 1653 usque

1222 1659 1259 1693 ad
1282 1658 1481 1693 Nativitatem
1509 1657 1650 1702 Domini,
1674 1669 1744 1691 cum
1769 1656 1893 1691 ieiuniis
1907 1656 1978 1692 Ec-

1223 1708 1336 1744 clesiae
1361 1709 1512 1749 ieiunent3
1527 1707 1727 1742 stabilitatem
1743 1714 1773 1741 et
1789 1718 1979 1754 permanen-

1224 1759 1298 1793 tiam
1322 1766 1505 1805 perpetuam
1535 1757 1565 1791 in
1588 1756 1709 1791 Ordine
1738 1756 1979 1803 promittentes,

1224 1809 1408 1843 societatem
1427 1808 1517 1842 istam
1533 1807 1630 1847 exire,
1653 1818 1711 1841 nec
1733 1806 1829 1841 alium
1845 1805 1978 1852 gradum

1225 1857 1395 1893 ascendere
1433 1864 1656 1904 praesumant,
1684 1854 1740 1890 sed
1771 1863 1841 1890 voto
1872 1854 1981 1890 inhae-

1226 1916 1345 1953 renteS,
1367 1906 1491 1955 subque
1514 1906 1594 1941 votis
1617 1905 1826 1945 obedientiae,
1850 1917 1982 1952 pauper-

1228 1958 1311 2002 tatis,
1346 1957 1498 1994 castitatis
1521 1967 1551 1992 et
1579 1955 1863 2004 quadragesimalis
1900 1955 1980 1989 vitae

1229 2009 1453 2058 poenitentiam
1481 2015 1623 2055 agentes,
1647 2006 1794 2042 fratribus
1821 2004 1984 2041 humiliter

1229 2060 1468 2106 obsequentur:
1505 2066 1651 2106 poterunt
1691 2056 1900 2092 nihilominus
1928 2068 1985 2102 pe-

1229 2111 1356 2146 cuniam
1381 2117 1509 2154 tangere
1531 2117 1560 2143 et
1575 2107 1632 2143 soli
1657 2107 1829 2150 ambulare,
1851 2104 1906 2141 sed
1922 2118 1984 2140 non

1230 2160 1267 2195 ad
1285 2159 1475 2195 monasteria
1498 2157 1738 2201 monacharum,
1750 2156 1830 2191 sicut
1846 2166 1904 2190 nec
1918 2167 1987 2190 cae-

1232 2211 1288 2245 teri
1305 2210 1425 2250 fratres,
1448 2209 1567 2256 absque
1589 2207 1683 2243 Sedis
1704 2206 1904 2254 Apostolicae
1929 2218 1988 2241 ex-

1233 2272 1339 2309 pressa
1367 2259 1507 2300 licentia,
1524 2266 1741 2305 praeterquam
1759 2256 1795 2291 ad
1813 2256 1879 2291 loca
1897 2268 1988 2290 com-

1234 2310 1391 2355 muniora,
1418 2309 1582 2344 accedere:
1603 2306 1785 2343 huiusmodi
1814 2305 1911 2342 oblati
1934 2317 1989 2341 va-

1235 2361 1368 2403 lebunt,
1391 2367 1463 2394 ante
1486 2359 1531 2395 vel
1568 2367 1638 2405 post
1673 2356 1922 2405 professionem,
1959 2356 1988 2389 in

1238 2411 1416 2458 provisores
1434 2422 1490 2445 seu
1507 2416 1729 2456 procuratores
1741 2407 1826 2453 eligi,
1842 2407 1990 2453 intusque

1238 2462 1393 2504 similiter,
1415 2469 1445 2495 et
1472 2460 1582 2494 fratres
1597 2459 1625 2492 in
1650 2457 1837 2504 probatione
1850 2457 1991 2492 existen-

1239 2519 1285 2546 tes
1312 2523 1411 2546 unum
1440 2509 1486 2544 vel
1510 2510 1596 2556 plura
1621 2509 1740 2543 minora
1769 2507 1881 2551 officia,
1905 2507 1990 2541 iuxta

1276 2575 1315 2608 (l)
1331 2574 1456 2600 Corneto.
1479 2573 1556 2599 Bit-eti
1573 2572 1674 2606 species
1688 2571 1711 2598 in
1728 2579 1810 2598 cornu
1823 2570 1933 2597 sormam
1946 2569 1993 2597 de-

1241 2624 1330 2643 sinens
1346 2616 1395 2651 (cx
1413 2614 1547 2648 numago,
1564 2620 1589 2639 n,
1608 2611 1655 2647 .τ).

1974 209 2020 235 An.
2039 210 2067 235 C.
2089 208 2149 234 l-*J'Ul
