2281 3251
153 259 201 285 An.
219 259 247 285 C.
270 259 334 284 ¹:30⁵.»

951 255 966 275 ,t
975 253 1148 276 LEXAN‘DER
1178 254 1207 275 Vl
1239 254 1286 275 ΙΨ.

349 311 442 346 simili
467 310 619 350 consilio,
653 309 772 343 eisdem
801 309 1102 346 communitatibus,

351 360 619 408 gubernatoribus
642 367 670 393 et
694 359 837 405 personis
872 370 907 392 ac
941 358 1104 404 quibusvis

349 411 418 445 aliis
433 409 645 445 communiter
660 409 704 442 vel
721 408 843 442 divisim
858 408 1013 442 hactenns
1029 420 1104 454 quo-

350 459 521 494 modolibet
543 458 704 493 concessis
739 465 767 492 et
799 457 888 491 sactis
915 469 951 492 ac
986 457 1101 491 contir-

349 509 451 552 matis‚
472 507 653 555 approbatis
673 514 702 541 et
726 507 882 541 innovatis
903 506 1102 549 nominatim7
1148 539 1151 540 γ

348 558 527 605 specialiter
565 565 595 591 et
625 568 794 603 expresse,
817 564 847 590 et
884 557 912 590 in
942 563 1100 603 posterum

348 607 451 642 forsan
474 605 700 649 concedendis,
726 605 889 644 faciendis,
916 605 1105 639 confirman-

349 657 409 701 dis,
431 654 646 703 approbandis
678 662 708 689 et
744 654 943 689 innovandis.
979 654 1104 695 Quibus

349 706 523 752 etiam‚pro
549 704 672 739 illorum
697 703 861 738 sufficienti
886 703 1103 749 derogatione,

348 768 384 790 ac
406 755 430 790 si
451 755 489 789 de
508 754 569 788 illis
587 760 617 788 et
637 753 708 788 totis
736 753 898 788 tenoribus
931 752 1077 799 specialis
1096 779 1103 792 ‚

349 803 510 851 specifica,
545 814 692 849 expressa
728 810 757 836 et
790 801 951 835 individua
980 808 1046 841 etc„
1070 813 1104 835 ac

350 853 389 888 de
423 853 516 888 verbo
551 853 588 886 ad
626 851 755 886 verbum
780 851 1010 894 insererentur,
1049 862 1104 896 pro

351 901 708 946 sufficienter-expressis
720 900 886 940 habentes,
899 899 1003 946 quoad
1018 910 1105 946 prae-

351 952 445 986 missa
460 951 636 989 dumtaxat,
649 949 759 984 barum
776 949 989 992 sei-ie,ea‹lem
1005 948 1105 983 scien-

352 1001 392 1034 tia
416 1001 594 1048 specialiter
616 1006 645 1033 et
668 1011 816 1045 expresse
844 998 1052 1044 derogamus,
1075 1005 1105 1031 et

353 1050 401 1084 illa
426 1050 543 1084 nemini
568 1048 672 1095 aliquo
702 1060 851 1094 nmquam
880 1055 1022 1094 tempore
1038 1046 1104 1081 suf-

353 1099 463 1145 fragari
487 1098 632 1133 volumus
656 1105 686 1131 et
708 1097 922 1136 decernimus,
953 1096 1104 1131 caeteris-

352 1161 413 1195 que
436 1148 600 1182 contrariis
622 1146 892 1194 quibuscumque.

401 1197 516 1232 Datum
539 1196 659 1231 Romae
683 1195 766 1242 apud
790 1195 823 1230 S.
848 1195 1001 1238 Petrum,
1022 1206 1105 1229 anno

353 1246 580 1281 lncarnationis
602 1245 779 1280 dominicae
807 1247 910 1286 1502,
934 1247 956 1278 5
978 1243 1103 1279 kalend.

353 1296 438 1337 maii,
461 1295 663 1343 pontificatus
687 1294 785 1329 nostri
808 1306 890 1329 anno
913 1307 946 1328 x.

402 1357 463 1388 Dat.
481 1357 527 1387 die
546 1357 583 1387 29
599 1356 700 1396 aprilis
720 1356 805 1393 1502,
821 1356 924 1396 pontis.
940 1365 1016 1385 anno
1031 1364 1058 1385 x.

640 1556 734 1606 PlUS
770 1556 816 1604 lll

613 1653 708 1683 PAPA
730 1651 843 1682 CCXVll

528 1727 619 1759 Anno
642 1724 774 1758 Domini
795 1724 930 1757 MDIII.

355 1814 434 1886 Die
457 1847 503 1880 22
525 1844 714 1891 septembris
746 1845 837 1878 1505
866 1843 985 1878 electus
1008 1852 1053 1878 est
1078 1843 1107 1878 in

353 1894 524 1930 Summum
546 1893 733 1929 Pontificem
757 1893 945 1927 Franciscus
968 1892 1109 1928 Piccolo-

355 1945 491 1984 mineus,
514 1943 679 1979 cardinalis
707 1942 740 1977 S.
756 1942 929 1986 Eustachii,
945 1942 1107 1982 Senensis,

354 1994 407 2040 qni
437 1993 476 2028 ab
508 1991 667 2028 avunculo
694 1991 752 2026 Pio
779 1991 819 2030 ΙΙ,
842 1991 919 2026 Pius
946 1991 988 2026 Ill
1013 1991 1108 2026 voluit

356 2043 543 2090 nuncupari.
564 2041 622 2076 Die
644 2040 781 2076 octobris
802 2041 899 2087 prima
922 2041 1109 2087 episcopali·

355 2092 413 2128 bus
432 2092 528 2128 saeris
544 2091 693 2135 initiatus,
708 2098 814 2125 octava
832 2091 951 2125 mensis
964 2091 1105 2125 eiusdem

355 2142 405 2178 die
430 2141 598 2190 pontificali
623 2140 721 2174 tbiara
744 2139 907 2175 redimitus
928 2148 987 2184 est,
1002 2152 1036 2175 ac
1056 2153 1109 2174 no-

357 2205 422 2228 vem
447 2200 517 2238 post
544 2191 622 2231 dies,
638 2189 741 2224 ulcere
765 2189 876 2233 cruris,
898 2202 960 2236 quo
989 2189 1107 2223 iamdiu

356 2242 548 2277 laboraverat
565 2243 621 2284 (gl),
644 2239 803 2274 extinctus
826 2246 885 2283 est,
907 2251 977 2273 cum
1002 2239 1107 2273 Ponti-

357 2297 457 2332 ficiam
486 2295 599 2331 Sedem
637 2306 692 2341 per
714 2305 854 2328 mensem
892 2294 1031 2328 nondum
1061 2301 1108 2326 te-

356 2352 486 2386 nuisset.
510 2349 636 2395 Corpus
659 2349 739 2389 eius,
756 2356 845 2382 antea
871 2349 900 2381 in
925 2347 1049 2381 basilica
1073 2348 1107 2381 S.

357 2405 441 2439 Petri
479 2403 679 2443 tumulatum,
702 2402 740 2437 ab
762 2401 942 2436 Alexandro
969 2402 1107 2441 Pei-etto,

356 2457 503 2492 cardinali
526 2457 565 2491 de
589 2457 694 2492 Monte
717 2455 807 2499 Atto.
838 2455 1023 2490 translatum
1051 2455 1107 2489 suit

356 2511 393 2545 ad
418 2511 582 2546 ecclesiam
610 2510 644 2545 S.
678 2510 813 2544 Andreae
841 2509 879 2543 de
903 2508 990 2543 Valle
1014 2508 1107 2554 vulgo

356 2565 481 2600 dietam.
508 2565 639 2600 Vacavit
659 2564 759 2599 Sedes
781 2564 848 2598 dies
872 2575 940 2598 xlv.

392 2635 431 2673 (1)
450 2635 581 2663 Volaterr.
604 2634 647 2662 lib.
670 2643 698 2661 ιι.

1775 234 1843 266 399

1424 305 1559 355 lULlUS
1594 304 1620 352 ll

1396 393 1488 424 t‘rtt'A
1511 392 1637 422 CCXVlll

1320 461 1411 492 Auno
1434 457 1563 491 Domini
1586 455 1720 489 MDIII.

1147 539 1226 611 Dic
1262 570 1360 616 prima
1399 567 1590 608 novembris.
1617 578 1700 600 anno
1731 563 1896 598 millesimo

1145 619 1401 665 quingentesimo
1426 617 1514 652 tertio
1532 644 1540 660 7
1569 616 1625 649 Pio
1656 614 1698 648 ΙΙΙ
1732 625 1898 648 successor

1145 670 1235 702 datur
1251 668 1391 701 lulianus
1407 666 1585 708 Roborcus,
1601 663 1806 707 Savonensis5
1822 662 1895 696 San-

1146 726 1213 751 ctae
1237 716 1398 750 Romanae
1420 714 1582 749 Ecclesiae
1607 712 1769 760 presbyter
1791 711 1898 746 cardi—

1146 766 1225 800 nalis
1246 765 1355 800 Sancti
1384 764 1466 798 Petri
1494 763 1531 797 ad
1555 761 1711 805 Vincula,
1740 761 1898 795 Ostiensis

1145 815 1329 861 episcopus,
1354 814 1382 847 in
1408 812 1593 860 pontificatu
1616 811 1716 845 lulins
1739 809 1765 843 ll
1789 809 1898 856 appel-

1146 864 1245 898 latus:
1262 864 1315 910 qui
1339 862 1521 909 apostolicis
1545 860 1651 895 insulis
1666 859 1834 893 decoratus
1852 868 1898 892 est

1145 913 1197 947 die
1221 913 1372 959 vigesima
1389 919 1474 947 sexta
1495 910 1612 944 mensis
1638 908 1792 944 eiusdem.
1809 907 1900 942 Sedit

1147 963 1176 996 in
1201 962 1385 1008 pontificatu
1419 972 1519 995 annos
1546 972 1603 1003 ix,
1628 970 1726 992 meus.
1755 969 1809 999 ιιι,
1832 956 1899 990 dies

1146 1024 1207 1055 xx,
1231 1010 1427 1057 temporibus
1453 1008 1660 1044 Maximiliani
1685 1006 1767 1053 regis
1786 1005 1900 1041 Roma-

1147 1073 1273 1104 norum,
1298 1069 1327 1094 et
1354 1072 1411 1094 sex
1437 1057 1688 1106 promotionibus
1711 1068 1809 1090 xxvn
1831 1067 1899 1089 car-

1146 1109 1268 1144 dinales
1291 1110 1415 1144 creavit.
1444 1108 1532 1142 Obiit
1559 1107 1609 1141 die
1626 1106 1776 1151 vigesima
1799 1104 1899 1151 prima

1148 1159 1306 1201 februarii7
1329 1171 1412 1193 anno
1441 1156 1608 1192 millesimo
1640 1153 1898 1202 quingentesimo

1147 1208 1270 1243 decimo
1295 1208 1398 1250 tertio,
1414 1214 1444 1241 et
1471 1205 1611 1253 sepultus
1635 1212 1682 1239 est
1711 1204 1740 1237 in
1765 1202 1798 1237 S.
1815 1202 1899 1237 Petri

1147 1257 1184 1292 ad
1208 1257 1351 1292 Vincula.
1376 1256 1503 1291 Vacavit
1530 1254 1630 1290 Sedes
1653 1253 1720 1288 dies
1743 1263 1840 1287 xv111.

1507 1405 1532 1440 l.

1150 1482 1264 1515 Contra
1287 1482 1414 1513 barones
1428 1485 1454 1512 et
1476 1478 1705 1512 communitates
1727 1477 1834 1510 Status
1848 1487 1902 1509 ec-

1198 1531 1377 1567 clesiastici,
1405 1540 1509 1562 eorum
1537 1527 1692 1560 territoria
1713 1537 1775 1559 non
1801 1532 1903 1559 custo-

1199 1580 1310 1613 dientes
1333 1591 1352 1612 a
1374 1578 1508 1612 bannitis
1523 1604 1533 1615 ,
1562 1577 1683 1620 furibus
1704 1581 1731 1608 et
1752 1575 1825 1609 aliis
1846 1575 1903 1608 de-

1199 1629 1416 1673 linquentibus.

1421 1694 1636 1727 SUMMARlUM

1150 1762 1357 1792 Antecessores
1377 1759 1533 1789 Pontifices
1555 1757 1639 1797 plura
1663 1756 1798 1786 mandata
1823 1755 1903 1785 fece-

1190 1811 1257 1835 runt
1279 1814 1331 1844 pro
1354 1804 1452 1844 quiete
1474 1802 1574 1833 Status
1597 1800 1803 1832 ecclesiastici.
1820 1817 1860 1823 —
1878 1801 1904 1830 1.

1190 1849 1226 1878 Ea
1243 1857 1388 1878 renovans
1406 1847 1510 1882 Iulius,
1529 1846 1674 1876 territoria
1691 1844 1782 1875 libera
1807 1849 1905 1874 custo-

1190 1894 1245 1922 diri
1270 1893 1388 1922 mandat
1415 1902 1428 1921 a
1456 1890 1583 1927 furibus,
1611 1890 1726 1920 sicariis
1749 1893 1799 1918 etc.
1821 1905 1860 1911 —
1877 1889 1904 1918 Ξ.

1189 1937 1252 1966 Non
1280 1937 1479 1966 custodientes
1502 1936 1536 1965 ad
1560 1935 1660 1965 damni
1684 1934 1757 1964 illati
1781 1933 1902 1963 satissa-

1190 1982 1316 2012 ctionem
1338 1981 1428 2011 teneri
1449 1979 1540 2009 iubet.

1148 2061 1234 2089 lulius
1258 2060 1399 2095 episcopus
1429 2063 1525 2086 servus
1549 2062 1688 2085 servorum
1717 2054 1773 2087 Dei.
1793 2053 1904 2083 dilectis

1193 2109 1257 2138 filiis
1264 2108 1419 2140 baronibus.
1433 2106 1593 2138 domicellis,
1613 2103 1858 2134 communitatibus
1875 2105 1905 2132 et

1194 2158 1425 2187 universitatibus
1449 2158 1589 2185 terrarum
1613 2156 1643 2183 et
1672 2155 1829 2182 casti-orum
1860 2160 1902 2182 eo·

1194 2208 1326 2240 rumdam,
1346 2214 1445 2235 necnon
1461 2205 1523 2233 aliis
1536 2205 1701 2233 civitatibus
1720 2205 1750 2232 et
1769 2203 1903 2232 univorsi-

1194 2257 1303 2285 tatibus
1314 2256 1472 2292 oppidorum
1491 2256 1521 2283 et
1540 2256 1691 2286 terrarum.
1712 2253 1737 2281 S.
1757 2253 1788 2281 R.
1808 2252 1901 2280 Lme-

1194 2306 1269 2334 diate
1281 2306 1324 2334 vel
1336 2304 1494 2333 immediate
1509 2303 1651 2335 subiectis.
1669 2302 1787 2331 salutem
1798 2302 1828 2330 et
1839 2307 1904 2337 apu-

1193 2355 1320 2383 stolicam
1337 2353 1559 2382 benedictionem.

1198 2422 1279 2465 Quia
1309 2421 1384 2455 nibil
1404 2429 1449 2455 est
1465 2419 1550 2467 quod
1568 2419 1666 2465 magis
1680 2418 1824 2466 expediat
1842 2429 1902 2452 no-

1149 2482 1229 2507 strae
1252 2472 1351 2506 almae
1364 2469 1461 2504 Urbis
1484 2478 1515 2504 et
1536 2468 1650 2504 Curiae
1667 2480 1704 2504 ac
1725 2476 1899 2502 ceterorum

1149 2521 1347 2556 subditorum
1376 2519 1409 2554 S.
1433 2519 1471 2553 R.
1499 2519 1535 2553 E.
1564 2518 1661 2566 quieti
1690 2525 1719 2552 et
1742 2516 1899 2563 regimini.

1149 2584 1242 2617 qnam
1267 2569 1349 2617 quod
1379 2576 1489 2603 euntes
1505 2576 1536 2603 et
1558 2568 1727 2603 redeuntes
1753 2566 1792 2600 ad
1810 2578 1898 2600 eam-

1149 2621 1233 2665 dem.
1260 2632 1295 2654 ac
1317 2626 1437 2654 ceteras
1459 2625 1558 2653 terras
1580 2617 1720 2652 eiusdem
1744 2615 1778 2650 S.
1801 2614 1840 2650 R.
1861 2614 1900 2650 E.

1909 242 1956 269 An.
1975 242 2002 268 C.
2026 241 2092 267 ¹505

1927 2428 2039 2449 Antei-ess.
2050 2428 2102 2448 Pon-

1917 2460 1965 2479 tiflc.
1976 2460 2035 2486 pluri
2045 2466 2102 2480 man<

1916 2491 1964 2510 data
1979 2490 2044 2511 secer.
2064 2497 2101 2516 pro

1917 2520 1987 2546 quiete
2000 2520 2051 2541 Stat.
2065 2527 2101 2541 913-

1918 2551 2040 2571 elesiastici.
