2281 3251
142 234 191 261 An.
210 235 237 261 C.
259 236 324 261 ¹118&

153 344 227 364 Plures
241 346 264 364 ad
277 348 324 365 ista·

140 381 184 396 runi
199 382 279 397 causar-
291 382 323 396 co-

139 407 254 432 gnitionem
285 408 324 427 dc-

140 439 232 465 putandi.

149 1044 260 1069 Derogatio
272 1050 320 1064 con-

139 1076 257 1095 trnriorum.

146 1582 252 1602 Auditoris
264 1583 316 1602 iurn-

132 1616 224 1633 mentum
248 1614 317 1634 fideti-

133 1647 165 1664 ter
182 1644 271 1665 effictum
283 1650 316 1665 er

133 1676 227 1696 ercend².

133 1902 218 1923 nouitio
227 1902 250 1923 nd
260 1902 314 1922 bene

131 1934 182 1955 illud
196 1934 313 1954 administr.

924 241 1134 265 lsxocnx‘rtts
1159 243 1215 265 ΥΗΙ
1241 244 1289 265 l'l'.

387 296 402 336 ἓ
429 295 462 327 9.
485 293 525 327 Εῑ
544 306 640 328 unuin
658 295 705 329 vel
730 296 835 342 plures
853 296 889 330 ad
920 297 1089 343 praemissa

338 346 441 381 omnia
465 347 632 395 ipsumque
658 350 810 384 auditoris
837 363 1002 385 causarum
1031 350 1092 385 Cu-

339 400 402 435 riae
428 400 564 436 officium
588 404 770 448 exercendi,
792 405 915 452 quoties
939 405 990 439 tibi
1022 406 1091 452 pla-

337 454 448 495 cuerit,
477 455 545 491 loco
567 469 625 492 suo
643 458 852 493 substituendi
876 468 903 493 et
928 461 1089 494 substitu-

339 515 386 541 tos
421 510 597 555 revocandi,
624 524 660 546 ac
694 513 762 547 illos
791 514 835 547 vel
870 514 949 549 alios
978 515 1088 549 iterum

337 562 549 599 substituendi
563 573 593 600 et
615 566 785 614 deputandi
803 567 926 615 plenam
943 577 972 602 et
1003 568 1090 603 libe—

338 629 415 657 ram,
443 617 525 653 dicta
553 621 737 656 auctoritate
763 621 946 668 apostolica,
975 634 1090 657 eonce-

336 669 441 705 dimus
463 671 641 709 facultatem
665 683 695 710 et
718 683 916 722 potestatem.
944 676 1089 711 Habitari

338 735 507 769 processus
526 734 557 761 et
579 728 762 769 sententias,
790 741 870 775 quos
894 738 923 764 et
942 742 1021 776 quas
1044 730 1089 764 se-

337 778 430 822 ceris,
449 781 598 815 statueris
620 790 649 816 et
672 782 781 816 tuleris
796 783 825 817 in
844 783 1089 818 contradictores

335 831 492 876 quoslibet
503 841 532 867 et
542 834 685 874 rebelles,
697 843 776 871 ratas
789 844 817 871 et
827 845 942 882 gratas,
957 837 1088 884 illasque

337 883 458 926 facturi,
478 895 605 923 auctore
627 888 776 929 Domino,
800 903 899 936 usque
913 891 949 925 ad
964 892 1086 927 satissa-

336 938 472 973 ctionem
486 941 675 987 condignam
687 942 907 978 inviolabiliter
915 945 1084 979 observari.

384 996 399 1034 §
424 994 479 1027 10.
503 993 571 1029 Non
589 994 788 1030 obstantibus
805 998 1086 1033 constitutionibus

335 1053 364 1079 et
380 1047 632 1083 ordinationibus
646 1050 838 1096 apostolicis,
853 1064 888 1085 ae
905 1052 1085 1098 privilegiis,

334 1101 595 1137 concessionibus
618 1110 648 1137 et
671 1103 800 1138 indultis
819 1105 985 1151 quibusvis
998 1118 1087 1141 com-

335 1153 540 1189 munitatibus
574 1163 605 1190 et
635 1156 896 1192 universitatibus
934 1167 1084 1194 terrarum

333 1204 407 1240 Sedi
435 1206 636 1254 Apostolicae
665 1209 801 1244 mediate
830 1211 875 1245 vel
905 1212 1085 1248 immediate

333 1259 559 1307 subiectarum,
588 1275 643 1310 per
666 1276 723 1298 nos
749 1273 802 1299 aut
825 1266 1084 1312 praedecessores

332 1322 456 1349 nostros
482 1314 575 1350 Rom.
605 1316 789 1361 Pont.,sub
824 1320 987 1366 quibusvis
1015 1334 1085 1356 vcr-

333 1365 444 1401 borum
469 1367 589 1410 formis,
611 1371 704 1405 etiam
728 1372 752 1406 si
776 1371 815 1406 de
844 1373 903 1408 illis
926 1376 1083 1422 specialis,

331 1421 479 1466 specifica
495 1430 526 1457 et
543 1436 687 1470 expressa
709 1425 826 1461 mentio
845 1426 989 1463 habenda
1007 1428 1084 1464 foret

331 1476 505 1520 concessis,
522 1478 689 1512 contrariis
716 1478 983 1527 quibuscumque.

381 1528 401 1575 S
426 1532 481 1564 11.
510 1530 666 1567 Volumus
680 1541 784 1567 autem
801 1534 900 1581 quod,
915 1544 1081 1582 antequam

331 1581 468 1617 officium
489 1584 684 1621 auditoratus
703 1599 867 1622 cansarum
891 1588 1006 1624 Curiae
1031 1590 1085 1624 liu-

331 1635 468 1672 iusmodi
495 1638 626 1686 incipias
641 1653 800 1682 exercere,
814 1642 852 1677 de
867 1643 934 1690 ipso
950 1643 1084 1679 fideliter

330 1692 520 1737 exercendo,
537 1693 566 1727 in
584 1694 730 1730 manibus
746 1696 896 1742 praedicti
920 1698 1081 1732 camerarii

330 1745 427 1779 nostri
456 1758 512 1780 seu
540 1747 609 1782 eius
632 1747 879 1785 locumtenentis
897 1759 1036 1798 praestes
1053 1752 1081 1786 in

329 1797 427 1833 forma
450 1799 539 1835 solita
560 1801 784 1838 iuramentum.

377 1855 393 1895 ἕ
418 1854 472 1887 12.
496 1853 543 1889 Tu
560 1855 654 1902 igitur
674 1857 868 1903 praedictum
888 1858 1082 1894 auditoratus

329 1904 467 1941 officium
493 1918 635 1956 prompta
663 1910 830 1947 devotione
859 1912 1025 1960 suscipias,
1053 1922 1083 1948 et

329 1959 373 1994 sic
396 1959 473 1995 illud
503 1962 643 2009 diligenti
675 1964 792 2007 studio,
820 1978 907 2007 cura,
930 1967 1082 2002 modera—

331 2013 413 2048 tione
435 2022 465 2049 et
485 2015 663 2063 integritate
678 2021 856 2066 exequaris,
872 2028 904 2054 ut
919 2028 970 2055 tna
987 2033 1081 2068 opera

329 2066 367 2101 ad
390 2067 448 2103 Dei
477 2069 601 2104 laudem
626 2080 655 2106 et
677 2073 820 2118 gloriam,
841 2087 876 2109 ac
898 2076 1080 2110 earumdem

329 2119 490 2157 Ecclesiae
536 2133 565 2158 et
601 2123 716 2160 Curiae
760 2126 878 2162 bonum
917 2128 1080 2175 publicum

328 2182 422 2222 atque
445 2175 565 2222 decus,
586 2179 843 2227 privatorumque
866 2183 1081 2217 commodita-

329 2236 389 2263 tem
413 2239 441 2265 et
464 2233 645 2280 exemplum
680 2234 834 2270 laudabile
849 2236 971 2278 cedant,
989 2246 1081 2285 teque

328 2283 409 2329 apud
434 2297 490 2320 nos
513 2296 542 2321 et
566 2287 681 2322 Sedem
697 2289 865 2335 praefatam
884 2291 995 2326 merito
1010 2305 1082 2338 per-

328 2337 463 2383 amplius
486 2341 721 2384 commendent,
746 2352 777 2377 ut
804 2356 978 2389 speramus.

378 2389 494 2428 Datum
510 2393 630 2430 Romae
652 2404 718 2436 etc„
743 2409 826 2432 anno
844 2406 897 2432 etc.
913 2397 1080 2433 millesimo

328 2445 640 2494 quadringentesimo
655 2452 871 2498 octuagesimo
885 2453 1008 2499 quinto,
1026 2466 1081 2488 un-

328 2499 451 2536 decimo
491 2501 640 2539 kalendas
677 2505 830 2546 ianuarii,
875 2506 1080 2553 pontificatus

329 2555 427 2588 nostri
451 2567 534 2591 anno
552 2558 704 2593 seeundo.

357 2614 418 2646 Dat.
435 2617 481 2658 die
497 2618 534 2647 ⁶22
551 2618 718 2650 decembris
739 2620 825 2658 1485,
842 2626 918 2660 pont.
938 2631 1013 2653 anno
1031 2631 1060 2653 11.

1769 240 1785 268 ct

1791 241 1809 268 iz

1817 239 1836 267 ’,Α

1493 300 1531 334 X.

1137 381 1230 419 Quod
1251 387 1472 414 conservatores
1489 389 1513 413 et
1528 388 1700 415 executores
1727 384 1885 416 literarum

1182 431 1421 473 apostolicarum
1437 432 1478 463 acl
1492 432 1627 474 savorem
1644 434 1885 475 conyreyationis

1181 479 1214 511 S.
1233 479 1368 513 Iustinae
1389 481 1425 513 cle
1443 481 1645 513 Obseruantia
1667 482 1885 514 monachorum

1182 529 1216 561 S.
1247 529 1415 567 Benedicti,
1438 541 1539 562 omnes
1562 531 1584 562 ii
1611 531 1678 563 daci
1698 538 1884 568 censeantur,

1181 579 1289 621 quibus
1304 579 1394 612 Sedes
1417 579 1595 623 Apostolica
1618 591 1725 613 causas
1748 580 1886 624 deleqere

1178 633 1285 670 potest.

1400 705 1614 736 SUMMARIUM

1131 769 1298 801 Exordium.
1324 789 1361 794 -—
1386 774 1410 802 1.
1429 773 1521 802 Causa
1548 773 1634 802 liuius
1664 773 1779 803 iutlulti.
1798 790 1836 795 —
1854 773 1881 802 ⁹2.

1172 814 1350 854 Supplicatio
1369 818 1606 855 congregationis
1629 816 1814 847 Cassinensis
1833 827 1883 856 pro

1172 858 1225 887 boe
1242 859 1367 889 indulto.
1389 878 1424 882 —-
1450 862 1475 890 3.
1496 860 1642 890 lntlultum
1663 862 1739 899 quod
1763 871 1884 890 conser-

1170 907 1283 933 vatores
1316 909 1342 934 et
1366 910 1536 934 executores
1561 906 1711 935 literarum
1740 907 1881 944 apostoli-

1170 956 1268 976 carum
1294 949 1328 977 ad
1354 949 1478 977 savorem
1510 950 1537 978 d.
1559 950 1797 986 congregationis
1824 951 1883 979 sint

1169 999 1281 1024 omnes,
1305 992 1413 1030 quibus
1433 1002 1540 1021 causae
1563 1002 1614 1031 per
1636 994 1777 1029 rescripta
1797 994 1880 1023 Sedis

1168 1035 1300 1073 Apostol.
1332 1036 1367 1065 de
1399 1036 1462 1064 iure
1486 1036 1615 1074 delegari
1640 1041 1772 1075 possunt.
1793 1055 1831 1059 —
1853 1038 1880 1067 4.

1168 1077 1319 1116 Derogatio
1339 1080 1564 1109 contrariorum.

1128 1157 1300 1186 Innocentius
1327 1159 1469 1194 episcopus
1500 1166 1595 1187 servus
1616 1167 1757 1188 servorum
1776 1160 1822 1189 Dei
1841 1162 1880 1190 di·

1172 1207 1255 1236 lectis
1274 1207 1339 1236 filiis
1355 1208 1566 1243 congregationi
1590 1209 1780 1238 monachorum
1793 1211 1818 1238 S.
1839 1211 1880 1238 Iu·

1172 1257 1263 1285 stinae
1283 1258 1399 1286 Paduan.
1432 1258 1562 1291 salutem,
1584 1260 1636 1287 etc.

1177 1331 1360 1367 Devotiouis
1377 1343 1583 1380 augmentum
1601 1334 1700 1375 vobis,
1724 1334 1791 1370 Deo
1808 1348 1880 1382 pro-

1128 1381 1216 1427 pitio,
1246 1383 1411 1428 provenire
1434 1383 1635 1423 confidimus,
1659 1384 1683 1418 si
1698 1397 1796 1431 super
1821 1385 1879 1429 his,

1126 1442 1206 1476 quae
1234 1443 1290 1477 pro
1314 1440 1415 1466 vestra
1444 1432 1668 1479 tranquillitate
1696 1442 1724 1467 et
1746 1434 1879 1469 submo-

1129 1479 1236 1514 vendis
1250 1480 1402 1516 molestiis
1411 1490 1440 1515 et
1456 1481 1688 1516 turbationibus
1702 1493 1878 1530 opportuna

1128 1528 1283 1570 videntur,
1307 1539 1338 1564 ut
1372 1532 1402 1564 in
1426 1531 1701 1578 contemplationis
1729 1533 1879 1567 suavitate

1126 1578 1288 1625 quiescere
1307 1579 1446 1620 valeatis,
1463 1590 1553 1627 prout
1569 1581 1697 1626 cupitis,
1717 1594 1774 1616 nos
1787 1582 1880 1617 beni-

1126 1640 1206 1674 gnos
1227 1640 1263 1663 ac
1285 1628 1472 1664 favorabiles
1500 1629 1650 1664 babeatis.

1174 1681 1189 1720 ἕ
1219 1680 1250 1711 l.
1274 1677 1357 1713 Sane
1373 1691 1428 1725 pro
1447 1687 1533 1726 parte
1553 1691 1654 1714 vestra
1673 1679 1764 1715 nobis
1777 1694 1879 1728 nuper

1126 1726 1263 1761 exhibita
1276 1728 1383 1774 petitio
1393 1727 1573 1763 continebat
1586 1729 1669 1776 quod
1692 1729 1716 1763 si
1734 1729 1837 1775 vobis,
1849 1731 1878 1764 in

1125 1788 1253 1822 genere,
1266 1788 1302 1811 ac
1315 1777 1483 1812 abbatibus
1499 1786 1528 1812 et
1552 1778 1720 1825 prioribuS,
1741 1791 1879 1814 conveu-

1126 1825 1209 1860 tibus
1221 1828 1496 1866 monasteriorum,
1508 1836 1536 1861 et
1548 1829 1744 1874 prioratuum
1760 1837 1878 1863 vestrae

1126 1875 1389 1921 congregationis,
1405 1876 1539 1911 ubilibet
1564 1889 1618 1923 per
1640 1877 1749 1912 orbem
1774 1879 1877 1912 consi-

1125 1925 1303 1969 stentium,
1331 1925 1559 1961 concederetur
1593 1926 1676 1973 quod
1711 1939 1821 1961 omnes
1849 1935 1877 1960 vt

1125 1973 1252 2019 singuli,
1275 1974 1392 2020 quibus
1414 1987 1526 2010 causae
1546 1987 1600 2021 per
1623 1976 1773 2023 rescripta
1789 1976 1878 2023 Apo-

1125 2023 1253 2057 stolicae
1275 2023 1368 2058 Sedis
1402 2024 1538 2070 delegari
1575 2024 1612 2058 de
1641 2025 1706 2059 iure
1735 2034 1877 2071 possunt,

1124 2071 1164 2106 ad
1187 2073 1406 2108 executionem
1423 2085 1699 2120 quarumcumque
1716 2074 1876 2108 literarum

1125 2121 1225 2156 dictae
1238 2121 1344 2166 Sedis,
1355 2122 1664 2158 conservatorialium
1679 2132 1877 2170 nuncupata-

1126 2184 1206 2214 rum,
1222 2183 1277 2218 pro
1294 2171 1381 2206 vobis
1395 2182 1423 2207 et
1449 2173 1658 2213 monasteriis,
1676 2173 1876 2219 prioratibus,

1126 2220 1288 2265 membris,
1310 2221 1487 2261 abbatibus,
1505 2221 1663 2268 prioribus
1686 2230 1715 2256 et
1738 2234 1876 2256 conven-

1125 2269 1207 2304 tibus
1221 2270 1400 2317 praedictis,
1416 2271 1477 2305 dati
1494 2279 1523 2304 et
1537 2271 1675 2316 deputati
1691 2279 1762 2305 sunt
1778 2281 1806 2305 et
1822 2284 1876 2317 pro

1125 2328 1265 2366 tempore
1285 2320 1442 2354 dabuntur
1469 2327 1498 2353 et
1515 2319 1763 2367 deputabuntur,
1780 2321 1875 2367 aliqui

1125 2369 1308 2403 nominatim
1331 2377 1567 2404 conservatores
1582 2380 1689 2404 contra
1707 2370 1877 2404 inferentes

1125 2417 1212 2453 vobis
1228 2427 1259 2453 et
1281 2418 1340 2453 illis
1357 2418 1528 2462 molestias,
1543 2419 1683 2463 iniurias⁷
1698 2420 1875 2466 gravamina

1122 2476 1215 2514 atque
1231 2468 1355 2508 damna,
1366 2476 1396 2502 et
1411 2480 1481 2502 cum
1499 2477 1650 2515 potestate
1664 2469 1876 2514 cognoscendi

1123 2516 1161 2551 tle
1185 2517 1234 2551 his
1255 2529 1335 2564 quae
1362 2517 1538 2552 iudicialem
1564 2518 1725 2564 requirunt
1749 2517 1877 2563 indagi-

1124 2578 1211 2607 nem,
1245 2566 1355 2613 exequi
1395 2575 1522 2613 possent
1545 2576 1575 2600 et
1606 2567 1756 2601 deberent
1784 2568 1876 2601 toties

1122 2616 1245 2662 quoties
1268 2615 1463 2662 contingeret
1492 2629 1546 2651 eos
1574 2617 1707 2663 requiri,
1736 2615 1874 2663 profecto

1903 250 1952 274 An.
1974 249 2002 275 C.
2019 251 2057 274 l'.-·
2070 251 2084 275 b

1928 1352 2046 1373 Exordium,

1900 1697 1966 1717 (lausa
1978 1697 1980 1716 l
1991 1698 2080 1717 uiusiu-

1895 1730 1951 1750 datu,
