2281 3251
69 309 117 340 An.
135 310 163 340 C.
180 310 247 340 ¹520

83 1556 106 1577 Et
126 1557 252 1578 inobedien-

70 1592 102 1609 tes
123 1589 197 1615 poenis
221 1588 253 1608 hie

70 1620 176 1640 contentis
192 1619 254 1639 inuo-

70 1651 117 1676 dat3

937 312 1000 335 LEO
1022 313 1044 336 x
1072 312 1121 335 91².

264 366 294 401 in
317 365 395 402 loeis
426 365 630 411 infrascriptis
646 365 826 400 immediate
846 376 1015 413 sequentes

265 415 488 456 numerandos,
499 415 564 462 ipsc
578 415 745 457 Martinus,
755 416 938 462 complices,
954 416 1016 450 fau-

265 475 359 510 tores,
381 465 586 500 adhaerentes
608 475 638 500 et
661 473 868 511 receptatores
891 466 1015 513 praedi-

265 517 303 550 cti
327 528 342 550 a
369 514 514 562 praefatis
535 514 707 558 erroribus,
731 527 906 561 eorumque
921 528 1015 561 prac-

265 565 421 599 dicatione
441 576 476 598 ac
491 563 701 610 publicatione
717 572 747 598 et
762 565 945 604 assertione,
961 564 1016 599 dc-

265 613 407 649 fensione
419 626 545 660 quoque
566 621 595 647 et
615 613 766 647 librorum
783 626 837 647 seu
851 614 1017 660 scriptura-

265 676 332 697 rum
342 662 1016 709 editionesupereisdemsiveeorumaliquo

264 713 393 747 omnino
412 711 581 753 desistant,
605 711 764 758 librosque
785 724 821 747 ac
848 713 1017 758 scripturas

265 774 375 797 omnes
397 770 428 797 et
455 760 614 808 singulasf,
638 762 790 807 praefatos
811 774 934 796 errores
961 774 1015 796 seu

265 823 373 845 eorum
401 810 525 858 aliquos
547 811 785 858 quomodolibet
807 812 1017 855 continentes,

265 860 454 895 comburant
470 860 517 894 vel
533 859 676 894 comburi
694 860 816 894 faciant.
840 860 910 906 Ipse
924 861 1016 895 etiam

264 908 419 944 Martinus
432 921 555 944 errores
577 917 607 943 et
622 910 817 944 assertiones
832 909 1016 944 huiusmodi

264 959 394 993 omnino
409 967 544 998 revocet,
572 971 607 993 ac
629 958 667 992 de
692 958 889 993 revocatione
906 958 1018 993 huius-

267 1007 350 1041 modi
369 1020 423 1054 per
439 1007 563 1054 publica
579 1007 769 1042 documenta
783 1007 812 1041 in
828 1007 926 1042 forma
943 1008 1018 1042 iuris

266 1055 365 1090 valida
381 1084 388 1097 ,
416 1057 446 1090 in
470 1056 617 1091 manibus
639 1057 773 1091 duorum
809 1057 1016 1103 praelatorum

266 1105 462 1151 consignata,
484 1106 522 1140 ad
539 1118 610 1147 uos,
624 1105 700 1140 infra
728 1106 806 1140 alios
826 1106 947 1140 similes
962 1118 1017 1140 se-

266 1154 390 1201 xaginta
407 1155 476 1189 dies
489 1154 740 1199 transmittenda,
757 1154 802 1189 vel
820 1167 875 1201 per
890 1155 1018 1201 ipsum-

267 1212 330 1237 met
345 1204 380 1247 (si
396 1204 433 1238 ad
459 1217 515 1239 nos
533 1204 636 1239 venire
653 1204 794 1247 voluerit,
820 1204 904 1250 quod
918 1204 1019 1250 magis

268 1252 416 1299 placeret)
448 1265 518 1287 cum
553 1253 690 1300 praefato
717 1253 900 1299 plenissimo
934 1254 1018 1287 salvo

267 1301 442 1343 conductu,
458 1315 553 1349 quem
570 1315 608 1336 ex
632 1314 714 1336 nunc
738 1302 953 1343 concedimus,
969 1302 1020 1336 de-

267 1350 407 1391 ferenda,
431 1363 488 1386 nos
510 1351 659 1386 certiores
686 1351 810 1391 efficiat,
835 1359 868 1385 ut
892 1351 930 1386 de
950 1352 1020 1387 eius

268 1413 338 1434 vera
366 1400 543 1435 obedientia
571 1401 676 1435 nullus
704 1400 913 1436 dubitationis
934 1414 1020 1436 scru-

269 1449 363 1496 pulus
390 1449 490 1485 valeat
512 1462 686 1484 remanere.

316 1499 336 1546 g
366 1500 421 1533 10.
448 1498 548 1540 Alias,
571 1499 596 1534 si
623 1498 720 1546 (qnod
751 1498 841 1543 absit)
868 1498 1021 1534 Martinus

270 1547 438 1595 praefatus,
453 1548 636 1595 complices,
652 1548 800 1592 fautores,
814 1548 1021 1583 adhaerentes

269 1607 297 1631 et
332 1605 544 1645 receptatores
583 1597 732 1645 praedicti
764 1610 856 1632 secus
882 1598 1021 1643 egerint,

269 1659 324 1682 seu
342 1648 512 1694 praemissa
525 1647 630 1681 omnia
648 1655 678 1682 et
701 1647 837 1693 singula,
861 1647 938 1682 iusra
953 1656 1022 1682 ter-

269 1697 390 1731 minum
412 1696 608 1744 praedictum
626 1709 697 1731 cum
712 1695 822 1731 effectu
842 1709 903 1731 non
920 1697 1022 1732 adim-

271 1746 433 1791 pleverint,
443 1746 584 1792 Apostoli
598 1746 756 1781 imitantes
770 1746 958 1787 doctrinam,
969 1747 1021 1793 qui

270 1795 464 1830 haereticum
482 1795 656 1836 hominem,
681 1803 751 1842 post
778 1797 911 1842 primam
930 1804 960 1830 et
979 1808 1024 1830 se-

270 1844 406 1879 cundam
430 1845 656 1880 correctionem
673 1872 682 1889 ,
711 1845 871 1879 vitandum
900 1844 1022 1884 docuit,

271 1906 414 1935 exnunc,
426 1902 565 1941 proutex
582 1902 730 1934 tunc,ete
748 1906 914 1935 converso,
930 1906 1023 1929 eum-

272 1943 343 1977 dem
372 1942 542 1978 Martinum
559 1972 568 1988 ,
595 1944 779 1990 compliceS,
805 1944 1024 1989 adhaerentes,

273 1992 409 2028 fautores
424 2001 454 2028 et
473 2001 682 2040 receptatores
699 1993 854 2040 praefatos
869 2001 899 2028 et
914 2006 1023 2028 eorum

273 2041 468 2088 quemlibet,
501 2051 661 2090 tamquam
692 2043 797 2077 aridos
830 2043 974 2089 palmites
995 2043 1024 2077 in

273 2090 401 2126 Christo
417 2104 479 2126 nou
500 2101 674 2132 manenteS,
689 2092 742 2126 sed
762 2091 936 2127 doctrinam
954 2104 1027 2127 eon-

275 2145 398 2180 trariam
439 2145 610 2180 catholicae
644 2145 733 2190 fidei,
762 2145 921 2181 inimicam
962 2146 1026 2181 sive

274 2198 490 2234 scandalosam
524 2212 579 2234 seu
596 2199 788 2240 damnatam,
816 2200 846 2234 iu
870 2212 933 2235 non
957 2212 1024 2234 mo-

275 2252 376 2287 dicam
392 2252 544 2288 offensam
559 2254 682 2288 divinae
695 2252 881 2295 Maiestatis,
896 2266 932 2289 ac
956 2253 1028 2288 uni-

276 2306 402 2341 versalis
417 2306 576 2342 Ecclesiae
596 2315 626 2342 et
647 2306 718 2342 fidei
741 2308 912 2343 catholicae
928 2307 1028 2342 detri-

277 2370 418 2397 mentum
438 2370 468 2397 et
488 2361 684 2406 scandalum,
700 2361 1030 2407 dogmatizantes,cla-

278 2428 330 2451 ves
351 2428 478 2464 quoque
505 2416 665 2451 Ecclesiae
694 2416 944 2463 vilipendentes,
972 2428 1030 2450 no-

278 2471 374 2505 tor-ios
408 2479 437 2505 et
469 2472 646 2519 pertinaces
680 2470 855 2505 haereticos
871 2498 878 2511 ,
920 2469 1029 2505 eadem

278 2525 471 2570 auctoritate,
497 2525 593 2560 fuisse
605 2533 636 2560 et
649 2536 718 2560 esse
740 2524 946 2565 declarantes,
960 2536 1031 2559 eos-

279 2578 362 2623 dem,
380 2588 415 2614 ut
437 2579 525 2624 tales,
541 2579 651 2614 harum
667 2578 748 2613 serie
763 2577 1030 2622 condemnamus,

281 2641 307 2665 ct
345 2644 399 2667 eos
433 2646 488 2680 pro
524 2632 637 2667 talibus
672 2632 780 2667 haberi
813 2631 852 2666 ab
883 2631 1031 2667 omnihus

284 2685 446 2735 utriusque
462 2699 555 2722 sexus
569 2685 829 2722 christifidelibus
843 2685 1033 2734 supradictis

1685 302 1753 335 755

1058 366 1202 401 xolumus
1223 374 1253 401 et
1280 365 1478 401 mandamus.
1501 365 1629 412 Eosque
1652 377 1762 401 omnes
1774 375 1804 402 et

1057 416 1198 461 singulos
1207 416 1354 450 omnibus
1369 415 1559 462 supradictis
1574 424 1603 450 et
1617 414 1684 449 aliis
1697 424 1804 451 contra

1058 465 1134 499 tales
1169 478 1184 500 a
1209 466 1275 500 iure
1304 466 1431 499 inssictis
1460 466 1567 511 poenis
1591 466 1805 512 praesentium

1058 522 1165 549 tenore
1187 515 1385 554 sulnicirnus,
1405 515 1525 549 eisdem
1555 515 1689 549 irretitos
1708 514 1805 550 fuisse

1058 572 1087 598 et
1109 576 1178 599 esse
1200 565 1401 599 decernimus
1423 573 1452 598 et
1474 564 1680 599 declaramus.

1106 614 1126 659 g
1147 616 1198 647 tl.
1213 613 1397 648 Inhibeinus
1410 613 1805 660 praeterea,sub0mnibus

1059 670 1088 696 et
1107 663 1240 708 singulis
1262 663 1439 710 praemissis
1462 664 1583 710 poenis,
1611 676 1647 698 eo
1670 663 1739 709 ipso
1762 663 1807 697 in-

1058 712 1233 752 currendis,
1261 712 1408 747 omnibus
1440 720 1470 746 et
1502 713 1635 758 singulis
1657 712 1806 747 christifi—

1059 760 1182 795 delibus
1215 762 1364 807 superius
1388 762 1555 796 nominatis
1572 789 1579 803 ,
1616 774 1655 796 ne
1677 762 1807 809 scripta,

1060 810 1151 844 etiam
1176 811 1330 857 praefatos
1361 822 1484 845 errores
1512 823 1574 845 non
1602 811 1807 852 continentia,

1059 858 1097 893 ab
1119 859 1230 894 eodem
1253 859 1387 894 Martiuo
1414 859 1653 907 quomodolibet
1681 860 1807 895 condita

1060 908 1107 943 vel
1135 908 1229 949 edita,
1257 916 1311 943 aut
1338 909 1500 944 condenda
1526 909 1571 943 rel
1595 908 1729 953 edenda,
1752 921 1807 944 seu

1061 969 1169 992 eorum
1189 958 1306 1005 aliqua,
1330 966 1488 1005 tamquam
1503 958 1542 992 ab
1558 958 1685 993 homine
1699 958 1808 992 ortho-

1060 1006 1159 1041 doxae
1175 1007 1244 1041 fidei
1262 1008 1401 1045 inimico,
1416 1016 1507 1054 atque
1522 1007 1591 1042 ideo
1607 1007 1809 1042 vehementer

1060 1065 1219 1102 suspecta,
1237 1065 1266 1091 et
1284 1065 1314 1090 ut
1337 1057 1406 1090 eius
1429 1056 1579 1091 memoria
1602 1057 1730 1090 omuino
1758 1056 1810 1091 de-

1062 1104 1161 1139 leatur
1178 1105 1217 1140 de
1231 1105 1483 1140 christifidelium
1507 1106 1677 1147 consortio,
1694 1106 1810 1151 legere,

1061 1166 1212 1199 asserere,
1236 1155 1429 1200 praedicare,
1456 1154 1595 1195 laudare,
1615 1155 1810 1202 imprimere,

1062 1203 1223 1249 publicare
1241 1204 1305 1238 sive
1330 1203 1510 1243 defendere,
1528 1216 1583 1250 per
1605 1216 1638 1238 se
1654 1203 1700 1238 vel
1714 1204 1810 1237 alium

1061 1264 1117 1286 seu
1141 1253 1229 1297 alios,
1252 1252 1371 1287 directe
1389 1252 1434 1286 vel
1459 1252 1623 1297 indirecte,
1647 1253 1737 1287 tacite
1765 1252 1812 1286 vel

1062 1313 1222 1347 expresse,
1250 1301 1376 1348 publice
1398 1301 1445 1335 vel
1467 1301 1602 1343 occulte,
1629 1314 1683 1336 seu
1707 1302 1736 1335 in
1760 1301 1813 1336 do-

1063 1351 1165 1385 mibus
1200 1351 1267 1385 suis
1293 1351 1358 1385 sive
1379 1351 1448 1386 aliis
1476 1351 1575 1394 locis,
1603 1350 1738 1397 publicis
1766 1350 1811 1385 vel

1064 1400 1202 1446 privatiS,
1227 1410 1332 1435 tenere
1353 1399 1582 1447 quoquomodo
1597 1408 1811 1447 praesumant,

1063 1449 1240 1496 quinimmo
1268 1449 1318 1483 illa
1345 1449 1542 1493 comburant,
1567 1457 1598 1483 ut
1627 1449 1811 1496 praefertur.

1111 1498 1131 1544 ἓ
1152 1500 1207 1532 1⁶2.
1230 1498 1400 1533 Monemus
1427 1499 1557 1545 insuper
1574 1511 1685 1533 omnes
1706 1506 1735 1533 et
1750 1498 1813 1533 sin-

1063 1547 1154 1593 gulos
1167 1547 1389 1582 christifideles
1403 1548 1611 1594 supradictos,
1628 1548 1686 1582 sub
1702 1547 1810 1582 eadem

1064 1597 1399 1632 excommunicationis
1416 1597 1494 1632 latae
1509 1597 1684 1631 sententiae
1700 1609 1812 1644 poena,

1065 1653 1097 1679 ut
1116 1646 1290 1681 haereticos
1306 1646 1483 1694 praedictos
1499 1646 1671 1681 declaratos
1693 1654 1723 1681 et
1738 1658 1814 1681 con-

1065 1695 1240 1741 demnatos,
1259 1696 1416 1731 mandatis
1431 1696 1545 1730 nostris
1568 1708 1629 1730 non
1646 1695 1815 1742 obtempe-

1066 1753 1181 1786 rantes,
1198 1753 1266 1792 post
1282 1745 1404 1792 lapsum
1422 1745 1546 1780 termini
1561 1745 1730 1792 supradicti
1747 1745 1816 1780 evi-

1067 1801 1182 1838 tent,et
1196 1803 1348 1841 quantum
1373 1796 1402 1829 in
1423 1795 1468 1830 eis
1491 1803 1548 1839 est,
1564 1795 1671 1830 evitari
1690 1795 1814 1840 faciant,

1068 1856 1125 1878 nec
1148 1856 1220 1878 cum
1243 1844 1360 1879 eisdem
1383 1844 1427 1879 vel
1463 1857 1572 1879 eorum
1595 1844 1700 1891 aliquo
1727 1855 1818 1879 com-

1068 1894 1219 1928 mercium
1248 1902 1301 1928 aut
1316 1893 1450 1941 aliquam
1464 1894 1733 1929 conversationem
1759 1906 1816 1928 seu

1067 1943 1324 1977 communionem
1338 1942 1486 1988 habeant,
1500 1955 1558 1978 uec
1579 1943 1625 1978 eis
1641 1943 1817 1978 necessaria

1068 1992 1256 2027 ministrent.

1117 2041 1136 2088 ἓ
1162 2044 1216 2075 13.
1233 2041 1281 2075 Ad
1306 2041 1454 2076 maiorem
1472 2049 1628 2087 praeterea
1643 2040 1715 2075 dicti
1732 2039 1817 2075 Mar-

1069 2090 1137 2134 tini,
1165 2103 1361 2138 suorumque
1383 2091 1585 2138 complicum,
1608 2090 1764 2124 fautorum
1787 2098 1818 2125 et

1069 2144 1305 2179 adhaerentium
1333 2157 1368 2179 ac
1391 2152 1619 2191 receptatorum
1646 2143 1820 2191 praedicto-

1070 2211 1158 2241 rum,
1185 2199 1230 2234 sic
1257 2208 1326 2246 post
1360 2200 1480 2246 lapsum
1515 2199 1640 2233 termini
1669 2198 1820 2246 praedicti

1070 2253 1297 2288 declaratorum
1322 2253 1551 2287 haereticorum
1575 2260 1605 2287 et
1627 2252 1821 2287 condemua-

1071 2316 1187 2352 torum,
1209 2306 1438 2347 confusionem,
1461 2306 1615 2341 universis
1633 2314 1664 2341 et
1686 2305 1821 2352 singulis

1073 2361 1234 2408 utriusque
1243 2360 1609 2402 sexuschriStifidelibus,
1623 2360 1822 2408 patriarchis,

1072 2415 1329 2463 archiepiscopis,
1357 2415 1514 2462 episcopis
1555 2415 1820 2462 patriarchalium,

1074 2470 1385 2517 metropolitanarum
1397 2477 1427 2503 et
1440 2469 1572 2503 aliarum
1581 2468 1821 2513 cathedralium,

1073 2524 1306 2570 collegiatarum
1342 2535 1378 2558 ac
1405 2523 1588 2558 inferiorum
1616 2523 1821 2557 ecclesiarum

1076 2578 1236 2625 praelatis,
1264 2577 1407 2624 capitulis
1433 2577 1564 2624 aliisque
1593 2577 1736 2624 personis
1768 2588 1824 2611 ec-

1075 2632 1268 2676 clesiasticis,
1289 2630 1502 2666 saecularibus
1518 2638 1547 2665 et
1563 2629 1746 2677 quorumvis
1760 2629 1824 2664 Or*

1076 2686 1199 2733 diuum,
1227 2686 1319 2721 etiam
1350 2685 1595 2722 Mendicantium
1629 2683 1823 2734 (praesertim

1821 310 1872 338 Au.
1890 311 1919 338 C.
1937 312 2004 340 1520

1833 621 1903 649 open
1919 621 2006 643 Lutheri

1820 654 1889 674 omnia
1905 654 2002 677 damnat,

1820 687 1841 705 et.
1856 684 1954 711 prohibet
1971 684 2006 704 itta

1821 716 1917 742 imprimi,
1937 716 2006 735 teneri

1821 748 1872 771 clm,

1844 1516 1915 1539 Monet
1939 1524 2013 1539 omnes

1828 1549 1900 1570 fideles
1924 1553 1944 1570 ut
1965 1551 2013 1570 evi-

1827 1581 2013 1607 tentsupradictos

1828 1611 1964 1635 harenam

1846 2057 1958 2080 Luihcrum
1983 2057 2017 2077 ei-

1832 2094 1897 2117 usque
1914 2093 2018 2116 sequaces

1833 2121 1879 2146 capi
1889 2121 1971 2140 mandat
1980 2118 2017 2138 sub

1833 2152 1908 2178 poenis
1924 2151 1948 2170 de
1970 2151 2018 2176 qui-

1834 2181 1872 2203 bu·
1887 2181 1928 2202 hie.
