2281 3251
66 313 112 342 Απ-
129 311 158 340 C.
173 311 242 340 1520

83 2435 210 2460 Rxecutores
221 2437 257 2459 hu-

76 2470 107 2491 tun
122 2471 257 2492 constitutio—

77 2501 109 2522 nls
124 2502 216 2529 deputat.

949 307 1011 330 LEO
1037 307 1059 330 X
1087 307 1134 331 PF.

258 367 367 402 (larum
390 377 426 401 ac
447 375 723 412 quorumcumque
748 363 776 397 in
797 362 842 397 cis
870 372 1002 397 conten-

259 413 724 461 torumtenorespraesentibus
741 426 795 459 pro
812 413 1004 447 sullis-imiter

258 467 425 513 expressis,
448 478 483 499 ac
505 466 543 499 ‹le
559 464 652 498 verbo
675 464 857 497 adverbum
880 464 1004 498 insertis

259 517 364 551 baberi
394 516 549 557 volumus,
572 516 664 548 etiam
688 515 712 547 si
738 514 786 547 illa
811 526 869 547 non
889 514 951 546 sint
975 514 1002 546 in

260 579 330 605 usu,
355 573 408 599 aut
435 565 570 599 retonat-i
595 564 724 609 conting
728 572 767 602 :,it
793 564 846 606 uti,
871 564 958 609 potiri
975 571 1003 596 (ί

258 615 406 661 gaudere,
430 627 465 648 ac
489 614 592 648 literas
618 615 805 660 apostolicas
826 626 921 667 snper
936 613 1004 647 eis-

259 664 329 699 dell!
355 663 1005 711 'lt'itllt1gll87‹¹Xt¹tltpli()tlil)tls,ttlltlluni-

260 714 388 758 tatibus,
417 715 513 747 in‹lnl‹
507 714 631 758 ‹rtntiis,
655 713 790 747 l'wiiunltit
797 713 867 751 bns,
884 712 1004 746 libtita-

260 763 616 808 tibus,auctoritatibus,
635 763 888 804 conservatoriis,
901 762 1004 795 inilul-

261 815 322 853 tis,
358 813 515 848 favoribus
541 821 569 847 et
603 813 733 858 gratiis,
760 812 851 846 etiam
882 812 1004 845 illorum

259 863 451 897 individuam
482 874 722 909 expressionem
746 870 775 895 et
813 863 1004 895 mentionem

259 912 414 955 faciendo,
429 913 555 946 mutatis
568 912 725 945 dumtaxat
741 911 933 950 nominibus,
950 923 1005 944 co-

258 963 474 1008 gnominibus,
498 961 747 995 invocationibus
770 974 804 995 ac
826 960 950 1002 diebus,
969 959 1005 993 ad

259 1011 382 1045 libitum
407 1012 598 1046 confratrum
622 1010 883 1045 confraternitatis
902 1009 1008 1043 liuius-

259 1061 357 1103 modi,
380 1061 471 1095 simul
490 1061 535 1095 vel
552 1061 720 1107 separatim
738 1059 876 1106 expediri
893 1058 1005 1101 facere,

261 1112 291 1144 in
315 1111 463 1145 omnibus
484 1119 513 1144 et
542 1123 596 1157 per
619 1110 735 1152 omnia,
757 1122 792 1143 ac
816 1109 839 1142 si
867 1108 916 1142 illa
943 1121 1005 1142 non

260 1160 363 1195 solnm
387 1172 441 1207 per
456 1160 614 1194 clausulas
632 1158 795 1204 generales
812 1158 1007 1201 liuinsmoili,

259 1210 312 1244 sed
331 1221 387 1257 per
403 1210 526 1244 illorum
541 1209 683 1243 omnium
704 1216 844 1242 tenorem
861 1207 899 1241 ile
915 1207 1008 1241 verbo

260 1259 297 1294 ad
322 1259 464 1297 verbum,
487 1259 723 1305 expressionem
741 1265 771 1291 et
793 1257 1008 1297 insertionem,

261 1308 364 1343 eidem
399 1308 644 1343 confraternitati
673 1307 819 1354 illiusque
845 1306 1009 1341 confratri-

260 1358 331 1398 bus,
355 1358 508 1402 ecclesiis,
532 1357 637 1397 iebus,
660 1357 762 1400 bonis,
786 1356 946 1399 minisnis,
963 1355 1010 1390 of-

260 1407 427 1449 ficialibus,
455 1407 648 1454 cappellanis
675 1415 704 1441 et
727 1383 946 1448 fainitiaribusi
974 1418 1009 1439 ac

260 1469 369 1493 eorum
398 1457 545 1492 ecclesias
576 1455 757 1491 huiusmodi
788 1455 1010 1490 visitantibus

260 1520 295 1542 ac
311 1507 349 1542 de
362 1507 454 1542 bonis
476 1507 543 1541 suis
566 1519 621 1553 pro
643 1506 734 1540 (lictis
753 1506 902 1552 operibus
920 1517 1011 1539 exer-

261 1557 370 1592 cendis
403 1565 457 1591 aut
479 1557 554 1591 alias
577 1556 850 1590 contribuentibus
881 1563 934 1589 aut
963 1567 1010 1589 re-

262 1607 500 1654 linquentibus,
532 1618 586 1640 sen
621 1606 703 1652 ipsas
740 1605 1011 1639 confraternitates

261 1657 412 1697 haeredes
446 1655 590 1703 partiales
617 1655 663 1689 vel
698 1655 889 1689 universales
923 1654 1012 1688 insti-

263 1707 437 1747 tuentibus,
448 1705 606 1752 sigillatim
620 1704 902 1744 concessissemus,
919 1712 1011 1751 prout

263 1769 319 1804 per
334 1756 483 1811 quasdam
503 1756 578 1789 alias
601 1764 722 1789 nostras
746 1755 863 1797 literas,
879 1766 1010 1801 quarum

265 1815 383 1842 tenore
393 1819 444 1853 qui
457 1805 675 1852 praesentibus
692 1817 747 1852 pro
762 1805 952 1839 sufficienter
965 1816 1014 1837 ex-

265 1868 373 1904 presso
396 1864 425 1890 et
448 1856 565 1890 inserto
585 1855 691 1888 baberi
716 1855 873 1891 volumus
890 1854 1014 1900 plenius

265 1907 454 1950 continetur
470 1906 697 1939 concessimus,
714 1903 802 1946 Quas
818 1904 945 1950 quidem
967 1916 1014 1936 in-

266 1955 455 2011 dulgentias,
479 1955 640 2001 privilegia
663 1963 692 1988 et
719 1955 776 1988 alia
804 1966 906 1987 omnia
926 1965 1015 2008 prae

267 2005 358 2040 missa
384 2005 414 2039 in
438 2004 564 2039 easdem
592 2004 778 2038 abbatissam
802 2016 857 2037 sen
886 2003 1015 2049 prioris-

266 2067 332 2089 sam
360 2067 395 2089 ac
416 2054 567 2089 moniales
598 2066 652 2100 pro
681 2062 821 2100 tempore
845 2054 1017 2087 existentes

268 2104 464 2148 huiusmodi,
480 2116 516 2138 ac
533 2104 633 2138 dictos
650 2103 813 2150 utriusque
829 2115 921 2137 sexus
936 2103 1017 2136 cliri-

267 2158 418 2193 stifideles
440 2157 606 2192 ecclesiam
633 2157 705 2192 dicti
730 2157 910 2191 monasterii
944 2156 1018 2190 visi-

269 2221 382 2254 tantes,
397 2220 564 2253 etmanus,
589 2220 620 2247 ut
649 2211 871 2259 praemittitur,
892 2210 1019 2245 adiutri-

269 2280 320 2303 ces
336 2267 544 2315 porrigentes,
557 2266 708 2314 plenarie,
727 2266 806 2300 dicta
833 2266 1019 2300 auctoritate

271 2322 499 2357 transferimus.

319 2381 334 2421 ἓ
359 2379 414 2412 Μ.
442 2376 596 2418 Quocirca
619 2374 739 2410 dilectis
767 2374 838 2409 filiis
859 2374 1020 2421 guberna—

272 2432 379 2467 toriae
394 2431 527 2467 auditori
551 2430 701 2466 Gamerae
724 2438 753 2464 et
781 2430 895 2464 vicario
922 2429 1021 2464 almae

273 2486 367 2521 Urbis
395 2495 531 2531 nostrae,
547 2498 632 2520 nunc
654 2493 683 2520 et
710 2496 764 2531 pro
792 2492 932 2531 tempore
957 2484 1023 2518 exi—

273 2541 454 2586 stentibus,
482 2553 538 2588 per
571 2539 742 2587 apostolica
770 2539 904 2585 scripta,
935 2546 1021 2572 motu

275 2596 388 2641 simili,
413 2595 599 2630 mandamus
625 2601 782 2642 quatenus
812 2592 870 2639 ipsi
893 2592 938 2627 vel
962 2592 1023 2626 duo

276 2658 327 2684 aut
343 2663 424 2684 unus
439 2662 561 2693 eornm,
576 2661 629 2695 per
642 2660 675 2682 se
690 2647 735 2682 vel
752 2647 847 2682 alium
861 2659 915 2681 seu
933 2646 1023 2689 alios,

276 2704 452 2740 abbatissae
468 2713 497 2740 et
517 2704 681 2753 priorissae
696 2715 730 2738 ac
745 2701 935 2737 monialibus
948 2701 1022 2736 dicti

1675 293 1742 328 747

1044 362 1235 407 monasterii,
1264 374 1384 397 necnon
1404 360 1576 396 rectoribus
1599 360 1698 394 (lictae
1721 372 1794 394 con-

1046 413 1245 447 fraternitatis
1285 425 1338 447 svn
1374 411 1530 445 societatis
1557 410 1729 449 Caritatis,
1765 410 1793 444 in

1047 464 1226 509 praemissis
1242 462 1390 496 omnibus
1412 471 1439 495 et
1464 474 1572 495 eorum
1596 460 1731 504 singulis
1749 472 1798 493 as-

1045 514 1204 554 sistentes,
1234 512 1345 546 faciant
1375 511 1499 545 easdem
1529 510 1718 544 abbatissam
1739 521 1795 543 seu

1048 563 1225 608 priorissam
1255 575 1289 596 ac
1313 561 1465 595 moniales
1500 560 1572 593 dicti
1603 559 1796 601 monasterii,

1048 626 1168 646 necnon
1202 621 1336 646 rectores
1360 624 1413 645 seu
1444 611 1610 656 deputatos
1638 608 1796 643 societatis

1046 674 1101 695 seu
1127 662 1391 696 confraternitatis
1413 660 1559 695 Caritatis
1590 659 1796 702 huiusmodi,

1048 720 1176 745 nuncet
1197 724 1252 757 pro
1265 720 1404 756 tempore
1420 710 1600 748 existentes,
1618 708 1798 754 praemissis

1047 761 1194 794 omnibus
1216 769 1245 795 et
1269 761 1401 805 singulis
1432 759 1590 806 plenario,
1615 757 1741 804 pacifice
1768 765 1799 792 et

1047 811 1150 856 quiete
1178 810 1236 843 frui
1260 818 1290 844 et
1312 809 1458 855 gaudere,
1491 821 1553 843 non
1579 809 1798 854 permittentes

1047 872 1098 893 eas
1126 868 1153 894 et
1182 872 1236 894 eos
1258 872 1293 894 ac
1316 872 1422 893 earnm
1439 866 1468 892 et
1492 858 1632 904 ipsorum
1657 856 1798 902 singulos

1048 909 1195 956 desuper,
1221 922 1274 955 per
1304 908 1442 955 quosvis,
1465 919 1664 954 quacumque
1690 915 1799 940 aucto-

1049 960 1148 999 ritate,
1185 958 1328 993 facultate
1356 966 1385 992 et
1422 965 1574 1004 potestate
1610 956 1800 1002 fungentes,

1049 1020 1176 1055 quoquo
1205 1008 1298 1042 modo
1322 1007 1478 1041 molestari
1499 1019 1555 1039 seu
1579 1006 1654 1040 alias
1678 1007 1800 1052 inquie-

1049 1059 1116 1092 tari.
1140 1057 1397 1092 Contradictores
1425 1055 1581 1102 quoslibet
1613 1064 1642 1089 et
1665 1055 1799 1089 rebelles

1048 1120 1083 1141 ac
1095 1107 1324 1150 inobedientes,
1333 1115 1362 1140 et
1374 1106 1564 1152 praemissis,
1574 1105 1684 1151 quovis
1694 1105 1799 1148 modo,

1050 1157 1078 1190 in
1103 1165 1166 1191 toto
1189 1158 1235 1190 vel
1261 1157 1288 1190 in
1315 1164 1412 1202 parte,
1439 1155 1722 1198 contravenientes,
1745 1166 1800 1201 per

1049 1218 1200 1240 censuras
1227 1206 1456 1240 ecclesiasticas
1477 1214 1507 1239 et
1525 1204 1723 1259 pecuniarias
1745 1216 1800 1238 eo-

1051 1268 1118 1289 rum
1145 1256 1274 1289 arbitrio
1300 1254 1501 1300 inflirendas,
1524 1262 1554 1288 et
1582 1266 1659 1300 quas
1683 1253 1801 1288 iteratis

1051 1305 1170 1339 vicibus
1192 1317 1361 1351 aggravare
1390 1304 1525 1350 possint,
1548 1310 1578 1336 et
1604 1303 1662 1337 alia
1685 1315 1802 1349 oppor-

1052 1363 1125 1389 tuna
1155 1355 1232 1389 iuris
1234 1333 1402 1395 meinana,
1426 1352 1637 1409 appellatione
1672 1360 1802 1399 postpo-

1051 1406 1132 1447 sita,
1161 1403 1408 1450 compescendo,
1433 1404 1594 1446 invocato,
1625 1414 1678 1436 seu
1708 1403 1800 1436 etiam

1052 1467 1107 1501 per
1133 1466 1187 1489 eos
1209 1455 1255 1489 vel
1280 1466 1389 1488 eorum
1413 1453 1548 1499 aliquem
1578 1451 1731 1496 exhibito,
1746 1464 1802 1486 su-

1053 1517 1106 1550 per
1130 1504 1189 1538 boc
1216 1503 1330 1538 auxilio
1360 1503 1475 1537 bracliii
1503 1502 1683 1536 saecularis.

1101 1554 1119 1597 Ξ
1144 1556 1199 1586 12.
1223 1552 1437 1587 'Nihilominus
1460 1560 1504 1592 ut,
1528 1551 1612 1585 omni
1637 1550 1743 1585 frande
1771 1558 1802 1585 et

1052 1603 1124 1637 dolo
1144 1602 1353 1642 cessantibus,
1371 1602 1451 1636 bona
1470 1601 1634 1635 curialium
1659 1601 1801 1635 meretri-

1809 305 1859 333 An.
1878 305 1906 331 C.
1926 303 1993 332 1520

1837 1564 1935 1585 Notitiam
1961 1564 2000 1584 ha-

1815 1596 1890 1617 hentes
1919 1602 1956 1622 spo
1946 1596 2001 1615 0110-

1815 1633 1876 1648 runm
1867 1628 1964 1647 mereti-ir·
1969 1633 2000 1646 uin

1053 1666 1123 1687 cum
1148 1654 1193 1687 sic
1214 1653 1249 1686 dt
1244 1653 1448 1694 cedentium,
1464 1659 1498 1685 ut
1519 1650 1738 1697 praemittitur,
1755 1650 1912 1684 in-reveiare
1924 1661 2001 1678 teneu-

1053 1711 1213 1750 corporata
1228 1715 1284 1737 seu
1300 1702 1375 1737 alias
1390 1701 1475 1735 dicto
1492 1700 1680 1734 monasterio
1695 1701 1802 1734 relicta
1817 1693 1856 1710 ¹¹*

1054 1754 1230 1788 revelentur
1256 1760 1286 1787 et
1314 1751 1528 1799 prffopilentur,
1553 1750 1726 1785 rectoribus
1750 1762 1804 1797 pa-

1056 1804 1236 1837 rochialium
1257 1811 1285 1836 et
1303 1803 1434 1836 aliarum
1451 1800 1681 1835 ecclesiarum
1676 1813 1704 1833 m
1718 1799 1804 1835 Urbe

1055 1852 1314 1891 consistentibus,
1335 1859 1367 1885 ut
1390 1851 1628 1897 quamprimum
1652 1849 1691 1883 de
1715 1861 1807 1896 prae—

1057 1899 1746 1940 missisnotitiarnhabuerint,rectoribusseu
1757 1898 1807 1933 de-

1058 1953 1172 1998 putatis
1187 1952 1286 1986 dictae
1301 1950 1565 1986 confraternitatis
1575 1962 1628 1984 seu
1638 1949 1807 1990 societatis,

1059 2002 1135 2036 infra
1158 2010 1278 2036 certum
1303 2001 1426 2035 brevem
1442 2007 1472 2034 et
1487 1999 1731 2046 peremptorium
1746 2006 1808 2032 ter-

1059 2053 1178 2085 minum
1202 2052 1247 2086 eis
1269 2052 1416 2097 desuper,
1439 2050 1532 2084 etiam
1561 2049 1621 2082 sub
1648 2060 1757 2094 poenis
1779 2055 1809 2082 et

1059 2101 1201 2136 censuris
1224 2100 1405 2148 praedictis,
1430 2098 1677 2146 praeligendum,
1706 2096 1809 2131 notifi-

1059 2168 1128 2190 care
1150 2163 1180 2190 et
1215 2154 1350 2190 revelare
1378 2153 1530 2193 babeant,
1560 2151 1753 2199 praecipiant
1779 2158 1810 2185 et

1061 2210 1249 2255 iniungant,
1271 2216 1300 2243 et
1328 2208 1419 2243 etiam
1445 2206 1610 2249 mandent,
1639 2213 1668 2239 et
1696 2204 1810 2238 faciant

1060 2277 1095 2299 ac
1131 2271 1326 2310 exequantur
1355 2274 1435 2309 quae
1464 2261 1492 2295 in
1518 2260 1699 2308 praemissis
1722 2272 1811 2294 com-

1062 2318 1173 2358 modo,
1208 2317 1331 2362 decori,
1367 2316 1522 2351 honestati
1562 2327 1598 2349 ac
1635 2315 1809 2349 animarum

1061 2374 1158 2421 quieti
1184 2381 1213 2407 et
1229 2372 1319 2407 saluti
1348 2371 1494 2417 expedire
1517 2369 1662 2404 viderint.

1110 2428 1130 2475 g
1150 2431 1202 2462 15.
1225 2426 1294 2461 'Non
1318 2425 1516 2460 obstantibus
1540 2424 1708 2471 quibusvis
1733 2434 1811 2457 con-

1063 2482 1258 2518 cessionibus
1286 2490 1315 2515 et
1343 2479 1567 2514 donationibus
1592 2487 1622 2513 et
1644 2478 1712 2512 aliis
1734 2489 1811 2511 con-

1064 2537 1166 2572 trariis
1206 2535 1465 2582 dispositionibus
1499 2546 1594 2581 super
1629 2531 1811 2566 huiusmodi

1064 2591 1174 2639 spoliis
1201 2598 1231 2625 et
1265 2589 1357 2624 bonis
1397 2589 1428 2622 in
1465 2587 1600 2622 satorem
1629 2585 1812 2633 quarumvis

1067 2657 1280 2693 personarum,
1297 2643 1389 2678 etiam
1413 2642 1612 2676 familiarium
1631 2648 1661 2674 et
1681 2638 1814 2687 parafre-

1067 2701 1225 2736 nariorum
1241 2707 1432 2743 nostrorum,
1441 2708 1514 2732 cum
1539 2694 1701 2744 quibusvis
1717 2694 1812 2730 etiam

1838 2437 1994 2460 Contrariorum

1859 2471 1975 2496 derogatio.
