2281 3251
220 282 271 310 An.
288 281 318 310 C.
335 282 404 310 1513

470 271 540 305 600

419 338 551 373 latorum
578 337 753 384 recipiant,
775 343 805 370 et
828 334 903 370 alias
925 343 1068 381 acceptas
1093 333 1172 368 intra

421 396 545 435 tempus
559 387 698 422 debitum
711 384 845 419 fideliter
855 384 1040 430 registrcn13
1058 394 1175 418 merce-

420 437 460 472 de
475 438 521 472 eis
536 444 648 471 statuta
663 434 800 470 contenti
816 434 892 477 sint,
910 441 971 468 tam
986 445 1043 480 pro
1059 432 1174 479 rogim,

421 499 514 534 quam
526 498 582 533 pro
597 485 812 530 registratura,
824 495 917 530 quam
933 495 988 529 pro
999 481 1175 516 scribendis

422 532 1176 580 confessionalibus.Scriptaconfessionaliasine

423 597 516 620 manu
539 584 725 619 correctoris
750 582 892 630 partibus
915 593 977 616 non
995 581 1128 622 tradant3
1145 581 1175 614 in

423 635 484 669 illis
511 632 689 669 scribendis
717 632 848 667 formam
877 632 922 667 eis
945 630 1090 666 traditam
1114 642 1176 665 non

423 683 575 720 excedant
593 691 622 718 et
638 681 794 717 clausulas
812 682 1014 716 inconsuetas
1037 692 1098 715 non
1114 692 1178 727 ap-

425 741 555 781 ponant,
572 732 678 767 literas
690 731 832 778 legibiles
846 739 875 766 ct
894 730 973 765 bene
988 730 1178 776 compositas

424 783 575 822 scribant,
590 790 619 817 et
638 782 668 816 in
693 781 834 828 registris
849 780 995 815 similiter
1018 779 1178 825 diligentia

425 841 564 873 utantur;
577 840 696 867 secreta
714 830 978 865 instrumentavel
995 837 1179 864 testamenta

426 894 488 917 non
512 881 649 916 revelent
672 880 813 928 partibus
840 892 901 914 non
921 878 1109 914 habentibus
1130 879 1180 912 iu-

426 941 554 967 teresse.
568 930 777 966 Instrumenta
790 930 1045 976 acceptationum
1061 928 1107 962 vel
1122 927 1179 962 alia

427 994 488 1016 non
503 980 609 1025 edant,
625 979 679 1015 sed
698 979 836 1026 partibus
859 979 1020 1013 dumtaxat
1037 977 1182 1024 recogni-

426 1031 466 1066 tis
480 1042 535 1078 per
551 1030 634 1065 duos
657 1037 763 1072 testes,
782 1028 910 1076 quando
933 1028 1022 1062 aliter
1047 1039 1110 1061 uon
1130 1039 1183 1061 es-

426 1089 496 1115 sent
507 1087 597 1114 notae
605 1078 822 1126 scriptoribus.
836 1077 983 1112 Notat-ios
993 1076 1183 1111 inltabilcsct

429 1129 655 1164 insufficientes
666 1140 726 1163 non
744 1126 925 1171 creent,sed
940 1126 1067 1161 idoneas
1080 1138 1184 1173 perso-

429 1176 1034 1224 nasetsufficientes.Quiaexpericntia
1044 1187 1185 1222 comper-

429 1237 494 1263 tum
503 1227 640 1275 estquod
653 1226 807 1269 nonnulli,
817 1226 852 1260 ad
862 1225 1186 1261 lraudandassolutio-

430 1276 1052 1312 nesannatarumetsolutionestaxarum
1064 1274 1184 1322 plumbi

431 1327 593 1373 etrcgistri
609 1326 779 1369 bullarum,
789 1325 961 1371 expediunt
973 1324 1074 1359 bullas
1085 1336 1140 1372 usq
1149 1336 1186 1359 ue

432 1379 468 1411 ad
487 1376 654 1424 plumbum
679 1384 708 1410 et
733 1374 807 1409 inibi
823 1374 942 1409 faciunt
965 1374 1090 1409 decerni
1114 1386 1187 1420 pro—

432 1438 569 1466 cessum,
592 1425 630 1460 de
646 1437 710 1472 quo
727 1424 802 1459 dicti
827 1425 998 1471 scriptores
1025 1431 1187 1469 rogantur,

432 1483 540 1511 contra
554 1474 681 1523 praefati
696 1473 763 1508 Iulii
778 1473 1032 1521 praedecessoris
1043 1472 1189 1507 reforma-

433 1525 564 1565 tionem,
580 1524 713 1558 bullisin
725 1522 856 1570 plumbo
872 1530 1023 1570 perpetuo
1037 1521 1189 1567 dimissis,

434 1583 463 1610 et
491 1586 563 1609 cum
589 1572 770 1608 huiusmodi
800 1584 950 1620 processu
979 1570 1188 1606 acceduntad

435 1623 665 1672 possessionem
682 1622 923 1666 beneficiorum,
943 1634 1016 1656 cum
1039 1620 1190 1657 Gamerae

434 1682 463 1709 et
486 1674 620 1708 aliorum
644 1671 825 1707 officialium
853 1670 1058 1718 praeiudicio,
1074 1682 1108 1706 ea
1124 1683 1191 1718 pro-

436 1731 504 1771 pter
527 1722 786 1758 constitutionem
810 1720 885 1756 dicti
910 1720 978 1755 lulii
1002 1720 1192 1767 praedeces-

435 1773 526 1817 soris,
541 1783 638 1819 super
654 1771 714 1806 ltoc
735 1770 866 1815 editam,
888 1770 1109 1805 inviolabiliter
1131 1770 1192 1805 ob-

435 1822 550 1858 servari
574 1820 776 1865 mandamus,
799 1829 827 1855 et
855 1819 916 1854 sub
939 1831 1040 1867 poena
1056 1819 1193 1866 viginti-

436 1872 576 1919 quinque
604 1870 791 1906 ducatorum
817 1881 871 1917 per
897 1869 1120 1916 delinquentes
1144 1869 1194 1903 in-

437 1920 605 1961 currenda,
633 1928 662 1955 et
686 1919 821 1954 fabricae
850 1918 950 1954 dictae
968 1918 1115 1953 basilicae
1137 1930 1193 1965 ap-

439 1970 594 2018 plicanda;
611 1977 640 2004 et
664 1968 872 2004 nihilominus
886 1968 922 2003 ad
940 1968 1131 2003 solutionem
1146 1968 1196 2002 iu-

439 2021 519 2054 rium
554 2018 708 2055 Camerac
735 2028 764 2054 et
792 2017 974 2053 officialium
1007 2017 1193 2052 huiusmodi

439 2069 585 2117 compelli
603 2069 738 2116 possint,
762 2079 797 2102 ac
813 2068 838 2102 si
861 2067 899 2101 ad
924 2067 954 2102 id
970 2066 1148 2114 specialiter
1163 2079 1195 2102 se

438 2124 642 2170 obligassent:
667 2122 705 2156 ita
721 2120 806 2168 quod
830 2120 936 2155 nullus
953 2121 1053 2168 possit
1067 2132 1194 2155 sumere

441 2177 576 2224 rogitum
587 2185 617 2211 et
630 2175 792 2223 publicare
804 2174 988 2210 huiusmodi
999 2186 1196 2222 processum,

441 2232 500 2267 nisi
522 2232 561 2266 sit
575 2231 712 2278 scriptor
728 2229 856 2265 archivii
873 2236 990 2264 etcum
1007 2228 1111 2276 sigillo
1128 2228 1197 2263 ofli-

441 2287 497 2330 cii,
518 2285 564 2320 vel
587 2285 663 2320 alias
686 2283 826 2319 notarius
852 2282 952 2318 Rotae
974 2290 1027 2317 aut
1047 2281 1197 2317 Gamerae

442 2339 490 2375 vel
503 2338 819 2382 auditorisCamerae,
832 2345 862 2373 et
875 2337 944 2372 talis
959 2348 1127 2384 processus
1136 2348 1196 2371 non

443 2394 543 2442 possit
565 2393 656 2437 dari,
680 2393 738 2427 nisi
764 2392 846 2427 bulla
871 2391 963 2426 fuerit
991 2403 1027 2425 ex
1049 2391 1199 2425 omnibns

444 2447 559 2484 officiis
579 2447 756 2494 redempta,
778 2456 809 2482 et
837 2446 978 2481 notarius
1004 2445 1197 2480 contrarium

444 2515 572 2539 servans
593 2502 641 2538 vel
663 2502 801 2549 scriptor
823 2513 923 2549 poena
948 2500 1013 2536 falsi
1040 2500 1200 2548 puniatur,

446 2565 664 2605 praeterquam
679 2555 718 2591 de
734 2555 870 2602 peccatis
883 2555 1015 2591 occultis
1029 2555 1200 2590 conscien-

447 2612 520 2646 tiam
535 2610 801 2647 concernentibus
820 2618 849 2644 et
866 2609 1104 2657 poenitentiam,
1119 2621 1201 2657 quo-

447 2677 516 2700 rum
539 2664 694 2701 absolutio
708 2673 827 2700 secreta
843 2664 940 2700 teneri
957 2663 1062 2709 debet,
1081 2670 1113 2699 et
1128 2675 1201 2711 pro-

1012 275 1201 300 actutum
1228 275 1390 299 nonaum!

1215 345 1323 368 cessus
1338 330 1496 379 superbis
1510 342 1572 366 non
1588 330 1813 378 expediuntur,
1836 329 1895 364 nisi
1913 341 1968 377 per

1217 381 1464 430 poenitentiarios
1480 381 1629 422 minores,
1640 379 1879 428 literaeqtielulii
1894 391 1969 427 prae-

1216 431 1392 466 dcce<soris
1406 429 1586 464 huiusmodi
1600 439 1630 465 et
1645 438 1767 465 nostrae
1784 442 1813 464 in
1827 428 1970 476 reliquis,

1220 488 1309 528 prout
1337 491 1508 515 concessae
1535 487 1619 520 sunt,
1646 487 1822 514 serventur.
1848 478 1895 513 Ad
1917 478 1970 513 tol·

1218 530 1347 565 lendum
1366 537 1470 564 autem
1488 528 1622 569 fraudes,
1638 540 1718 576 quae
1732 528 1887 563 committi
1903 540 1971 575 pos-

1218 588 1287 615 sent
1316 591 1370 626 per
1397 578 1625 619 sollicitatores,
1650 578 1797 613 volumus
1819 577 1904 624 quod
1932 577 1972 613 de

1219 627 1473 676 expeditionibus
1492 628 1523 661 in
1535 627 1723 663 concistorio
1736 627 1893 675 expeditis
1907 626 1972 662 nul-

1219 679 1269 713 lus
1282 678 1521 714 sollicitatorum
1536 677 1658 712 mittere
1673 677 1770 724 possit
1787 685 1971 724 computum

1220 740 1430 776 expensarum
1448 727 1597 762 factarum
1612 726 1842 774 principalibus
1855 727 1923 761 suis
1935 725 1973 761 ad

1221 786 1337 826 parteS,
1353 777 1411 812 nisi
1425 777 1511 824 prius
1520 777 1710 823 suscriptum
1721 785 1750 811 et
1764 775 1973 823 approbatum

1223 840 1276 874 per
1299 827 1463 862 relatorem
1486 834 1515 861 et
1538 826 1744 861 camerarium
1768 825 1905 872 collegii,
1920 825 1974 873 qui

1224 889 1279 924 pro
1294 884 1435 924 tempore
1452 875 1554 911 fuerit:
1567 875 1829 911 contrafacientes
1844 887 1978 910 excom-

1224 927 1374 962 municati
1399 926 1462 960 sint
1484 937 1522 960 eo
1550 925 1630 973 ipso.

1271 980 1287 1019 g
1308 978 1366 1010 45.
1394 975 1467 1018 Quo
1484 975 1578 1020 circa,
1602 986 1656 1022 per
1677 974 1844 1020 apostolica
1862 975 1976 1022 scripta

1226 1025 1412 1060 mandamus
1445 1025 1593 1072 praefatis
1615 1024 1763 1059 omnibus
1789 1023 1980 1060 officialibus

1228 1087 1313 1110 nunc
1335 1074 1543 1110 existentibus
1559 1081 1589 1109 et
1610 1074 1663 1121 qni
1688 1085 1744 1121 pro
1759 1082 1901 1121 tempore
1915 1073 1981 1109 fue-

1226 1125 1298 1166 rint,
1315 1133 1348 1159 ut
1371 1124 1543 1172 praemissa
1560 1124 1664 1159 omnia
1681 1131 1709 1157 et
1724 1123 1861 1170 singula,
1879 1135 1983 1171 quan-

1227 1183 1293 1209 tum
1320 1174 1356 1209 ad
1386 1186 1440 1209 eos
1467 1182 1495 1208 et
1523 1185 1633 1208 corum
1671 1172 1814 1218 singulos
1848 1174 1982 1218 attinet,

1227 1224 1288 1259 sub
1309 1223 1501 1271 supradictis
1515 1223 1624 1269 poenis
1639 1222 1860 1258 inviolabiliter
1873 1222 1984 1258 obser-

1229 1280 1312 1313 vent,
1327 1285 1363 1308 ac
1378 1272 1548 1307 venerabili
1568 1271 1652 1306 fratri
1669 1271 1820 1319 Rapltaeli
1835 1272 1984 1319 episcopo

1227 1322 1381 1363 Ostiensi,
1397 1321 1569 1357 camerario
1583 1329 1703 1365 nostro,
1717 1329 1747 1356 et
1765 1320 1890 1356 ‹lilectis
1913 1321 1985 1357 filiis

1229 1373 1345 1407 nostris
1359 1371 1460 1416 Sixto,
1474 1371 1552 1406 tituli
1571 1370 1680 1405 Sancti
1698 1370 1781 1405 Petri
1796 1371 1833 1405 ad
1850 1370 1985 1406 Vincula

1231 1421 1417 1469 presbytero
1439 1420 1605 1464 cardinali,
1619 1419 1758 1455 eiusdem
1777 1429 1904 1456 sanctae
1919 1420 1986 1456 Ro-

1230 1483 1340 1506 manae
1355 1470 1507 1505 Ecclesiae
1521 1469 1787 1515 vicecancellario,
1799 1478 1829 1505 et
1842 1470 1987 1505 Leonar-

1231 1520 1378 1562 d0,tituli
1395 1519 1529 1555 Sanctae
1554 1519 1718 1554 Susannae
1740 1520 1832 1554 etiam
1856 1519 1987 1568 presby-

1232 1579 1298 1605 tero
1306 1569 1456 1605 cardinali
1471 1569 1582 1604 maiori
1597 1569 1850 1616 poenitentiario,
1865 1569 1988 1605 moder-

1233 1619 1282 1654 nis
1303 1627 1334 1654 et
1357 1631 1412 1667 pro
1429 1626 1570 1666 tempore
1593 1618 1810 1661 existentibus,
1830 1626 1988 1667 quatenus

1234 1669 1305 1715 ipsi,
1323 1681 1378 1716 per
1392 1681 1424 1704 se
1441 1669 1486 1703 vel
1510 1669 1604 1703 alium
1623 1680 1678 1703 seu
1701 1668 1791 1713 alios,
1807 1676 1988 1716 praesentes

1233 1719 1339 1754 literas
1355 1718 1407 1753 ubi
1431 1726 1461 1753 et
1477 1718 1604 1765 quando
1619 1718 1793 1765 expedierit
1806 1718 1989 1754 solemniter

1235 1768 1447 1815 publicantes,
1475 1767 1579 1803 omnia
1608 1775 1637 1802 ct
1660 1767 1783 1814 singula
1811 1767 1989 1815 supradicta

1234 1819 1327 1852 etiam
1356 1817 1578 1853 inviolabiliter
1602 1817 1775 1862 observari,
1798 1825 1828 1853 et
1855 1817 1925 1852 illos
1951 1830 1989 1853 ex

1235 1867 1423 1902 officialibus
1446 1867 1492 1902 eis
1519 1866 1682 1912 subiectis,
1705 1879 1786 1914 quos
1809 1879 1926 1915 poenas
1941 1880 1989 1903 su-

1237 1916 1394 1963 pradictas
1417 1917 1586 1952 incurrisse
1614 1917 1818 1963 cognoverint
1835 1945 1842 1957 ,
1872 1929 1990 1964 poenas

1237 1967 1321 2014 ipsas
1348 1967 1516 2002 incurrisse
1539 1966 1753 2007 ‹leclarent,et
1781 1967 1818 2001 ad
1842 1966 1910 2001 illas
1925 1966 1992 2002 sol-

1238 2015 1354 2050 vendas
1376 2028 1431 2063 per
1454 2023 1630 2063 opportuna
1653 2015 1730 2051 iuris
1753 2015 1888 2051 remedia
1902 2027 1992 2052 com-

1239 2066 1367 2112 pellant,
1395 2073 1550 2112 potestate
1573 2075 1675 2100 tamen
1699 2074 1728 2100 et
1752 2065 1909 2110 facultate,
1936 2078 1992 2113 per

1238 2119 1343 2154 literas
1363 2119 1538 2166 praedictas
1562 2119 1612 2153 fel.
1637 2131 1679 2154 re.
1708 2119 1777 2153 Iulii
1807 2119 1833 2154 ll
1857 2119 1992 2166 praede-

1239 2173 1372 2208 cessoris
1387 2173 1483 2208 nostri
1500 2180 1530 2208 et
1552 2180 1675 2208 nostras
1697 2173 1767 2208 aliis
1780 2172 1993 2209 cardinalibus

1241 2227 1498 2263 reformatoribus
1526 2227 1594 2262 data
1610 2236 1639 2262 et
1663 2239 1772 2263 eorum
1796 2227 1937 2273 cuilibet,
1959 2227 1990 2262 in

1239 2295 1297 2317 suo
1308 2282 1419 2318 robore
1432 2281 1701 2329 permanentibus,
1711 2281 1814 2329 quoad
1825 2290 1993 2329 transgres-

1240 2349 1327 2372 sores
1343 2345 1373 2371 et
1395 2336 1616 2384 delinquentes
1637 2336 1718 2371 circa
1739 2335 1927 2383 praemissa:
1944 2335 1995 2370 in-

1241 2399 1349 2426 vocato
1377 2391 1471 2426 etiam
1499 2390 1536 2426 ad
1561 2390 1632 2435 ltoc,
1655 2390 1679 2425 si
1703 2402 1784 2437 opus
1806 2389 1911 2432 fuerit,
1937 2401 1995 2425 au-

1241 2445 1314 2480 xilio
1342 2445 1461 2481 brachii
1485 2444 1662 2480 saecularis.

1290 2500 1309 2547 g
1332 2502 1388 2534 44.
1412 2499 1481 2534 Non
1497 2498 1696 2534 obstantibus
1715 2496 1996 2533 constitutionibus

1242 2561 1271 2588 et
1285 2553 1538 2588 ordinationibus
1559 2552 1753 2600 apostolicis,
1769 2563 1827 2587 nec
1847 2563 1909 2587 non
1924 2551 1997 2599 qui—

1243 2608 1349 2642 busvis
1358 2607 1529 2656 privilegiis
1542 2615 1572 2642 et
1585 2606 1716 2642 indultis
1727 2605 1922 2654 apostolicis,
1935 2605 1997 2642 col-

1244 2661 1332 2709 legiis
1354 2661 1585 2710 praedictorum
1613 2659 1794 2696 officialium
1817 2659 1997 2708 quomodo-

1981 270 2030 298 An.
2052 269 2083 297 C.
2098 268 2164 296 ¹515

2013 985 2099 1007 Sanctio
2122 989 2177 1013 po·-

1993 1018 2054 1039 natts.

2024 2509 2136 2532 Decretum
2148 2509 2193 2532 trrt·

2011 2545 2058 2564 un·
2079 2541 2192 2565 contraria.
