2281 3251
254 270 300 295 An.
317 268 344 294 C.
364 267 432 294 sst7b

265 526 357 546 Alterius
375 525 435 545 tub·-

253 560 286 577 tus
307 563 364 577 usum
385 563 435 584 pro-

254 588 318 609 hibet.

266 1412 376 1433 Contraria
393 1412 436 1433 tot—

253 1442 284 1464 tit.

272 1522 415 1550 Transumptin

252 1554 310 1574 erodi
326 1554 390 1575 iubet⁴

497 257 568 290 226

449 321 592 358 eiusdem
607 320 749 366 Ordinis,
773 330 954 369 praesentes
971 330 999 356 et
1016 321 1127 365 futuri,
1154 320 1192 356 ad

449 384 542 407 usum
578 384 783 420 personarum
806 384 948 415 suarum,
978 371 1089 418 pannis
1111 371 1192 418 nigri

450 421 496 457 vel
507 421 569 456 albi
584 422 698 456 coloris
717 421 817 456 solum
833 429 863 456 et
877 421 1037 455 dumtaxat
1057 429 1192 455 utantur.

498 472 519 519 g
545 473 578 506 5.
600 471 786 506 Mandautes
808 483 863 519 per
885 470 1054 518 apostolica
1067 471 1194 517 scripta,

450 529 479 556 et
505 521 615 556 eadem
638 522 821 556 auctoritate
855 521 1088 555 committentes
1114 519 1196 556 dilc-

450 571 508 606 ctis
549 571 621 606 liliis
655 571 807 605 universis
852 570 991 617 patribus
1032 569 1196 605 abbatibus

449 620 590 656 eiusdem
617 620 760 664 Ordinis,
784 619 1000 666 praesentibus
1021 629 1051 654 et
1074 619 1194 659 suturis,

449 680 605 718 quatenus
628 671 684 717 ipsi
712 678 741 704 et
763 669 895 716 quilibet
927 670 1080 717 ipsorum,
1109 679 1196 716 post-

449 732 543 767 quam
564 728 746 767 praesentes
762 727 886 754 nostrae
906 719 1012 754 literae
1034 719 1072 754 ad
1087 731 1193 754 eorum

450 769 590 804 notitiam
619 769 832 816 pervenerint,
858 769 1114 813 declarationem,
1132 778 1195 804 sta-

451 829 553 854 tutum
586 827 616 854 et
642 818 878 854 concessionem
916 827 1054 854 nostram
1084 819 1196 854 huius—

451 868 725 904 modiobservent.
742 868 782 903 Et
805 881 860 916 per
881 881 915 904 se
931 868 976 903 vel
999 868 1087 913 alios,
1103 869 1194 903 etiam

449 930 465 953 a
487 918 626 966 quolibet
649 919 802 966 ipsorum,
829 930 888 953 nec
915 930 978 953 non
1002 918 1072 953 aliis
1093 917 1196 953 abba-

452 968 535 1003 tibus
569 976 599 1003 et
622 968 762 1003 monacis
783 980 818 1002 ac
841 967 1031 1003 monialibus
1051 967 1195 1003 eiusdem

449 1017 580 1053 Ordinis
603 1025 752 1065 perpetuo
770 1017 883 1052 faciant
905 1017 1123 1053 inviolabiliter
1146 1017 1198 1052 ob-

449 1068 577 1103 servari.
594 1067 663 1102 Non
682 1068 898 1115 permittentes
912 1067 1039 1102 eosdem
1059 1066 1196 1112 abbates,

451 1129 599 1153 monacos
632 1125 662 1152 et
693 1117 845 1152 moniales
868 1129 1000 1165 pannos,
1033 1116 1071 1151 ad
1106 1129 1195 1152 usum

452 1179 657 1214 personarum
680 1179 820 1207 suarum,
847 1167 976 1202 alterius
998 1179 1092 1214 quam
1116 1167 1194 1213 nigri

450 1217 496 1251 vel
525 1216 585 1251 albi
614 1217 728 1252 coloris
754 1217 876 1252 deferre
903 1217 949 1252 vel
972 1216 1034 1251 illis
1055 1228 1196 1264 quomo-

450 1266 569 1301 dolibet
588 1267 643 1301 uti.
666 1265 921 1302 Contradictores
949 1278 1004 1313 per
1031 1278 1194 1301 censuram

450 1315 714 1356 ecclesiasticam,
751 1316 962 1364 appellatione
1000 1316 1195 1364 postposita,

450 1366 695 1414 compescendo.

499 1415 520 1463 S
546 1419 580 1451 6.
602 1415 672 1451 Non
699 1415 896 1450 obstantibus
932 1423 986 1450 etc.

499 1466 520 1513 S
543 1467 574 1500 7.
597 1464 758 1507 Ceterum,
782 1466 856 1513 quia
887 1464 1012 1501 difficile
1036 1465 1114 1500 foret
1131 1472 1195 1506 etc.‚

451 1527 543 1561 usque
569 1514 763 1559 adhibeatur,
785 1524 816 1550 et
840 1514 900 1549 illis
922 1522 1039 1559 stetur,
1073 1514 1196 1562 ipsique

451 1572 555 1612 patres
581 1564 711 1600 abbates
743 1564 782 1599 ad
816 1564 940 1599 illarum
976 1565 1194 1599 executionem

452 1613 623 1661 procedere
647 1614 767 1661 possint
788 1622 818 1648 et
840 1613 975 1649 debeant
997 1615 1029 1649 in
1045 1614 1196 1649 omnibus

449 1671 479 1698 et
515 1676 570 1711 per
603 1664 706 1698 omnia
746 1664 838 1698 sicuti
866 1663 1073 1710 originalibus
1100 1664 1197 1699 literis

449 1713 630 1748 huiusmodi
654 1713 856 1748 adhiberetur
877 1721 907 1748 et
925 1714 972 1748 eis
994 1721 1140 1758 staretur,
1161 1726 1196 1749 ac

450 1763 510 1810 ipsi
533 1771 636 1810 patres
663 1763 792 1798 abbates
820 1763 990 1810 procedere
1017 1772 1147 1811 possent
1167 1773 1195 1798 et

448 1812 612 1853 deberent,
628 1812 651 1846 si
669 1813 769 1847 forent
792 1812 950 1847 exhibitae
973 1813 1019 1848 vel
1038 1822 1194 1848 ostensae.

495 1861 611 1897 Datum
640 1861 759 1897 Romae
775 1862 859 1909 apud
886 1862 919 1897 S.
948 1863 1091 1902 Petrum,
1114 1875 1196 1898 anno

447 1910 672 1946 lncarnationis
699 1912 874 1947 dominicae
913 1911 1083 1947 millesimo
1111 1925 1195 1960 qua-

445 1960 694 2007 dringentesimo
705 1961 939 2008 septuagesimo
958 1962 1079 2009 quinto,
1092 1962 1197 1998 idibus

446 2009 639 2054 decembris,
653 2011 854 2057 pontificatus
867 2012 966 2046 nostri
978 2023 1061 2047 anno
1073 2012 1194 2059 quinto.

479 2071 541 2103 Dat.
556 2073 603 2103 die
620 2072 657 2103 13
671 2073 836 2104 decembris
850 2074 934 2111 1475,
950 2078 1029 2113 pont.
1045 2084 1121 2105 anno
1137 2084 1161 2104 v.

758 2260 803 2295 xi
837 2263 881 2306 (ι)

446 2342 538 2383 Quod
575 2354 675 2376 omnes
713 2343 855 2388 mayistri
902 2343 947 2377 vel
989 2351 1194 2388 praeceptores

491 2408 748 2442 quorumcumque
781 2398 919 2431 locorum
957 2399 1012 2432 sub
1046 2398 1194 2431 vocabulo

491 2450 525 2486 S.
548 2451 689 2499 Spiritus
709 2454 769 2486 sint
787 2454 919 2486 totaliter
934 2453 1059 2487 subiecti
1079 2464 1193 2497 magno

491 2507 640 2552 magistro
671 2519 721 2541 seu
751 2508 886 2551 generali
918 2509 1110 2553 praeceptori
1137 2519 1193 2542 ar-

491 2561 697 2607 ehihospieatis
724 2562 760 2596 S.
794 2563 930 2607 Spiritus
956 2563 989 2595 in
1015 2562 1118 2596 Samia
1159 2564 1194 2595 de

1034 267 1134 290 nt‘LLA
1140 266 1170 289 tu
1176 266 1221 289 m!
1248 266 1408 290 ROMANFM

1288 322 1375 364 Urbe,
1412 329 1438 355 et
1480 324 1592 368 absque
1625 324 1687 358 eius
1714 325 1836 358 licentia
1861 325 1987 358 eleemo-

1284 383 1376 416 synas
1400 383 1542 416 quaerere
1563 385 1624 406 non
1642 375 1770 417 possint,
1784 375 1867 408 etad
1888 375 1985 418 ipsum

1285 422 1383 454 sotum
1415 429 1520 466 spectet
1546 424 1671 457 collatio
1698 424 1833 458 Iocorum
1857 424 1987 458 Ordinis

1285 472 1396 505 Sancti
1419 473 1555 516 Spiritus
1577 475 1635 516 (1).

1504 551 1719 582 sulimatum!

1239 621 1404 652 Exordium.
1419 639 1458 644 —
1474 622 1499 651 1.
1522 622 1647 658 Quidam
1671 622 1776 653 fratres
1796 623 1940 654 faciebant
1956 633 1988 654 se

1278 671 1483 706 praeceptores
1516 667 1669 705 generales
1697 668 1726 696 in
1759 668 1831 698 locis
1862 668 1898 698 ab
1931 669 1988 699 isto

1279 712 1416 750 hospitali
1439 711 1684 751 dependentibus.
1700 729 1739 734 —
1759 713 1787 742 ΕΞ.
1813 713 1869 743 Alii
1889 719 1986 744 autem

1278 756 1340 795 ipsa
1371 756 1433 786 loca
1457 761 1485 785 et
1506 756 1719 796 eleemosynas,
1738 757 1857 788 sibimet
1878 767 1987 798 appro-

1279 800 1422 840 priabant.
1448 818 1487 823 —
1508 801 1535 831 3.
1563 800 1615 831 Hic
1639 802 1704 831 ideo
1728 801 1859 831 Pontifex
1889 803 1986 833 omnia

1277 845 1352 874 dicta
1379 846 1442 875 loca
1466 846 1610 875 intitulata
1631 845 1685 875 sub
1710 846 1854 876 vocabulo
1873 846 1901 877 S.
1923 846 1989 886 Spi-

1278 890 1355 926 ritus,
1375 889 1410 919 ab
1429 890 1483 920 isto
1500 890 1638 929 hospitali
1659 891 1826 930 dependere
1845 891 1989 929 declarat3

1277 950 1316 955 —
1332 934 1360 963 4.
1383 933 1480 973 anue
1503 934 1689 964 solummodo
1713 934 1854 965 fratribus
1869 934 1988 966 Ordinis

1280 978 1307 1008 S.
1335 977 1461 1017 Spiritus
1495 983 1522 1008 et
1544 987 1596 1017 per
1621 979 1794 1017 magistrum
1822 980 1988 1018 generalem

1279 1022 1368 1052 buius
1391 1022 1475 1062 hosp.
1495 1022 1620 1052 conferri
1641 1032 1726 1062 posse
1744 1024 1883 1054 decernit.
1900 1041 1939 1047 —
1961 1025 1989 1055 5.

1278 1067 1369 1098 Nemo
1396 1068 1471 1098 alius
1501 1077 1532 1098 se
1561 1077 1636 1107 mag.
1666 1068 1832 1107 generalem
1854 1069 1989 1109 appellet,

1278 1118 1306 1143 et
1321 1113 1383 1142 solo
1403 1113 1491 1143 huius
1511 1113 1595 1152 hosp.
1615 1114 1754 1152 magistro
1771 1114 1900 1152 generali
1919 1114 1989 1145 obe—

1278 1158 1368 1188 diant.
1390 1175 1428 1180 —
1460 1158 1486 1187 ὓ.
1522 1158 1779 1188 Contravenientes
1817 1167 1988 1188 excommu-

1278 1203 1438 1238 nicantur,
1463 1219 1502 1225 -
1535 1203 1560 1232 7.
1594 1202 1627 1232 Et
1659 1203 1744 1232 etiam
1779 1206 1988 1242 quaestuantes

1280 1246 1392 1286 absque
1424 1247 1541 1277 licentia
1566 1247 1689 1285 magist.·
1714 1247 1870 1285 generalis,
1901 1263 1939 1269 -
1961 1247 1989 1277 8.

1277 1291 1333 1327 Qui
1362 1291 1449 1321 etiam
1481 1300 1582 1321 eorum
1612 1291 1765 1327 beneficia,
1788 1292 1829 1321 uti
1848 1291 1988 1326 vacantia.

1278 1336 1346 1365 aliis
1364 1335 1498 1366 conferre
1517 1336 1619 1375 possit.
1637 1352 1676 1358 —
1695 1336 1722 1365 9.
1741 1335 1845 1365 Forma
1863 1335 1990 1365 eleemo-

1277 1388 1363 1419 synas
1381 1380 1417 1409 de
1439 1384 1535 1410 cetero
1557 1379 1724 1419 colligendi.
1739 1396 1779 1403 —
1796 1380 1842 1411 10.
1861 1379 1989 1410 Obstan-

1279 1424 1316 1453 tia
1336 1423 1419 1453 tollit.

1302 1499 1397 1528 sixtus
1424 1499 1568 1536 opiscopus
1587 1506 1682 1529 servus
1707 1507 1848 1530 servorum
1861 1499 1926 1534 Bel.
1961 1483 1964 1487 Δ

1373 1549 1406 1577 ad
1435 1550 1596 1585 pei-petuam
1623 1549 1664 1578 rei
1687 1549 1854 1579 memoriam.

2049 291 2054 297 .
2072 271 2102 297 C.
2117 271 2184 298 11176

1287 1621 1354 1656 Etsi
1389 1621 1545 1657 universis
1572 1621 1792 1665 xenodochiis,
1820 1622 1989 1670 hospitali·
2033 1643 2152 1665 mmmm,

1239 1672 1298 1706 bus
1337 1680 1368 1706 et
1407 1672 1467 1719 piis
1493 1671 1563 1706 aliis
1597 1672 1674 1706 locis
1704 1671 1837 1708 ubilibet
1866 1673 1988 1708 consti-

1239 1722 1323 1763 tutis,
1353 1724 1384 1756 iu
1411 1720 1529 1768 quibus
1557 1721 1794 1757 misericordiae
1834 1734 1929 1770 opera
1956 1730 1988 1758 et

1237 1772 1298 1806 alia
1323 1771 1482 1806 charitatis
1509 1770 1609 1806 officia
1637 1780 1835 1827 exercentur,
1859 1782 1987 1819 paterna

1239 1833 1296 1856 nos
1336 1822 1444 1856 deceat
1484 1820 1597 1867 pietate
1637 1822 1838 1877 prospicere
1867 1831 1898 1857 et
1931 1834 1988 1869 pro

1239 1871 1378 1918 ipsorum
1406 1879 1488 1906 statu
1516 1882 1683 1918 prospem,
1705 1879 1799 1927 atque
1822 1872 1854 1906 in
1876 1871 1989 1907 huius-

1239 1921 1323 1956 modi
1351 1920 1520 1956 meritoriis
1547 1919 1672 1955 actibus
1711 1922 1864 1956 continuo
1897 1933 1988 1957 exer-

1239 1971 1348 2006 cendis
1375 1970 1572 2018 persistere,
1601 1982 1721 2017 proque
1748 1982 1922 2018 pauperum
1958 1980 1987 2007 et

1239 2020 1466 2056 miserabilium
1509 2032 1714 2067 personarum
1761 2021 1987 2068 susceptione,

1237 2072 1378 2108 subsidio
1418 2080 1448 2106 et
1475 2070 1688 2118 hospitalitate
1722 2072 1897 2112 servanda,
1932 2083 1988 2107 eo-

1239 2135 1372 2170 rumque
1415 2122 1579 2164 membra,
1621 2122 1701 2157 bona
1751 2130 1782 2157 et.
1821 2123 1887 2158 iura
1923 2134 1987 2158 non

1238 2173 1332 2208 modo
1358 2187 1375 2209 a
1402 2174 1524 2209 cunctis
1550 2173 1687 2209 sinistris
1713 2173 1878 2209 eventibus
1895 2185 1988 2220 prae-

1236 2235 1361 2258 servare
1399 2225 1527 2267 illaesa,
1555 2236 1662 2259 verum
1700 2224 1804 2270 potius
1830 2223 1987 2271 adaugere

1236 2274 1418 2310 debeamus:
1442 2286 1514 2321 erga
1541 2282 1683 2309 nostrum
1711 2282 1815 2308 tamen
1839 2275 1870 2309 in
1894 2272 1986 2309 Saxia

1236 2324 1335 2359 almae
1370 2324 1466 2360 Urbis
1477 2302 1666 2371 Dhospitale,
1707 2323 1790 2372 quod
1834 2335 1936 2380 nuper
1970 2335 1986 2358 a

1237 2373 1449 2410 fundamentis
1473 2375 1652 2415 ereximus,
1681 2374 1923 2410 instauravimus
1957 2383 1986 2409 et

1236 2433 1425 2472 sumptuoso
1447 2437 1542 2472 opere
1569 2402 1798 2472 ampliavimuS,
1825 2436 1864 2459 eo
1886 2424 1988 2471 magis

1237 2474 1462 2519 intendentes,
1488 2475 1621 2522 eiusque
1661 2474 1843 2521 indigentiis
1882 2474 1987 2522 provi-

1236 2524 1334 2564 dere,
1363 2534 1396 2560 ut
1423 2524 1477 2572 qui
1516 2537 1545 2558 tn
1589 2536 1626 2559 eo
1667 2524 1803 2559 infantes
1835 2524 1987 2571 expositi,

1270 2591 1309 2627 (1)
1327 2589 1525 2618 institutionem
1541 2595 1630 2618 autem
1650 2590 1729 2619 huius
1741 2591 1877 2627 hospitalis
1901 2595 1928 2618 et
1937 2591 1985 2618 alia

478 2631 518 2668 (ί)
534 2632 604 2660 Haec
619 2631 699 2666 bulla,
722 2632 827 2660 turbato
847 2635 999 2669 temporum
1015 2633 1118 2666 ordine,
1144 2635 1193 2661 sub
1237 2632 1323 2667 ipsum
1344 2632 1541 2664 concernentia,
1559 2631 1620 2659 vide
1642 2640 1702 2667 sup.
1721 2633 1747 2659 in
1759 2633 1872 2660 Constit.
1888 2639 1924 2660 ιιι
1940 2632 1986 2660 ln-

446 2680 520 2700 num.
538 2680 586 2700 xtv
602 2673 626 2700 in
644 2673 720 2700 Rom.
734 2672 854 2701 Editione
874 2673 967 2709 legitur
983 2673 1021 2709 (n.
1038 2673 1087 2709 τ,).

1238 2673 1353 2700 nocentii
1371 2673 1416 2707 ΙΙΙ,
1436 2676 1499 2700 torn.
1522 2680 1562 2706 ιιι,
1584 2680 1642 2708 pag.
1665 2673 1724 2700 189.
