2281 3251
116 276 167 303 An.
188 273 217 302 C.
232 274 299 303 trr56

137 769 273 793 obstantibus

154 802 249 828 derogat,

934 271 1094 294 aveamus
1120 271 1153 293 lv
1180 271 1227 294 ΙΨ.

313 338 448 375 cumque
469 326 643 374 dignitatis,
664 334 774 367 status,
789 326 916 373 gradus,
939 326 1059 361 ordinis

313 377 360 412 vel
383 376 575 412 conditionis
600 376 770 415 extiterint,
791 375 1058 423 quandocumque

312 434 343 461 ct
374 425 635 473 quotiescumque
669 425 853 472 expedierit,
876 425 1059 460 autumnitate

314 483 430 519 nostra,
454 486 508 522 per
541 486 704 509 censuram
745 474 1002 517 ecclesiasticam,
1024 487 1060 508 ac

312 524 398 559 omni
425 523 636 571 appellatione
672 535 854 570 processum
893 535 1057 558 causarum

313 573 425 620 quovis
447 572 541 608 modo
557 573 746 619 respiciente
763 573 946 619 postposita,
968 585 1059 607 com-

314 621 508 670 pescendo,'
502 630 644 657 invocato
666 621 703 656 ad
724 622 795 663 buc,
811 623 837 657 si
860 634 941 669 opus
956 622 1060 662 suerit,

312 672 427 707 auxilio
456 671 572 706 brachii
595 671 776 706 saecularis.

361 721 381 768 S
403 723 435 755 4.
455 720 525 755 Non
550 720 747 755 obstantibus
763 729 823 755 tam
844 720 895 755 fel.
920 733 981 756 rec.
998 720 1061 755 Bo-

313 770 416 806 nisacii
441 769 542 816 Papae
568 769 649 814 Vlll,
678 770 929 817 praedecessoris
951 771 1060 808 nostri,

313 820 343 854 in
366 819 482 867 quibus
504 827 631 854 cavetur
659 832 697 854 ne
723 819 849 866 aliquis,
869 828 953 854 extra
970 832 1058 853 suam

311 869 467 904 civitatem
490 875 520 903 et
542 868 725 909 dioecesim,
749 870 808 903 nisi
838 869 867 902 in
887 869 979 903 certis
1003 881 1060 902 ex-

312 919 412 965 ceptis
424 917 561 957 casibus,
571 918 639 953 etin
653 918 711 952 illis
723 918 798 952 ultra
817 930 909 952 unam
925 918 1060 953 diaetam

312 979 328 1002 a
344 968 405 1003 fine
419 979 495 1002 suae
506 966 661 1002 dioecesis
676 966 712 1001 ad
729 967 878 1001 iudicium
900 975 1061 1007 evocetur,

312 1028 368 1051 seu
397 1028 435 1051 ne
471 1016 590 1050 iudices
622 1024 652 1050 et
673 1024 912 1051 conservatores
935 1028 952 1050 a
979 1015 1061 1051 Sede

313 1065 453 1113 deputati
478 1065 649 1112 praedicta,
663 1073 749 1100 extra
764 1065 923 1100 civitatem
939 1074 969 1100 et
982 1065 1062 1099 dioe-

313 1115 422 1158 cesim,
451 1127 481 1149 in
513 1114 627 1161 quibus
648 1113 786 1169 deputati
804 1113 932 1154 fuerint,
955 1122 1061 1149 contra

313 1175 529 1211 quoscumque
553 1163 734 1210 procedere,
761 1164 826 1198 sive
853 1163 903 1197 alii
927 1163 973 1198 vel
996 1163 1063 1197 aliis

313 1225 395 1248 vices
416 1224 490 1247 suas
512 1212 720 1251 committere
748 1220 801 1247 aut
826 1213 946 1259 aliquos
982 1212 1062 1247 ultra

312 1274 407 1297 unam
432 1261 565 1296 diaetam
581 1273 598 1296 a
611 1261 673 1295 line
686 1261 867 1296 dioecesum
880 1261 1062 1297 earumdem

312 1311 436 1346 trabere
471 1318 684 1357 praesumant,
715 1322 772 1345 seu
804 1311 889 1358 quod
923 1310 962 1345 de
995 1311 1064 1346 aliis

312 1371 406 1407 quam
430 1359 469 1394 de
492 1359 667 1394 manifestis
690 1359 813 1394 iniuriis
833 1372 870 1395 ac
894 1360 1064 1404 violentiis,

312 1417 342 1444 et
368 1408 437 1444 aliis
462 1421 543 1456 quae
571 1408 738 1444 iudicalem
775 1409 940 1456 requirunt
974 1409 1064 1444 inda-

312 1458 431 1505 ginem,
454 1458 566 1505 poenis
588 1458 618 1492 iu
634 1470 701 1497 eos,
723 1458 748 1492 si
771 1470 864 1493 secus
879 1458 1011 1505 egerint,
1034 1466 1065 1494 et

314 1508 345 1541 in
368 1506 398 1541 id
428 1514 635 1553 procurantes
656 1506 800 1552 adiectis,
827 1516 1066 1542 conservatores

313 1567 347 1590 se
382 1555 563 1591 nullatenus
598 1556 818 1592 intromittant.
855 1556 895 1591 Et
927 1565 988 1591 tam
1025 1557 1064 1592 de

313 1604 437 1640 duabus
472 1604 584 1640 diaetis
599 1605 630 1640 in
646 1605 783 1641 concilio
795 1606 947 1652 generali,
964 1606 1065 1641 dum-

314 1653 409 1689 modo
436 1653 514 1688 ultra
542 1654 622 1689 duas
650 1654 766 1702 aliquis
778 1662 863 1689 extra
880 1667 968 1690 suam
993 1656 1067 1690 civi-

314 1710 409 1738 tatem
440 1711 472 1737 et
498 1703 680 1748 dioecesim,
702 1704 887 1739 auctoritate
916 1717 1066 1751 praesen-

314 1751 408 1793 tium,
448 1751 487 1787 ad
515 1752 668 1787 iudicium
701 1765 763 1788 non
792 1753 944 1798 trabatur,
971 1766 1064 1801 quam

316 1800 386 1836 aliis
425 1800 682 1849 quibuscumque
717 1802 1007 1843 constitutionibus,
1049 1815 1065 1838 a

315 1849 611 1897 praedecessoribus
632 1851 747 1886 nostris
764 1850 917 1886 Romanis
932 1851 1066 1887 Pontifi-

315 1898 416 1943 cibus,
437 1907 498 1934 tarn
514 1899 553 1934 de
576 1899 735 1935 iudicibus
756 1900 908 1947 delegatis
930 1908 960 1935 et
982 1913 1067 1936 con-

315 1948 541 1993 servatoribus,
557 1961 651 1996 quam
675 1950 821 1997 personis
842 1949 922 1985 ultra
945 1959 1065 1986 certum

315 2009 481 2033 numerum
509 1999 546 2033 ad
569 1998 723 2034 iudicium
747 2011 809 2035 non
833 1999 992 2044 vocandis,
1015 2010 1068 2036 aut

314 2047 386 2083 aliis
422 2047 528 2092 editis,
552 2061 634 2096 quae
657 2057 775 2084 vestrae
799 2058 927 2097 possent
950 2051 979 2085 in
1009 2050 1067 2087 bac

315 2105 403 2145 parte
431 2097 641 2134 iurisdictioni
669 2108 722 2134 aut
746 2099 905 2147 potestati,
932 2100 1068 2148 eiusque

313 2151 413 2188 libero
426 2152 576 2188 exercitio
590 2153 827 2200 quomodolibet
854 2154 998 2196 obviare,
1012 2168 1066 2190 seu

313 2206 338 2241 si
369 2206 543 2254 aliquibus,
570 2208 782 2243 communiter
809 2208 856 2243 vel
884 2208 1025 2252 divisim,
1051 2223 1067 2245 a

311 2260 472 2311 praedicta
495 2261 534 2296 sit
549 2260 632 2297 Sede
651 2262 828 2303 indultum,
843 2263 929 2310 quod
946 2276 1070 2300 excom-

314 2314 482 2356 municari,
503 2316 656 2363 suspendi
681 2316 727 2351 vel
743 2317 965 2359 interdici,seu
982 2327 1067 2354 extra

315 2368 362 2422 vel
388 2369 467 2405 ultra
506 2378 590 2405 certa
618 2370 685 2406 loca
707 2370 746 2405 ad
774 2371 923 2406 iudicium
947 2374 1068 2408 evocari

315 2435 378 2458 non
406 2424 527 2471 possint
561 2437 615 2472 per
646 2424 752 2460 literas
779 2426 967 2473 apostolicas
1006 2440 1067 2462 non

314 2477 466 2513 facientes
481 2478 605 2526 plenam
621 2487 652 2514 et
673 2491 852 2527 expressam
868 2492 904 2515 ac
918 2480 958 2516 de
974 2481 1069 2517 verbo

314 2532 353 2568 ad
377 2532 505 2567 verbum
531 2532 705 2569 deindulto
721 2534 901 2569 huiusmodi
918 2543 1067 2571 eteorum

315 2587 477 2635 personis,
500 2586 598 2633 locis,
620 2587 796 2623 Ordinibus
823 2597 854 2624 et
889 2589 1069 2625 nominibus

315 2641 453 2691 propriis
478 2642 685 2690 mentionem,
712 2651 743 2680 et
766 2643 909 2692 qualibet
930 2643 987 2680 alia
1018 2644 1069 2680 di-

1758 262 1803 294 29

1098 334 1166 361 ctae
1188 325 1281 361 Sedis
1307 325 1500 371 indulgentia
1534 325 1670 370 generali
1706 326 1751 360 vel
1779 339 1852 373 spc-

1099 375 1182 420 ciali,
1215 375 1448 421 cuiuscumque
1479 374 1597 409 tenoris
1630 375 1776 414 existant,
1801 388 1854 422 per

1099 437 1207 471 quam,
1223 424 1443 472 praesentibus
1459 436 1520 458 non
1536 435 1716 469 expressam
1739 424 1784 458 vel
1806 432 1855 459 to-

1100 474 1201 509 taliter
1221 487 1281 509 non
1306 474 1466 511 insertam,
1492 480 1610 507 vestrae
1633 473 1855 509 iurisdictionis

1100 524 1264 570 explicatio
1288 523 1317 557 in
1343 523 1399 557 liac
1422 530 1507 570 parte
1530 522 1628 557 valeat
1646 522 1855 569 quomodoli—

1101 572 1151 607 bet
1188 572 1349 619 impediri,
1377 572 1417 607 de
1443 584 1517 619 qua,
1544 571 1699 618 cuiusque
1722 580 1785 606 toto
1807 580 1855 606 tc·

1101 634 1177 656 nore
1207 622 1245 656 (le
1274 622 1368 656 verbo
1396 621 1434 656 ad
1459 621 1602 662 verbum,
1625 621 1654 654 in
1676 622 1791 656 nostris
1815 621 1855 656 li-

1101 671 1175 705 teris
1199 671 1342 705 habenda
1365 671 1404 705 sit
1427 670 1544 705 mentio
1570 670 1726 717 specialis.

1150 720 1224 767 §5-
1251 720 1417 755 Caeterum
1449 720 1595 754 volumus
1626 727 1657 753 et
1683 720 1854 766 apostolira

1100 769 1283 804 auctoritate
1306 769 1520 810 decernimus,
1542 768 1627 817 quod
1650 769 1784 816 quilibet
1803 783 1855 804 ve-

1101 826 1199 853 strum
1240 820 1386 865 prosequi
1428 819 1524 853 valeat
1557 818 1725 853 articulum
1761 820 1854 854 etiam

1103 879 1157 914 per
1178 867 1274 902 alium
1305 868 1496 909 inchoatum,
1524 868 1667 915 quamvis
1697 868 1779 903 idem
1808 869 1856 903 in-

1102 916 1220 951 choans
1235 917 1321 951 nullo
1342 916 1434 952 suerit
1453 917 1681 963 impedimento
1704 919 1857 953 canonico

1103 965 1314 1012 praepeditus.
1331 966 1490 1014 Quodque
1505 979 1520 1000 a
1536 966 1617 1002 datis
1632 968 1857 1013 praesentium,

1102 1014 1141 1048 sit
1156 1014 1244 1049 vobis
1257 1023 1287 1050 et
1303 1016 1550 1062 unicuicumque
1566 1016 1754 1057 vestrum,in
1771 1029 1860 1064 prae-

1103 1064 1209 1099 missis
1231 1065 1379 1099 omnibus
1393 1072 1548 1099 eteorum
1568 1065 1715 1112 singulis,
1738 1067 1859 1113 coeptis

1868 276 1919 299 An.
1936 272 1963 299 C.
1984 273 2048 299 1437

1870 726 2055 748 Conservatorurn

1871 763 1909 785 que
1925 758 2040 785 ampliata
2021 758 2054 778 la-

1871 789 1969 810 cultata·⁴

1103 1120 1133 1147 et
1148 1125 1209 1148 non
1224 1115 1358 1160 coeptis,
1373 1113 1590 1160 praesentibus
1606 1122 1636 1149 et
1652 1115 1778 1155 futuris,
1793 1128 1860 1162 per·
1890 1145 1892 1148 ,

1105 1171 1198 1209 petua
1224 1171 1359 1209 potestas
1381 1171 1413 1197 et
1440 1162 1615 1198 iurisdictio
1638 1163 1803 1207 attributa,
1827 1173 1860 1199 ut

1103 1223 1141 1246 eo
1157 1212 1262 1258 vigore
1284 1224 1383 1260 eaque
1410 1213 1555 1247 firmitate
1579 1213 1717 1260 possitis,
1737 1213 1766 1247 in
1785 1226 1862 1260 prae-

1105 1262 1208 1296 missis
1241 1262 1399 1306 omnibus,
1434 1263 1556 1308 coeptis
1583 1270 1614 1297 et
1636 1274 1698 1296 non
1727 1263 1860 1309 coeptis,

1106 1310 1328 1357 praesentibus
1354 1319 1384 1346 et
1403 1310 1529 1353 futuris,
1552 1319 1581 1346 ct
1605 1324 1662 1358 pro
1691 1311 1860 1356 praedictis

1106 1359 1291 1406 procedere,
1314 1372 1349 1395 ac
1372 1360 1396 1394 si
1423 1360 1580 1407 praedicta
1615 1361 1720 1395 omnia
1748 1369 1777 1395 et
1799 1361 1862 1395 siu-

1104 1409 1175 1455 gula
1197 1421 1302 1444 coram
1326 1409 1413 1444 vobis
1435 1418 1543 1455 coepta
1565 1410 1710 1449 luissent,
1724 1411 1861 1445 etiuris-

1104 1458 1200 1493 dictio
1217 1466 1317 1493 vestra
1340 1466 1371 1492 et
1389 1459 1556 1494 cuiuslibet
1579 1467 1728 1503 vestrum,
1744 1459 1773 1493 in
1788 1471 1862 1506 prae-

1106 1507 1212 1542 missis
1233 1508 1382 1542 omnibus
1398 1516 1427 1542 et
1446 1508 1593 1554 singulis,
1612 1521 1667 1555 per
1679 1508 1860 1544 citationem

1107 1557 1152 1592 vel
1185 1557 1313 1591 modum
1341 1557 1437 1592 alium
1473 1565 1654 1604 perpetuata
1683 1557 1860 1603 legitimum

1105 1606 1272 1641 extitisset.
1307 1605 1543 1642 Constitutione
1577 1606 1734 1654 praedicta
1766 1619 1862 1655 super

1106 1655 1382 1691 conservatoribus
1414 1664 1443 1690 et
1471 1656 1529 1691 alia
1557 1656 1696 1703 qualibet
1724 1655 1754 1690 in
1783 1669 1861 1691 con-

1108 1706 1237 1740 trarium
1265 1705 1345 1739 edita
1374 1717 1435 1740 non
1459 1705 1615 1740 obstante.
1639 1705 1862 1741 Praesentibus

1108 1755 1266 1801 perpetuis
1293 1754 1407 1789 futuris
1429 1754 1626 1802 temporibus
1648 1754 1799 1789 valituris.

1158 1804 1274 1838 Datum
1304 1803 1489 1844 Bononiae,
1516 1816 1599 1839 anno
1632 1804 1864 1839 lncarnationis

1107 1853 1287 1887 dominicae
1309 1865 1536 1897 mccccxxxvr,
1565 1865 1626 1888 vm
1648 1852 1773 1888 kalend.
1799 1853 1863 1888 de-

1107 1902 1256 1946 cembris,
1280 1903 1481 1949 pontificatus
1510 1903 1607 1938 nostri
1630 1914 1714 1937 anno
1737 1914 1781 1937 vr.

1128 1963 1190 1993 Dat.
1207 1963 1254 1993 die
1270 1963 1308 1994 24
1325 1964 1496 1994 novembris
1513 1964 1601 2001 1436,
1616 1968 1695 2004 pont.
1711 1973 1788 1993 anno
1804 1972 1841 1993 vr.

1450 2105 1521 2140 XV.

1185 2189 1341 2222 Concessio
1370 2189 1593 2221 nonnullarum
1613 2187 1789 2232 qratiarum

1148 2243 1278 2277 eremitis
1302 2243 1340 2276 B.
1363 2243 1448 2276 l'elri
1467 2243 1503 2275 de
1527 2242 1608 2276 Pisis
1629 2242 1823 2286 nuncupatis.

1374 2319 1591 2352 SUMMARlUM

1109 2387 1278 2419 Exordium.
1295 2404 1333 2410 ·—
1352 2387 1378 2417 t.
1396 2387 1533 2417 Facultas
1556 2387 1683 2426 eligendi
1707 2386 1765 2416 sibi
1787 2395 1861 2416 con-

1149 2433 1291 2469 fessores,
1322 2449 1360 2454 —
1391 2431 1420 2461 2.
1452 2431 1646 2470 Eligendique
1677 2430 1861 2466 sacerdotes,

1150 2477 1200 2516 qui
1220 2476 1315 2506 divina
1339 2475 1498 2511 celebrent,
1521 2475 1746 2513 ministrentque
1765 2481 1862 2502 sacra-

1149 2524 1259 2557 menta3
1276 2537 1314 2541 —
1336 2519 1363 2549 3.
1387 2519 1530 2556 Eremitas
1553 2518 1707 2549 absolvant
1725 2517 1759 2547 ab
1783 2517 1860 2546 irre-

1150 2565 1317 2603 gularitate.
1335 2581 1373 2586 —
1387 2564 1416 2594 4
1426 2563 1508 2600 ltem,
1520 2564 1637 2593 licentia
1657 2562 1859 2600 eleemosynas

1150 2609 1313 2649 quaerendi
1337 2613 1468 2648 ternpore
1487 2608 1644 2643 interdicti;
1661 2623 1700 2628 —
1717 2606 1744 2635 5.
1762 2605 1861 2635 Altare

1150 2652 1279 2693 portatili
1297 2652 1410 2691 utendi,
1427 2669 1464 2674 —
1482 2652 1509 2683 6.
1525 2650 1705 2682 Coemeteria
1722 2648 1860 2685 babendi3
