2281 3251
918 307 1014 330 lxnex
1036 306 1148 330 Reum
1679 295 1745 326 779

367 373 398 401 et
421 364 603 413 privilegia,
628 366 704 400 ibid.
731 372 841 410 etseq.
868 362 1046 399 Declaratio
1074 371 1259 400 statutorum
1278 391 1286 404 ,
1316 364 1359 396 72
1393 363 1410 396 b
1444 370 1473 397 et
1501 373 1560 407 seq.
1587 360 1712 396 Fratres
1736 372 1795 395 uon

367 424 499 499 ¹possunt
523 417 629 462 gratiis
653 416 706 458 uti,
725 425 777 451 aut
800 414 949 461 consequi
965 416 1131 463 dignitates
1150 422 1232 450 extra
1252 413 1442 457 societatem,
1458 411 1575 459 absque
1596 410 1794 458 superiorum

380 474 502 508 icentia,
533 468 576 500 75
600 468 627 500 b.

1016 574 1056 614 B

270 662 393 698 Banniti
422 662 522 698 minas
543 662 683 708 offensis,
711 675 764 710 pro
787 662 928 697 habenda
954 673 1040 709 pace,
1060 661 1261 701 intentantes,
1284 668 1314 694 et
1336 658 1455 693 illarum
1479 657 1634 692 delatores
1661 655 1804 703 pluribus

368 713 477 759 poenis
504 721 700 753 coercentur,
730 715 792 746 541
827 714 855 746 b.

270 761 414 797 Barones
436 770 465 797 et
487 762 728 797 communitates
758 775 818 795 non
847 760 1060 796 custodientes
1083 759 1204 806 propria
1233 758 1382 792 territoria
1410 769 1425 791 a
1448 756 1581 791 bannitis
1597 764 1626 790 et
1649 753 1804 789 similibus

368 812 554 858 puniuntur,
577 814 647 846 71⁶.)
666 814 693 846 b.
720 811 754 845 lu
776 811 943 858 probandis
965 810 1053 844 furtis
1075 817 1104 844 et
1131 809 1253 842 damnis
1276 808 1347 841 inde
1369 807 1524 853 sequutis,
1548 814 1646 839 stetur
1662 803 1805 838 declara-

370 861 445 895 tioni
469 861 653 896 elericorum
677 860 826 894 Gamerae
850 859 1048 907 Apostolicae
1065 886 1072 899 ,
1105 857 1309 904 praecedente
1334 858 1509 890 iuramento
1536 855 1684 888 damnum
1710 853 1803 899 passi,

368 912 442 945 ibid.
466 910 527 952 Qui
557 919 663 945 contra
690 911 833 944 dominos
856 918 883 944 et
907 909 1147 944 communitates
1181 908 1319 941 locorum
1343 918 1434 951 agere
1464 913 1574 952 potest,
1610 905 1680 937 715
1706 915 1735 937 a.
1764 900 1805 935 Ut

374 960 438 995 viae
458 972 588 994 securae
614 960 688 1003 sint,
716 959 842 994 latibula
864 959 937 993 liinc
960 958 1031 993 inde
1059 965 1272 999 amoveantur,
1300 958 1374 990 ibid.

271 1009 449 1044 Basileense
476 1009 643 1044 concilium
667 1009 842 1044 Ferrariam
878 1008 1080 1049 transfertur,
1111 1009 1156 1041 52
1187 1019 1217 1040 α.
1250 1005 1332 1040 Huic
1359 1003 1607 1050 congregationi,
1636 1009 1704 1047 post
1736 1000 1804 1035 eius

368 1058 623 1099 dissolutionem,
647 1059 850 1093 adhaerentes
871 1070 887 1092 a
909 1058 1050 1092 censuris
1078 1065 1107 1091 et
1131 1056 1240 1103 poenis
1270 1054 1490 1098 absolvuntur,
1520 1053 1545 1087 si
1576 1052 1612 1086 ad
1642 1050 1804 1085 Pontilicis

368 1108 577 1143 obedientiam
603 1117 741 1154 tempore
765 1108 900 1155 praefixo
929 1115 1133 1148 revertantur,
1157 1110 1202 1140 95
1225 1118 1243 1138 α
1267 1113 1295 1138 et
1318 1117 1377 1149 seq.

270 1157 378 1193 Basilii
403 1157 460 1202 (S.)
480 1158 681 1203 congregatio
698 1158 922 1191 monachorum
941 1157 969 1189 in
995 1156 1162 1203 provinciis
1172 1154 1309 1197 Siciliae,
1327 1152 1487 1188 Calabriae
1509 1159 1539 1186 et
1554 1150 1686 1198 Apuliae
1706 1149 1807 1183 refor-

369 1208 500 1245 manda,
530 1209 567 1241 81
597 1209 624 1241 b.
647 1207 831 1242 Visitatores
860 1206 1068 1252 deputantur,
1096 1206 1169 1238 ibid.
1193 1203 1275 1238 Taxa
1305 1215 1360 1249 pro
1391 1202 1609 1247 magistrorum
1632 1199 1750 1234 salariis
1777 1207 1807 1233 et

370 1256 563 1291 studentium
584 1256 739 1303 expensis,
763 1258 808 1290 82
830 1269 860 1290 α.
875 1255 1078 1289 visitatorum
1096 1254 1258 1288 facultates
1280 1251 1456 1298 corrigendi
1481 1259 1510 1285 et
1532 1249 1718 1296 corripiendi
1737 1260 1809 1296 per-

371 1318 464 1341 sonas
485 1305 626 1350 Ordinis,
652 1306 744 1340 etiam
764 1305 1031 1344 archimandritas,
1059 1305 1106 1337 85
1128 1315 1157 1337 α.
1181 1302 1311 1337 Illorum
1335 1300 1502 1348 stipendia,
1523 1301 1599 1333 ibid.
1630 1301 1658 1332 b.

274 1355 437 1391 Benedicti
461 1355 517 1400 (S.)
542 1355 686 1390 monachi
702 1362 731 1389 et
754 1355 916 1395 moniales,
938 1353 1068 1389 Ordinis
1090 1351 1318 1396 Cisterciensis,
1333 1350 1392 1385 albi
1409 1359 1526 1385 tantum
1550 1357 1578 1384 et
1601 1348 1678 1394 nigri
1694 1346 1808 1382 eoloris

372 1404 512 1440 vestibus
534 1413 680 1449 utantur,
707 1406 778 1439 2⁶25
801 1406 818 1439 b
845 1413 874 1439 et
895 1417 954 1449 seq.

275 1454 551 1494 Beneficiatorum,
572 1454 711 1490 officium
734 1455 863 1489 recitare
889 1453 1112 1495 emittentium,
1136 1462 1267 1498 poenae,
1291 1452 1360 1484 612
1384 1462 1413 1483 α.

275 1503 508 1539 Beneficiorum
532 1504 637 1539 debita
667 1504 732 1538 iura
751 1503 922 1545 solvantur,
945 1502 1005 1538 sub
1028 1500 1211 1549 privationis
1231 1512 1340 1545 poena.
1366 1501 1434 1533 198
1455 1500 1484 1539 ὂς
1511 1495 1809 1532 administrationem

373 1562 544 1595 sumentes,
567 1554 676 1588 litteris
697 1553 879 1601 apostolicis
906 1565 966 1587 non
990 1550 1156 1598 expeditis,
1179 1550 1295 1597 quibus
1318 1549 1426 1595 poenis
1455 1547 1673 1583 subiiciantur,
1690 1547 1760 1579 408
1783 1545 1810 1578 b.

373 1603 462 1647 Item,
483 1616 544 1638 non
564 1604 719 1638 solventes
741 1611 870 1637 annatas
893 1611 1032 1649 tempore
1055 1600 1170 1643 debito,
1194 1601 1263 1633 409
1277 1601 1304 1632 b.
1318 1598 1484 1637 Beneficia,
1507 1608 1586 1643 quae
1602 1594 1811 1629 cardinalibus

374 1653 588 1688 commendari
613 1660 787 1700 nequeunt,
809 1655 879 1687 606
903 1654 931 1692 b;
953 1650 1180 1686 concistorialia
1209 1647 1368 1696 quomodo
1396 1646 1600 1693 impetranda,
1625 1646 1693 1678 754
1720 1656 1748 1677 a.

274 1703 457 1738 Bentivolus
484 1703 615 1738 Ioannes
642 1712 671 1737 et
698 1703 766 1737 eius
798 1702 878 1743 nati,
907 1701 1066 1736 Bononiae
1099 1699 1236 1747 tyranni,
1264 1710 1280 1733 a
1307 1698 1391 1745 Papa
1413 1697 1449 1732 ad
1477 1696 1616 1730 futurum
1641 1693 1810 1728 concilium

376 1761 556 1801 provocant,
579 1754 650 1787 480
674 1766 703 1787 a.

278 1803 493 1839 Bernardinus
515 1802 554 1838 de
578 1802 670 1837 Senis
689 1800 904 1846 (S.),Ordinis
926 1801 1083 1835 Minorum
1107 1799 1144 1833 de
1167 1797 1382 1836 Observantia,
1407 1796 1485 1830 ritae
1507 1793 1651 1841 exemplo
1673 1801 1703 1827 et
1720 1804 1811 1839 prae-

375 1852 538 1887 dicationis
565 1864 658 1898 opera
682 1852 711 1885 iu
735 1859 796 1886 tota
823 1850 908 1884 Italia
930 1850 988 1884 Dei
1017 1849 1222 1895 Evangelium
1247 1846 1416 1894 praedicat,
1436 1847 1503 1880 102
1519 1847 1546 1882 b:
1569 1842 1810 1890 quamplurimis

376 1901 534 1936 miraculis
552 1901 736 1948 splendenS,
761 1902 831 1934 105
852 1913 882 1940 ας
910 1908 1090 1934 sanctorum
1115 1899 1255 1942 catalogo
1277 1896 1477 1933 adscribitur,
1508 1895 1574 1927 toi
1598 1895 1614 1927 b
1642 1901 1670 1926 et
1692 1905 1751 1937 seq.

279 1952 430 1987 Bernardi
454 1951 511 1994 (S.)
537 1951 565 1985 in
586 1951 670 1985 ltalia
695 1949 920 1984 monachorum
937 1948 1149 1995 congregatio,
1164 1946 1293 1981 Ordinis
1308 1944 1539 1981 Cisterciensis.
1558 1943 1764 1987 reintegratur
1782 1941 1811 1974 iu

376 2001 544 2048 provinciis
561 2000 725 2034 Hetruriae
736 2008 763 2033 et
777 1998 997 2041 Lonibardiae,
1013 2002 1081 2032 497
1102 2010 1131 2031 α.
1152 1996 1288 2042 Capituli
1305 1995 1484 2031 celebratio,
1506 1993 1573 2027 eius
1596 1991 1704 2033 forma,
1721 1991 1813 2035 inque

377 2063 414 2085 eo
442 2050 628 2097 peragenda,
650 2051 725 2084 ibid.
749 2048 861 2083 Modus
883 2048 1017 2094 eligendi
1042 2046 1218 2094 praelatos,
1251 2046 1322 2079 ibid.
1347 2046 1372 2078 b.
1398 2043 1585 2077 Alternativa
1611 2042 1639 2074 iu
1663 2040 1813 2073 electione

379 2099 604 2147 praesidentis,
633 2100 707 2133 ibid,
736 2098 940 2132 Visitatorum
966 2109 1119 2132 numerus
1146 2104 1175 2129 et
1202 2094 1355 2137 officium,
1378 2095 1450 2127 ibid.
1480 2091 1629 2126 Martiales
1653 2090 1814 2122 visitentur

378 2161 394 2184 a
422 2150 578 2184 visitatore
602 2149 743 2196 propriae
772 2148 964 2194 provinciae,
998 2148 1073 2181 ibid.
1104 2145 1229 2179 Priores
1259 2143 1478 2178 conventuales
1506 2153 1614 2175 vocem
1639 2138 1753 2173 liabent
1783 2138 1812 2171 iu

381 2198 528 2245 capitulo,
553 2201 622 2234 498
650 2211 679 2233 α.
715 2197 889 2232 Monachus
918 2196 1010 2231 unius
1039 2194 1217 2243 provinciae
1240 2194 1276 2228 ad
1300 2193 1389 2228 aliam
1419 2204 1480 2226 uon
1505 2189 1717 2226 transferatur,
1739 2188 1813 2221 ibid.

380 2248 569 2284 Monasteria
596 2261 612 2284 a
630 2247 848 2295 superioribus
872 2247 1015 2294 propriae
1041 2245 1214 2293 provinciae
1238 2242 1457 2282 reformentur,
1485 2241 1558 2275 ibid.
1576 2238 1814 2284 privilegiorum

380 2310 560 2334 communio
584 2307 662 2333 inter
684 2309 788 2332 omnia
812 2305 1011 2331 monasteria.

281 2349 573 2397 Blasphemantium
597 2348 714 2386 Deum,
731 2346 859 2381 Mariam
877 2345 1037 2392 Virginem
1060 2353 1089 2380 et
1111 2344 1189 2379 alios
1206 2350 1330 2379 sanctos
1353 2352 1483 2390 poenae,
1499 2340 1567 2374 610
1590 2339 1616 2373 b.
1640 2336 1713 2373 Illos
1728 2347 1816 2372 accu-

380 2399 515 2434 santium
539 2397 753 2441 indulgentiae
780 2397 902 2443 aliaque
930 2396 1079 2442 praemia,
1106 2396 1180 2429 ibid.

282 2449 368 2484 Bona
393 2461 529 2484 reorum.
558 2449 593 2482 V.
621 2447 758 2482 Reorum
783 2446 1023 2491 consanguinei.

282 2499 502 2534 Bonaventura
530 2498 586 2541 (S.)
607 2496 853 2531 Franciscaliuin
876 2495 1074 2541 Religionem
1092 2494 1263 2541 profitetur,
1279 2493 1350 2526 285
1364 2503 1395 2531 ας
1417 2489 1567 2524 doctrina.
1591 2487 1765 2522 humilitate
1786 2492 1816 2519 et

384 2548 562 2583 innocentia
586 2546 741 2594 splendet,
757 2547 830 2580 ibid.
854 2547 881 2585 b,
904 2545 1058 2591 generalis
1079 2544 1221 2577 minister
1242 2541 1370 2576 Ordinis
1389 2539 1532 2579 efficitur,
1551 2540 1637 2573 ibim:
1654 2536 1765 2571 Ordiui
1786 2542 1817 2570 et

382 2597 530 2632 fratribus
551 2597 684 2630 maximo
699 2604 745 2630 est
766 2595 961 2638 adiumento,
981 2596 1068 2635 i'bi‘d3
1087 2592 1253 2627 cardinalis
1270 2600 1299 2625 et
1321 2590 1434 2625 deinde
1450 2590 1614 2635 episcopus
1631 2584 1818 2621 Albinensis

384 2656 526 2690 creatur,
553 2648 641 2686 ib1·d.;
657 2644 790 2679 concilio
805 2643 1012 2690 Lugduneusi
1030 2651 1139 2690 praeest
1155 2651 1184 2677 et
1204 2640 1387 2688 praefulget,
1403 2640 1471 2673 28ss
1487 2651 1516 2677 a:
1533 2648 1631 2684 usque
1645 2636 1680 2670 ad
1697 2635 1817 2670 obitum

384 2697 557 2732 virtutibus
579 2696 706 2737 emicat,
732 2696 820 2735 ibid.;
849 2701 918 2741 post
944 2693 1064 2729 obitum
1095 2692 1253 2727 miraculis
1281 2691 1393 2730 clarus,
1421 2689 1495 2723 ibid,
1518 2687 1688 2733 Imperator
1711 2693 1740 2719 et
1769 2683 1818 2718 alii
