2281 3251
142 236 193 263 An.
211 237 240 265 C.
260 237 325 264 Ηιὸὺ

149 462 259 488 nerag-auo
275 469 322 484 ion*

140 496 256 515 trariorum.

142 2461 267 2483 Publiratio.

929 246 1143 272 mNOCENTtUs
1165 249 1224 272 vn}
1248 249 1296 272 PP.

339 307 487 344 cumque,
510 297 621 344 quavis
647 299 850 344 auctoritate,
877 301 1014 338 scienter
1042 304 1088 339 vel

339 349 528 395 ignoranter.
551 351 718 396 contigerit
732 355 888 389 attentari.

386 408 401 447 ἕ
433 405 464 438 5.
494 404 564 439 Νοιι
593 404 790 440 obstantibus
819 409 1024 454 praemissis,
1052 423 1088 446 ac

337 457 613 493 constitutionibus
636 467 665 493 et
688 460 940 497 ordinationibus
959 473 1086 511 aposto-

337 510 428 555 licis,
457 523 515 545 nec
542 524 603 546 nou
627 512 725 547 literis
747 526 842 561 super
869 518 1087 553 reservationi-

336 563 394 599 bus
428 572 458 599 et
485 566 746 601 concessionibus
768 567 949 604 huiusmodi
983 583 1087 619 expe-

335 617 430 663 ditis,
456 618 548 653 etiam
577 620 602 653 si
630 620 661 654 in
685 621 731 655 eis
758 622 974 658 contineretur
1000 628 1084 672 quod

335 671 405 707 illae
427 672 629 719 generalibus
644 675 909 722 revocationibus,
932 691 1012 725 quae
1028 680 1085 715 fie-

336 733 426 770 rent,
453 726 634 762 nullatenus
669 728 931 776 includerentur,
959 733 1017 768 nisi
1046 734 1085 769 de

333 790 554 825 personarum,
576 793 655 827 quas
677 793 875 818 concernunt
897 793 927 819 et
949 799 1082 833 quarum

332 833 586 869 consideratione
604 845 802 882 emanarunt,
817 839 1013 885 nominibus,
1028 854 1083 877 co-

331 887 547 932 gnominibus,
569 888 789 935 dignitatibus,
816 891 928 927 officiis
952 906 988 929 ac
1008 907 1083 930 cau—

330 940 385 984 sis,
400 949 527 988 propter
541 955 620 989 quas
635 955 804 979 concessae
820 954 906 991 sunt,
921 959 976 982 seu
990 961 1084 995 quae-

331 994 376 1028 vis
397 994 469 1039 alia,
495 996 657 1042 expressio
680 997 840 1033 individua
864 1000 951 1035 fieret
967 1001 1006 1036 de
1020 1003 1082 1037 eis-

330 1047 414 1088 dem;
442 1048 536 1095 idque
559 1050 605 1084 eis
633 1050 846 1086 insinuaretur
867 1065 921 1099 per
943 1054 1081 1091 diversas

329 1101 435 1136 literas
467 1103 527 1137 sub
549 1103 680 1138 diversis
713 1105 805 1150 datis,
832 1116 862 1142 et
898 1110 1079 1145 earumdem

329 1167 535 1202 personarum
560 1157 591 1191 in
610 1157 794 1194 huiusmodi
813 1162 1011 1197 revocatione
1026 1176 1082 1199 ex—

328 1221 457 1255 pressus
479 1210 606 1245 accedat
632 1223 781 1247 assensus
808 1219 898 1261 (quas
927 1225 957 1250 et
978 1229 1081 1263 quas—

328 1274 465 1309 cumque
492 1263 567 1298 alias
590 1264 757 1311 clausulas,
791 1279 872 1314 quae
899 1269 938 1304 ad
960 1270 1082 1306 huius-

328 1315 412 1351 modi
441 1316 614 1362 effectum,
641 1320 723 1364 quod
753 1333 814 1355 non
844 1322 1081 1360 includerentur

329 1370 359 1403 in
382 1369 565 1405 huiusmodi
589 1374 787 1409 revocatione
811 1375 841 1409 in
869 1376 914 1411 eis
943 1377 1080 1415 directae

327 1423 441 1468 forent,
466 1423 534 1458 illas
561 1426 780 1472 praesentibus
808 1440 863 1475 pro
897 1430 1022 1467 insertis
1050 1442 1080 1468 et

327 1476 521 1513 sufficienter
532 1480 692 1526 expressis
709 1481 882 1528 babentes),
899 1485 1016 1520 nemini
1030 1500 1080 1522 vo-

327 1531 435 1566 lumus
457 1532 638 1568 nullatenus
667 1535 829 1582 suffragari
847 1565 856 1582 ,
885 1550 948 1584 quo
976 1540 1079 1576 minus

327 1586 557 1621 reservationes
584 1595 613 1621 et
641 1590 863 1626 concessiones
892 1593 1079 1640 iurispatro-

325 1647 429 1682 natus,
450 1651 486 1674 ac
502 1640 610 1675 literae
624 1641 762 1689 desuper
784 1645 945 1681 confectae
965 1647 1080 1683 buius-

326 1692 434 1737 modi,
463 1693 492 1727 in
516 1695 739 1741 praesentibus
761 1697 859 1733 literis
882 1708 913 1734 et
944 1713 1078 1738 revoca-

324 1745 409 1780 tione
443 1745 670 1793 includantur,
698 1751 830 1797 perinde
862 1765 897 1788 ac
925 1754 949 1788 si
972 1758 1076 1793 omnia

324 1800 473 1846 requisita
507 1801 546 1835 ad
577 1814 686 1837 eorum
715 1808 960 1853 revocationem,
992 1810 1075 1847 iuxta

322 1866 428 1890 earum
443 1854 559 1891 formas
580 1864 611 1891 et
625 1857 793 1903 clausulas,
807 1860 836 1894 in
854 1862 972 1898 eisdem
990 1877 1077 1910 prae-

321 1908 464 1944 sentibus
485 1909 581 1944 literis
603 1919 632 1946 et
660 1914 912 1951 revocationibus
938 1920 1075 1965 specifi—

321 1972 481 2009 carentur,
495 1966 672 2014 ceterisque
685 1969 852 2004 contrariis
868 1971 1073 2017 quibuscum-

320 2030 392 2064 que.

368 2071 451 2107 Nulli
475 2086 550 2121 ergo
576 2083 630 2110 etc.

367 2127 485 2162 Datum
506 2129 627 2164 Romae
649 2131 732 2177 apud
748 2131 901 2168 Sanctum
926 2135 1070 2182 Petrum,

318 2192 401 2215 anno
429 2181 658 2219 Incarnationis
684 2185 861 2221 dominicae
902 2189 1070 2226 millesimo

317 2235 631 2283 quadringentesimo
645 2241 862 2285 octuagesimo
877 2243 1002 2289 quinto,
1019 2246 1072 2281 de-

317 2288 400 2324 cimo
435 2291 585 2328 kalendas
612 2294 825 2340 septembris,
867 2297 1069 2343 pontificatus

317 2344 416 2378 nostri
444 2357 527 2382 anno
551 2347 663 2394 primo.

366 2398 459 2434 Lecta
483 2400 515 2435 in
543 2400 675 2437 Camera
703 2402 885 2449 Apostolica
913 2405 964 2440 die
993 2406 1068 2441 sab-

315 2454 378 2489 bati
406 2455 528 2490 decima
550 2457 669 2491 mensis
683 2457 887 2504 septembris,
909 2467 937 2493 et
963 2460 1067 2506 publi-

315 2517 382 2544 cata
404 2509 456 2544 die
484 2511 591 2546 martis
613 2511 827 2548 decimatertia
864 2514 1065 2561 septembris,

315 2562 345 2597 in
374 2563 472 2610 portis
494 2563 646 2600 Camerae
668 2565 883 2612 Apostolicae.

352 2624 414 2655 Dat.
432 2625 479 2657 die
498 2625 535 2657 23
552 2628 671 2666 augusti
688 2628 774 2666 1485,
793 2630 894 2668 pontit.
912 2639 988 2661 anno
1004 2639 1024 2661 1.

1762 242 1831 274 5¹9

1467 304 1549 340 vltl.

1131 386 1318 419 Auditorum
1348 387 1442 419 Rotae
1470 386 1628 421 Romanae
1649 388 1752 433 officia
1777 399 1880 424 vacent

1176 446 1231 479 per
1248 447 1351 469 eorum
1365 437 1590 480 promotionem
1609 437 1651 470 ad
1666 437 1817 472 Ecclesias
1832 451 1880 472 ca-

1179 485 1327 518 thedrales
1354 485 1399 518 vel
1426 486 1678 530 metropolitanas
1700 488 1754 531 (1).

1397 563 1611 595 SUMMARHJM

1127 633 1218 662 (lausa
1240 634 1327 663 liuius
1350 634 1466 664 constit.
1485 651 1523 656 —
1544 635 1568 664 t.
1591 635 1764 666 Auditorum
1785 639 1878 669 officia

1167 682 1269 706 vacent
1294 678 1336 715 (ut
1363 679 1392 707 in
1413 679 1546 717 rubrica).
1569 696 1608 701 —
1634 680 1662 709 2.
1691 679 1754 711 Illis
1783 683 1880 721 provi-

1166 721 1303 752 dendum.
1326 739 1365 745 -
1387 723 1414 753 3.
1435 723 1655 754 Contrariorum
1679 725 1838 765 derogatio.

1152 792 1323 822 innocentius
1349 795 1493 830 episcopus
1511 803 1607 825 servus
1634 803 1776 827 servorum
1791 798 1851 831 Dei.

1260 843 1294 870 ad
1318 844 1480 879 perpetuam
1510 844 1552 873 roi
1574 846 1743 875 memoriam.

1174 904 1413 952 Circumspecta
1436 906 1466 940 in
1495 907 1643 943 omnibus
1669 909 1790 945 actibus
1812 913 1878 947 suis

1125 953 1325 999 ,apostolicae
1342 953 1434 989 Sedis
1450 956 1658 1002 providentia,
1674 958 1711 993 ad
1727 971 1762 994 ea
1781 959 1876 996 liben·

1125 1011 1170 1036 ter
1193 1003 1338 1047 intendit,
1364 1015 1418 1050 per
1449 1016 1530 1051 quae
1557 1006 1680 1052 singula
1712 1008 1875 1045 Romanae

1124 1051 1238 1087 Curiae
1253 1051 1366 1097 officia,
1390 1061 1423 1087 ut
1438 1054 1624 1100 praefertur,
1647 1056 1677 1090 in
1691 1057 1809 1104 quibus
1825 1059 1874 1094 ius

1124 1101 1238 1135 dicitur
1261 1113 1314 1147 per
1346 1114 1509 1149 personaS,
1536 1116 1617 1150 quae
1640 1105 1679 1139 ab
1702 1108 1788 1141 omni
1813 1108 1874 1143 alio

1124 1162 1218 1184 onere
1241 1150 1338 1184 libere
1364 1151 1403 1185 ad
1439 1151 1490 1186 illa
1517 1154 1685 1189 commode
1712 1155 1875 1192 intendere

1125 1200 1256 1244 possint,
1280 1208 1497 1245 exerceantur,
1532 1209 1563 1237 et
1591 1214 1744 1249 personae
1777 1205 1875 1253 ipsae,

1124 1249 1197 1282 dum
1226 1248 1459 1285 cathedralibus
1475 1250 1521 1286 vel
1545 1253 1799 1300 metropolitanis
1812 1255 1875 1291 Ec-

1124 1297 1228 1333 clesiis
1251 1299 1490 1345 praeficiuntur,
1517 1300 1557 1335 ab
1583 1302 1731 1338 oneribus
1752 1303 1876 1339 officio-

1124 1359 1192 1382 rum
1217 1347 1398 1383 huiusmodi
1417 1361 1475 1396 pro
1497 1350 1685 1397 pontificalis
1700 1354 1873 1389 reverentia

1123 1396 1296 1443 dignitatis,
1325 1398 1367 1432 uti
1395 1399 1590 1435 conveniens
1612 1401 1728 1447 existit,
1751 1402 1874 1438 immu-

1123 1458 1179 1481 nes
1201 1447 1345 1493 regimini
1368 1456 1399 1482 et
1420 1448 1637 1495 gubernationi
1666 1451 1872 1488 ecclesiarum

1123 1496 1262 1542 ipsarum
1290 1509 1347 1544 pro
1370 1497 1475 1532 debito
1500 1498 1664 1545 pastoralis
1687 1500 1778 1536 officii
1798 1501 1874 1537 libe-

1122 1546 1188 1580 rius
1217 1557 1339 1590 vacare,
1361 1555 1392 1581 et
1418 1559 1512 1588 onus,
1539 1548 1575 1582 ad
1604 1549 1688 1595 quod
1715 1552 1870 1599 assumpti

1122 1594 1234 1638 suere,
1268 1595 1383 1630 melius
1410 1597 1531 1631 valeant
1553 1597 1740 1644 adimplere.
1775 1599 1871 1645 Sane,

1121 1644 1203 1678 sicut
1229 1644 1300 1679 sacti
1327 1645 1482 1680 evidentia
1509 1645 1724 1692 demonstrat,
1757 1660 1872 1697 saepe-

1122 1705 1253 1728 numero
1286 1694 1441 1741 contingit
1478 1703 1510 1729 ut
1538 1695 1672 1731 Romani
1700 1697 1870 1734 Pontifices

1121 1755 1177 1789 pro
1193 1752 1334 1789 tempore
1352 1744 1534 1788 existentes,
1550 1745 1787 1782 considerantes
1801 1760 1870 1783 me-

1121 1793 1176 1826 rita
1198 1792 1384 1827 dilectorum
1408 1793 1545 1828 filiorum
1568 1806 1733 1830 causarum
1761 1796 1868 1832 Palatii

1120 1841 1290 1888 Apostolici
1318 1842 1500 1877 auditorum
1536 1856 1592 1890 pro
1626 1852 1767 1892 tempore
1800 1847 1870 1881 exi-

1118 1892 1280 1934 stentium,
1304 1900 1469 1938 postquam
1492 1892 1685 1940 aliquamdiu
1706 1895 1736 1929 in
1759 1907 1866 1930 eorum

1117 1939 1228 1975 officiis
1251 1941 1450 1976 laudabiliter
1472 1941 1666 1988 laborarunt,
1686 1953 1719 1978 ut
1741 1945 1866 1980 tandem

1117 1998 1187 2035 post
1215 1991 1332 2026 multos
1355 1991 1490 2036 labores,
1505 1992 1662 2039 condigna
1691 2007 1747 2041 pro
1770 1995 1867 2029 meri-

1116 2040 1155 2074 tis
1177 2041 1313 2086 praemia
1338 2050 1510 2088 reportent,
1544 2055 1607 2089 quo
1634 2044 1728 2078 ceteri
1753 2044 1868 2080 huius-

1117 2089 1201 2124 modi
1224 2091 1368 2137 exemplo
1395 2091 1511 2135 allecti,
1533 2093 1562 2126 in
1597 2093 1663 2128 dies
1694 2094 1730 2128 ad
1764 2095 1865 2130 studia

1116 2140 1213 2186 :uagis
1230 2140 1451 2186 incendantur,
1465 2142 1586 2189 aliquos
1609 2155 1646 2177 ex
1668 2143 1786 2179 eisdem
1806 2157 1865 2180 au-

1113 2189 1272 2224 ditoribus
1298 2190 1336 2225 ad
1364 2191 1590 2226 cathedralium
1609 2192 1676 2227 sive
1704 2201 1864 2242 metropo-

1113 2239 1276 2273 litanarum
1313 2240 1516 2275 ecclesiarum
1551 2254 1608 2288 pro
1636 2251 1778 2290 tempore
1809 2257 1864 2280 va-

1112 2289 1249 2323 cantium
1292 2289 1442 2336 regimina
1477 2300 1708 2338 promoveant,
1745 2305 1863 2341 eosque

1112 2337 1172 2372 illis
1186 2338 1368 2384 praeficiant
1388 2340 1416 2373 in
1433 2349 1588 2387 pastores;
1611 2341 1773 2390 quodque,
1792 2352 1862 2391 post

1112 2388 1343 2432 promotionem
1360 2398 1390 2424 et
1409 2390 1650 2436 praefectionem
1675 2393 1861 2438 praedictas,

1109 2436 1269 2472 auditores
1303 2439 1431 2485 praefati
1454 2439 1490 2473 ad
1519 2440 1672 2486 regimina
1695 2442 1860 2477 cathedra—

1110 2485 1185 2520 lium
1218 2487 1282 2521 sive
1306 2488 1619 2534 metropolitanarum
1644 2490 1857 2526 Ecclesiarum

1144 2556 1183 2592 (ί)
1200 2557 1275 2591 Quod
1294 2558 1357 2585 haec
1376 2559 1460 2586 officia
1476 2564 1537 2588 ante
1554 2561 1619 2588 hanc
1636 2561 1703 2588 diem
1731 2571 1780 2589 non
1808 2571 1857 2589 va-

1107 2601 1209 2629 carent,
1231 2598 1327 2624 indicat
1349 2599 1411 2625 mihi
1430 2599 1498 2627 bulla
1519 2609 1548 2627 ιιι
1568 2600 1635 2628 Sixti
1656 2601 1707 2634 tv,
1729 2610 1787 2637 pag.
1807 2602 1858 2629 207

1108 2638 1186 2666 huius
1203 2640 1278 2672 tomi,
1299 2639 1420 2665 Romam.

1896 253 1946 280 An.
1964 253 1990 280 C.
2012 254 2077 281 11185

1914 924 1978 944 Causa
1995 925 2055 945 huin·

1897 956 2058 976 constitution-s
