2281 3251
225 278 276 304 Aa.
292 276 322 304 C.
335 276 405 304 ¹513

472 264 542 300 598

421 330 528 371 nariis,
550 339 706 364 summam
738 325 965 373 quinquaginta
987 324 1172 359 ducatorum

421 378 661 421 excedentibus,
684 376 762 411 ultra
789 375 934 410 cai-lenos
955 382 1090 428 quatuor
1117 386 1173 428 pro

421 429 562 476 quolibet
585 435 675 469 teste,
691 424 865 460 dummodo
892 424 1114 459 examinentur
1142 436 1171 457 in

422 479 517 514 domo
534 477 658 520 notarii,
674 483 704 510 et
718 487 780 510 non
797 474 859 509 sint
876 473 954 508 ultra
971 473 1171 519 tigintiquin-

421 540 482 575 que
508 525 630 562 articuli
653 534 683 560 et
711 524 836 570 triginta
862 522 1118 568 interrogatoria;
1147 522 1171 555 ti

423 589 495 612 vero
516 575 738 611 examinentur
767 574 796 608 in
820 572 916 607 domo
939 573 1088 612 testium
1115 584 1171 606 seu

421 627 649 680 sintpersonae
664 623 809 671 egregiae
831 630 885 658 aut
901 621 1088 678 impeditae,
1103 621 1172 668 capi

422 676 543 730 possint
561 673 678 710 carleni
700 673 830 713 decem;
852 673 876 707 si
899 672 960 707 sint
984 671 1062 706 ultra
1080 671 1173 717 vigin-

421 725 590 780 tiquinque
599 722 721 759 articuli
737 730 767 757 et
780 722 906 768 triginta
923 721 1172 768 interrogatoria,

420 775 488 821 capi
508 774 605 821 possit
627 772 744 819 aliquid
762 772 840 807 ultra
863 771 1006 806 carleuos
1020 771 1172 818 quinque

420 824 503 858 iuxta
521 823 715 858 honestatem
733 829 762 857 et
784 821 1006 856 discretionem
1022 820 1174 855 auditoris

419 873 645 914 examinantis;
669 873 700 906 in
714 871 817 907 causis
841 882 912 906 vero
930 870 1125 911 summariis,
1142 878 1173 904 ιιι

420 931 493 969 puta
505 934 521 957 a
535 921 765 970 quinquaginta
781 920 905 956 ducatis
921 920 998 955 inl'ra
1015 920 1086 955 etin
1103 920 1174 966 qui-

418 972 479 1007 bus
494 980 661 1007 nonerunt
682 970 763 1006 ultra
781 970 1036 1018 tigiutiquinque
1053 968 1173 1004 articuli

419 1020 635 1068 etiigintiduo
659 1020 909 1067 interrogatoria,
925 1032 988 1054 non
1011 1020 1175 1066 capiantur

420 1071 479 1106 nisi
495 1071 610 1106 carleni
628 1070 692 1105 duo
715 1082 770 1118 pro
795 1082 857 1105 uno
871 1078 962 1111 testc3
978 1077 1009 1105 et
1029 1069 1176 1104 similiter

419 1133 477 1168 pro
493 1120 625 1156 testibus
647 1120 699 1168 qui
722 1120 943 1155 examinantur
966 1119 1175 1167 ριοιιιοιιίιο-

419 1171 474 1205 riis
489 1170 594 1225 pariis
608 1179 638 1205 et
659 1182 714 1218 pro
731 1169 908 1204 monitoriis
923 1168 1132 1204 decernendis
1146 1177 1176 1203 et

421 1231 477 1267 pro
500 1220 709 1255 instructione
724 1218 854 1260 Curiae3
876 1219 902 1254 si
925 1230 998 1254 xero
1019 1217 1176 1254 excedunt

420 1270 537 1304 dictam
550 1281 706 1304 summam
721 1268 926 1304 articulorum
947 1276 977 1303 et
1000 1268 1177 1315 interroga-

421 1319 589 1359 toriorum‚
601 1319 763 1365 capiantur
779 1318 894 1353 carleni
911 1318 1063 1365 quinque;
1074 1318 1103 1351 in
1118 1318 1177 1352 do-

422 1368 526 1403 mibus
542 1369 681 1408 testium,
694 1380 749 1415 pro
759 1368 906 1414 egregiis,
929 1367 1110 1414 duplicatur
1125 1379 1177 1401 sa-

421 1417 548 1473 larium,
561 1418 655 1452 salvis
672 1426 787 1457 tamen,
803 1417 1020 1452 moderatione
1048 1417 1178 1451 audito-

421 1468 483 1522 ris,
504 1466 738 1502 miserabilibus
767 1467 952 1513 personis,a
976 1466 1092 1513 quibus
1113 1478 1177 1501 non

421 1517 575 1564 recipiant
615 1516 673 1550 nisi
711 1515 810 1558 illud,
838 1515 925 1563 quod
953 1516 998 1551 eis
1025 1515 1118 1551 datur
1140 1515 1178 1550 ab

420 1566 498 1614 ipsis
516 1565 720 1621 pauperibus,
749 1573 779 1600 et
801 1565 886 1613 quod
915 1574 1103 1600 consuetum
1131 1573 1179 1600 cst

419 1616 614 1662 antiquitus;
631 1616 804 1651 iuramenta
828 1615 1022 1662 paupertatis
1045 1627 1100 1662 pto
1115 1614 1179 1649 liti-

419 1665 567 1721 gantibus
586 1665 752 1701 admittere
770 1673 947 1705 teneantur,
964 1674 1057 1712 prout
1072 1666 1102 1699 in
1120 1677 1179 1699 no-

420 1715 506 1750 tariis
521 1715 620 1750 Rotae
636 1709 752 1750 sactum
767 1723 811 1750 est
818 1714 955 1762 ,absque
976 1714 1179 1762 replicatione

420 1764 468 1800 vel
484 1765 746 1800 contradictione.
763 1764 854 1805 Item,
869 1777 942 1799 cum
963 1765 992 1799 iu
1007 1764 1180 1810 obligatio-

420 1814 537 1850 nibus
531 1828 560 1849 ιιι
584 1814 683 1850 forma
705 1814 858 1849 Gamerae
881 1814 983 1849 solum
1004 1826 1109 1849 coram
1126 1825 1181 1848 au-

421 1864 524 1899 ditore
538 1864 691 1900 Gamerae
707 1864 907 1912 procedatur,
918 1864 1001 1898 iuxta
1013 1864 1178 1910 antiquum

422 1913 532 1949 stilum
565 1913 682 1949 Curiae
711 1922 740 1949 et
770 1913 888 1948 bullam
919 1926 972 1960 per
996 1925 1053 1948 nos
1081 1926 1181 1960 nuper

421 1963 550 2005 editam,
570 1963 652 1999 idem
675 1963 798 1998 auditor
820 1971 850 1999 et
872 1963 942 1997 eius
965 1963 1104 1998 officium
1134 1970 1181 1997 te-

422 2021 534 2048 neatur
544 2013 574 2048 iu
588 2012 703 2048 talibus
711 2012 958 2059 obligationibus
969 2025 984 2047 a
997 2012 1178 2059 quindecim

422 2063 545 2098 ducatis
560 2063 600 2099 de
617 2063 751 2098 carlenis
767 2063 876 2098 decem
893 2062 971 2096 infra
994 2062 1069 2097 dare
1085 2074 1180 2097 mau-

423 2116 531 2152 ‹latum
559 2117 759 2152 executimm
788 2116 857 2152 loco
885 2116 1045 2152 literarum
1071 2124 1181 2164 peten-

425 2171 510 2207 tibus
534 2172 685 2219 partibus,
708 2184 763 2220 pro
783 2184 846 2220 quo
870 2171 1017 2207 mandato
1041 2184 1100 2206 non
1116 2172 1182 2206 exi-

426 2234 520 2274 gatur
536 2227 614 2262 ultra
632 2227 774 2262 carlenos
789 2228 929 2274 quinque
946 2239 1000 2274 pro
1017 2226 1069 2261 tali
1084 2226 1183 2273 ipsius

426 2281 563 2317 mandati
587 2281 795 2329 expeditione.
818 2281 915 2326 Item,
934 2281 1080 2316 volumus
1099 2281 1181 2328 quod

429 2335 505 2371 dicti
521 2336 630 2371 notarii
645 2348 707 2371 non
717 2336 1026 2372 exerceantollicium
1045 2348 1100 2383 per
1112 2335 1185 2370 sul)-

428 2390 556 2426 stitutos
578 2390 774 2438 regulariter,
803 2391 861 2426 nisi
891 2391 922 2425 in
951 2402 1023 2425 casu
1044 2390 1183 2424 necessi-

431 2445 503 2481 tatis
519 2454 548 2480 et
564 2444 692 2492 quando
708 2445 841 2480 auditori
867 2444 1024 2480 ridebitur
1037 2456 1075 2479 ex
1091 2456 1183 2479 causa

432 2499 579 2545 honesta,
601 2507 632 2534 et
655 2507 730 2535 tunc
748 2511 810 2534 nou
829 2499 949 2546 possint
977 2498 1050 2534 dicti
1074 2498 1183 2534 notarii

431 2553 550 2589 habere
569 2553 676 2602 plures
690 2566 785 2601 quam
811 2566 908 2588 unum
932 2554 1088 2588 notarium
1115 2552 1188 2588 sub-

432 2608 590 2653 stitutum,
606 2620 662 2656 pro
677 2607 819 2656 quolibet
839 2607 991 2655 ipsorum,
1014 2607 1065 2655 qui
1091 2607 1187 2654 possit

1004 270 1140 294 BCLLAm
1147 270 1191 293 tm
1220 269 1384 293 ROMANUM

1216 325 1345 359 stitutus
1359 322 1399 357 sit
1421 321 1554 358 idoneus
1582 329 1612 357 et
1633 321 1827 369 approbatus
1850 334 1906 369 per
1917 321 1969 358 do-

1216 375 1336 408 miuum
1353 371 1528 407 auditorem
1557 380 1587 406 et
1615 371 1881 407 locumtenentem
1913 384 1970 419 pro

1216 430 1359 470 tempore
1386 422 1571 457 existentem
1595 429 1625 455 et
1651 421 1730 456 alios
1766 421 1918 466 notarios,
1940 429 1971 456 et

1217 484 1273 527 pro
1295 484 1359 519 quo
1383 471 1565 518 principalis
1580 470 1619 506 de
1636 470 1718 506 fideli
1741 479 1770 506 et
1787 479 1872 506 recto
1887 483 1970 507 exer-

1216 521 1302 563 citio,
1312 521 1373 556 sub
1388 533 1486 568 poena
1505 520 1691 576 perditionis
1706 520 1811 565 officii,
1827 529 1971 556 teneatur

1215 549 1399 605 solemniter
1421 571 1602 616 promittere
1625 578 1655 605 et
1673 582 1706 606 se
1726 570 1867 617 obligare
1885 570 1969 618 apud

1215 620 1390 655 auditorem
1407 620 1455 655 vel
1471 620 1548 655 alias
1562 619 1674 654 idonee
1690 632 1811 660 eavere;
1825 620 1878 667 qui
1891 620 1971 655 sub-

1215 670 1343 705 stitutus
1365 677 1510 705 teneatur
1531 669 1715 704 solemniter
1733 681 1766 704 se
1788 669 1928 716 obligare
1942 679 1971 705 et

1217 719 1319 754 iurare
1347 719 1376 754 in
1411 731 1507 754 manu
1534 718 1690 754 auditoris
1716 718 1756 754 de
1787 718 1891 755 officio
1914 731 1971 755 suo

1217 768 1352 804 fideliter
1373 768 1564 813 exercendo,
1582 776 1613 804 et
1631 767 1669 803 de
1685 768 1845 804 creatione
1866 781 1921 804 sua
1941 769 1971 804 in

1217 819 1373 854 notarium
1397 818 1512 854 docere
1529 827 1561 854 et
1582 817 1749 853 ostendere
1765 826 1837 854 ante
1854 819 1971 853 omnia.

1216 867 1400 916 Item,quod
1418 868 1677 916 nullusipsorum
1693 868 1884 903 notariorum
1898 879 1973 915 pos-

1217 918 1257 952 sit
1271 918 1408 953 officium
1424 918 1513 953 alteri
1528 917 1708 962 arrendare,
1724 930 1780 953 nec
1795 917 1972 965 portionem

1217 968 1353 1016 aliquam
1372 969 1402 1002 iu
1417 968 1520 1003 officio
1531 967 1659 1003 alterius
1672 967 1815 1014 ipsorum
1832 967 1975 1003 notario-

1219 1030 1288 1052 rum
1307 1017 1437 1059 habere;
1452 1026 1482 1053 et
1496 1017 1649 1053 habentes
1666 1017 1878 1064 adpraesens,
1895 1016 1973 1051 infra

1217 1067 1297 1103 duos
1317 1079 1443 1102 meuses
1458 1067 1497 1103 de
1509 1067 1569 1103 illis
1584 1067 1765 1114 disponant.
1781 1066 1872 1111 Item,
1889 1065 1973 1114 quod

1219 1117 1326 1152 nullus
1354 1118 1494 1164 ipsorum
1515 1117 1709 1152 notariorum
1735 1117 1833 1164 possit
1851 1116 1976 1163 aliquas

1219 1167 1461 1202 commissiones
1487 1167 1547 1202 sibi
1571 1178 1752 1214 procurare,
1777 1178 1836 1201 nec
1857 1166 1978 1201 sollici-

1220 1225 1284 1251 tare
1311 1217 1394 1263 apud
1414 1226 1574 1263 regentem
1605 1217 1650 1251 vel
1679 1215 1890 1260 cardinalem,
1916 1214 1977 1250 sub

1221 1278 1320 1314 poena
1345 1267 1474 1301 notariis
1508 1266 1606 1301 Rotae
1635 1278 1689 1313 pro
1725 1266 1818 1300 simili
1843 1276 1975 1301 excessu

1220 1316 1377 1363 imposita.
1396 1316 1487 1357 Item,
1507 1315 1546 1351 ad
1562 1315 1724 1351 evitandas
1740 1315 1878 1370 fraudes,
1892 1314 1976 1362 quod

1221 1365 1356 1400 nullus
1349 1378 1492 1420 ipsorum
1521 1365 1714 1400 notariorum
1739 1364 1927 1399 intromittat
1945 1376 1978 1399 se

1221 1416 1251 1449 in
1269 1415 1374 1450 causis
1395 1415 1524 1450 alterius
1547 1415 1670 1459 notarii,
1688 1414 1747 1449 nisi
1775 1414 1854 1450 sorte
1877 1413 1980 1461 capiat

1220 1465 1357 1520 aliquem
1372 1473 1476 1499 actum
1491 1464 1528 1500 ad
1543 1464 1745 1500 referendum
1763 1463 1896 1502 notario,
1920 1476 1980 1498 cu-

1222 1515 1271 1549 ius
1294 1523 1341 1549 est
1358 1514 1426 1549 talis
1447 1527 1555 1558 causa,
1578 1522 1608 1548 et
1635 1522 1712 1549 tunc
1735 1513 1815 1548 infra
1840 1513 1979 1549 triduum

1222 1564 1292 1598 talis
1305 1572 1393 1599 actus
1417 1564 1538 1599 notario
1556 1564 1658 1611 ipsius
1675 1575 1787 1599 causae
1803 1562 1909 1598 referri
1924 1562 1980 1597 de-

1222 1613 1401 1660 beauquod
1418 1614 1443 1649 si
1467 1614 1659 1648 contrarium
1685 1614 1859 1660 continget,
1882 1624 1982 1660 quae-

1222 1676 1358 1710 cumque
1380 1671 1446 1698 acta
1476 1663 1658 1699 liniusinodi
1681 1663 1767 1698 nulla
1789 1663 1924 1698 existant
1949 1671 1981 1697 et

1223 1714 1319 1757 irrita,
1341 1721 1371 1748 et
1394 1713 1602 1748 nihilominus
1615 1713 1769 1757 notarius,
1784 1713 1838 1760 qui
1863 1712 1913 1747 illa
1929 1723 1981 1747 re-

1222 1763 1330 1809 cipiet,
1352 1763 1483 1798 arbitrio
1498 1763 1655 1798 auditoris
1677 1763 1836 1810 puniatur,
1853 1769 1884 1797 et
1901 1761 1980 1809 parti

1222 1812 1259 1847 ad
1287 1812 1490 1848 refectionem
1511 1825 1722 1860 expensarum
1747 1819 1912 1860 propterea
1936 1819 1983 1846 te-

1224 1870 1346 1897 neatur.
1375 1862 1465 1908 Item,
1493 1863 1579 1909 quod
1604 1874 1666 1897 non
1690 1862 1782 1898 detur
1805 1873 1859 1909 per
1881 1860 1983 1896 dictos

1224 1912 1361 1947 notarios
1388 1925 1446 1948 nec
1469 1913 1546 1948 alios
1573 1923 1849 1959 quarumcumque
1877 1909 1984 1946 curia-

1225 1975 1293 1996 ium
1309 1961 1536 1997 ordinariarum
1546 1961 1643 1997 Urbis
1656 1962 1838 1997 mandatum
1855 1959 1984 2007 aliquod

1224 2011 1261 2046 de
1275 2012 1429 2058 capiendo
1445 2012 1582 2068 aliquem
1607 2020 1765 2058 tamquam
1781 2010 1820 2046 de
1836 2010 1907 2057 fuga
1922 2022 1984 2045 su-

1224 2070 1380 2108 spectum,
1405 2062 1463 2096 nisi
1481 2063 1568 2109 prins
1581 2061 1619 2096 de
1635 2061 1756 2096 credito
1771 2060 1882 2096 saltem
1895 2072 1984 2095 sum-

1226 2116 1333 2161 matie,
1360 2125 1389 2151 et
1412 2116 1450 2152 de
1466 2116 1668 2163 suspectione
1690 2115 1731 2150 su
1724 2127 1782 2161 ¹ae
1804 2114 1914 2150 saltem
1931 2126 1985 2161 per

1226 2183 1323 2205 unum
1342 2178 1450 2205 testem
1466 2170 1594 2206 arbitrio
1611 2169 1735 2215 iudicis,
1752 2177 1906 2216 quantum
1923 2166 1981 2203 suf-

1226 2224 1558 2270 liciat,constiterit,et
1573 2238 1629 2273 per
1644 2233 1779 2260 actorem
1797 2224 1849 2258 fiat
1862 2222 1984 2258 actuale

1226 2279 1405 2327 depositum
1429 2280 1467 2315 de
1490 2280 1635 2327 expensis
1658 2288 1818 2326 capturae:
1845 2278 1884 2313 ita
1901 2275 1984 2325 quod

1227 2334 1296 2369 illae
1311 2335 1388 2370 solvi
1399 2334 1713 2379 debcantexecutori,
1726 2334 1750 2369 si
1761 2341 1890 2381 captura
1900 2344 1989 2379 repe-

1229 2389 1488 2424 rireturindebita
1506 2397 1535 2425 et
1551 2389 1710 2424 malefacta
1719 2388 1822 2435 aliqua
1831 2399 1868 2422 ex
1879 2399 1987 2432 eausa,

1227 2451 1257 2477 et
1274 2455 1333 2478 non
1351 2443 1451 2479 aliter.
1468 2443 1559 2485 ltem,
1582 2442 1664 2490 quod
1690 2443 1718 2477 iu
1735 2442 1851 2483 causis,
1867 2441 1897 2476 in
1912 2440 1985 2488 qui-

1228 2497 1287 2532 bus
1300 2498 1471 2534 summarie
1485 2498 1666 2546 proceditur
1679 2497 1708 2532 iu
1723 2495 1817 2532 Curia
1830 2495 1986 2531 auditoris

1229 2551 1392 2597 Gamerae,
1417 2553 1467 2588 liat
1490 2560 1658 2594 extractus,
1683 2563 1743 2586 uon
1768 2550 1908 2597 registra,
1930 2562 1986 2597 pro

1229 2606 1344 2652 quibus
1361 2606 1488 2654 antiqua
1504 2615 1533 2642 et
1545 2605 1744 2642 convenienti
1759 2604 1901 2640 mercede
1912 2616 1987 2640 cou-

434 2663 574 2713 recipere
597 2671 665 2700 acta
688 2671 717 2700 et
740 2663 960 2710 instrumenta,
983 2670 1011 2698 et
1034 2662 1088 2710 qni
1111 2661 1188 2697 sub·
1232 2661 1304 2696 tenti
1319 2661 1392 2704 sior,
1409 2670 1437 2695 et
1461 2661 1485 2696 si
1513 2661 1685 2709 contingat,
1708 2672 1763 2709 pro
1788 2667 1986 2709 transporta-

1984 264 2041 292 An.
2059 264 2171 293 &1515
