2281 3251
117 279 165 306 An.
184 277 210 302 C.
232 276 297 304 llt76

121 830 206 857 Quidum
220 830 295 851 tratres

113 860 187 881 tuci-11.
199 866 221 881 ne
233 867 296 887 prae-

114 895 212 918 αριστι-ς
229 898 296 917 gene·-

115 922 169 943 rales
177 923 196 942 in
207 922 260 942 lon-is
271 923 295 943 ab

113 953 153 973 into
168 953 246 979 hospit.
257 954 296 974 de-

113 984 261 1011 pendentibus,

122 1821 161 1842 Alii
176 1825 245 1842 autem
256 1823 290 1849 ip-

109 1858 131 1872 n
154 1852 200 1873 locu
222 1857 243 1874 et
265 1859 291 1874 e-

109 1884 240 1913 leemosynas
263 1888 291 1907 si—

109 1915 172 1936 bimet
211 1922 290 1944 appro-

108 1946 210 1972 pri-baut.

963 282 1072 305 Stx'l‘us
1094 283 1125 305 ΙΥ
1149 283 1196 304 l'l'.

312 333 495 380 languentes
527 341 557 368 et
584 333 716 375 infirmi,
742 335 792 369 alii
819 348 947 382 quoque
975 350 1052 384 pau-

312 394 401 429 peres
427 391 457 417 et
483 383 571 430 egeni
600 383 735 431 benigne
752 385 858 432 recipi,
873 386 1050 431 mitterei'l)

311 440 341 466 et
355 431 534 467 charitative
550 434 672 468 tractari
693 434 824 475 valeant,
842 435 979 482 profecto
996 449 1052 472 nos

310 481 466 526 convenit,
493 494 555 528 quo
585 484 699 518 nostris
738 484 890 530 hospitale
924 487 1052 532 praedi-

311 539 395 566 ctum
423 541 525 578 pateat
555 533 749 579 aspectibus,
777 542 807 568 et
833 535 1051 571 universorum

310 581 347 615 ad
366 581 440 616 illud
458 582 683 618 confluentium
704 596 879 631 pauperum
902 586 1051 621 auxilium

310 639 403 678 atque
424 631 581 678 refugium
605 641 662 676 cst,
685 641 715 668 et
737 642 857 681 praeter
875 634 1052 670 Romanum

312 680 497 716 Pontificem
525 682 718 729 superiorem
759 684 855 718 alium
894 686 1052 721 neminem

311 741 544 777 recognoscere.

358 779 378 826 ἓ
407 782 437 813 1.
452 779 532 814 Cum
558 781 674 828 itaque,
687 783 768 817 sicut
790 785 968 831 accepimus
989 785 1054 819 dis-

312 827 486 874 plicenter,
521 830 663 865 nonnulli
697 831 725 865 in
765 832 863 879 ipsius
893 834 1054 880 hospitalis

310 876 430 918 fratres,
458 879 549 914 etiam
579 882 831 927 praeceptorias,
866 882 1028 930 hospitalia
1045 911 1053 927 ,

311 927 450 963 membra
473 937 504 963 et
534 929 601 964 loca
624 929 672 976 pia
694 930 732 965 ab
759 931 827 978 ipso
854 931 999 978 hospitali
1022 933 1053 966 in

309 975 402 1011 Saxia
433 977 640 1024 dependentia
664 979 852 1022 obtinentes,
884 981 1054 1016 ambitione

310 1034 340 1060 et
365 1027 537 1074 cupiditate
564 1040 655 1063 caeca
683 1028 813 1069 inducti,
841 1039 869 1065 et
896 1031 961 1066 suis
989 1039 1054 1066 ter-

310 1077 403 1111 minis
427 1089 487 1111 non
516 1078 665 1118 contenti,
689 1080 861 1114 temeritate
881 1080 1005 1127 propria
1020 1093 1053 1115 se

308 1126 470 1170 generales
483 1135 701 1174 praeceptores
719 1127 793 1163 dicti
808 1127 950 1174 Ordinis,
966 1142 1054 1177 prae-

308 1174 399 1222 cipue
414 1175 444 1210 in
458 1176 601 1223 partibus
618 1176 856 1212 ultramontanis
878 1180 1053 1225 nominare,

307 1235 343 1258 ac
369 1224 398 1258 in
428 1225 589 1260 nonnullis
624 1227 860 1275 praeceptoriis,
888 1228 1054 1275 hospitali-

308 1272 378 1316 bus,
407 1275 556 1310 membris
592 1284 622 1310 et
650 1275 728 1311 locis
754 1276 793 1311 ab
815 1277 884 1324 ipso
907 1278 1051 1326 hospitali

308 1322 340 1356 in
366 1322 459 1358 Saxia
487 1324 737 1372 dependentibus
773 1338 947 1374 eorumque
975 1341 1052 1375 per—

306 1372 393 1406 sonis
415 1373 661 1409 iurisdictionem
684 1375 887 1417 ordinariam,
909 1378 974 1412 sive
998 1391 1052 1424 per

306 1422 434 1457 modum
457 1423 689 1462 submissionis,
716 1425 928 1471 fundationis,
957 1427 1051 1462 unio-

306 1471 366 1511 nis,
392 1473 600 1515 annexionis,
628 1474 892 1522 incorporationis
921 1476 967 1510 vel
995 1489 1052 1524 ap—

306 1520 503 1567 plicationis,
542 1524 749 1559 commendae
801 1525 847 1560 vel
887 1526 1052 1562 vicariatus

307 1572 463 1618 perpetui,
490 1572 546 1617 eis,
573 1582 606 1607 ut
633 1573 759 1614 dicitur,
794 1574 958 1614 factarum,
985 1577 1050 1612 sive

304 1620 373 1655 aliis
400 1622 564 1669 exquisitis
592 1622 703 1658 mediis
731 1632 915 1671 potestatem
931 1633 961 1660 et
989 1638 1050 1660 su-

305 1670 516 1716 perioritatem
559 1671 675 1707 habere
693 1701 701 1714 ,
740 1674 867 1721 sibique
910 1675 1050 1711 indebite

304 1720 469 1756 vendicare
497 1721 670 1757 videantur.

352 1774 367 1813 ξ
393 1774 426 1804 2.
449 1771 595 1818 Plerique
613 1785 683 1807 vero
698 1773 787 1817 alii,a
800 1786 933 1820 quorum
950 1775 1050 1810 oculis

304 1818 361 1854 Dei
384 1820 476 1855 timor
493 1821 653 1866 abscessit,
664 1835 725 1857 non
735 1824 931 1858 attendentes
941 1833 972 1858 ut
983 1824 1049 1859 sru-

304 1877 373 1903 ctus
388 1897 397 1910 ,
420 1870 562 1905 redditus
583 1880 612 1905 et
635 1881 808 1918 proventus
829 1873 905 1908 dicti
934 1874 1048 1921 hospi-

304 1918 374 1953 talis
401 1919 431 1953 in
458 1920 563 1961 Saxia,
590 1933 712 1956 necnon
739 1922 925 1962 oblationes,
963 1924 1048 1958 elee-

304 1980 448 2016 mosynas
482 1979 575 2017 atque
601 1970 660 2005 alia
687 1971 867 2007 charitativa
894 1972 1047 2017 subsidia,

303 2029 394 2064 quae,
410 2019 460 2065 pia
476 2019 637 2066 largitione
664 2020 804 2056 fidelium
827 2021 968 2063 Christi,
988 2023 1047 2070 ipsi

302 2066 448 2114 hospitali
477 2069 506 2103 in
535 2068 628 2104 Saxia
663 2069 806 2116 legantur
828 2084 883 2106 seu
907 2071 1047 2118 largiun-

303 2124 353 2151 tur
371 2126 423 2152 aut
446 2119 677 2166 relinquuntur,
706 2121 736 2154 in
774 2134 849 2156 usus
870 2131 899 2156 et
922 2130 1047 2157 susten-

304 2166 453 2202 tationem
500 2169 736 2215 expositorum,
772 2171 969 2205 infirmorum
1016 2181 1046 2207 et

304 2228 476 2263 pauperum
502 2218 730 2265 praedictorum
754 2231 789 2254 ex
807 2221 928 2256 cunctis
951 2222 1047 2268 parti-

303 2265 361 2301 bus
387 2267 496 2302 mundi
524 2267 561 2302 ad
590 2268 666 2302 illud
700 2269 928 2305 confluentium
968 2283 1047 2306 con-

302 2324 471 2358 vertantur,
495 2318 662 2365 prioratus,
680 2320 927 2366 praeceptorias,
949 2333 1046 2355 mem-

303 2364 356 2400 bra
373 2393 382 2409 ,
404 2367 566 2414 hospitalia
594 2377 624 2402 et
651 2368 717 2402 loca
740 2368 778 2402 ab
807 2370 875 2416 ipso
903 2370 1045 2417 hospitali

303 2415 333 2448 in
361 2416 453 2451 Saxia
480 2429 658 2464 occupare,
686 2418 843 2463 invadere,
870 2427 978 2454 tenere
1017 2430 1047 2455 et

302 2463 471 2507 detinere;
498 2466 673 2503 oblationes
700 2480 843 2515 quoque,
870 2469 1048 2518 eleemosy—

304 2526 358 2549 nas
396 2525 426 2550 et
465 2516 522 2551 alia
553 2530 727 2564 pauperum
768 2518 928 2563 subsidia,
952 2520 1045 2554 etiam

304 2564 404 2611 ipsius
443 2567 540 2601 nostri
580 2567 746 2614 hospitalis
785 2569 913 2603 nomine
951 2582 1048 2616 quae-

303 2615 438 2649 stuando
463 2625 493 2650 et
521 2616 728 2651 mendicando
757 2630 931 2665 usurpare,
959 2628 989 2653 et
1017 2619 1046 2653 in

339 2675 378 2711 (l)
394 2676 492 2704 Forsan
508 2680 626 2704 enutriri·
640 2678 678 2713 (n.
699 2679 748 2713 τ.),

1719 276 1789 308 227

1094 350 1167 372 suos
1197 350 1273 372 usus
1300 346 1494 383 convertere,
1516 350 1588 373 cum
1611 351 1737 375 suarum
1754 342 1839 388 peri-

1095 387 1165 421 culo
1193 387 1379 432 animarum,
1401 396 1430 422 et
1458 399 1633 435 pauperum
1656 390 1838 426 eorumdem

1095 437 1280 471 detrimento
1307 437 1454 481 maximo,
1477 450 1539 472 non
1562 437 1739 474 formidant.

1143 486 1162 533 g
1190 489 1221 521 5.
1250 486 1329 526 Nos,
1356 498 1489 534 quorum
1520 487 1647 522 interest
1673 488 1838 536 hospitalis
1863 501 1902 537 μμ-
1920 502 2037 537 ῑιεοινοᾳ-

1096 536 1307 582 expositorum
1337 536 1524 581 infantium,
1552 537 1767 583 languentium
1807 548 1838 573 et
1852 533 2037 584 {¹,¹}¹,0⁰c'{''¹,'„⁸„{¹g]

1097 597 1268 632 pauperum
1307 585 1536 632 praedictorum
1578 586 1838 623 indemnitatibus
1853 594 1894 615 ¹³²·
1916 595 1951 645 2¹³
1971 600 2036 631 12⁶&

1098 634 1268 680 providere,
1290 635 1440 670 adversus
1461 635 1643 671 ambitiosos
1670 649 1838 683 praesum·
1852 626 2037 677 bilha-incipi&

1098 692 1212 729 ptores,
1236 693 1452 731 occupatores,
1472 685 1641 726 invasores,
1660 686 1838 722 detentores
1852 688 2038 739 ffi‘ssecfjffiffst·

1096 741 1125 766 et
1143 743 1344 779 usurpatores
1361 734 1545 780 praedictos,
1567 734 1620 770 illo
1642 735 1780 771 volentes
1796 736 1838 771 uti
1988 734 1993 743 '

1096 791 1275 828 opportuno
1318 783 1477 827 remedio,
1514 796 1569 831 per
1603 785 1687 832 quod
1729 798 1838 821 eorum

1097 841 1312 878 compescatur
1328 833 1498 877 temeritas,
1517 841 1547 868 et
1568 833 1643 869 alias
1660 834 1698 869 de
1717 843 1840 871 caetero

1098 881 1296 927 perpetrandi
1331 882 1443 917 similia
1471 883 1573 917 aditus
1600 884 1839 930 praecludatur:

1098 939 1182 963 motu
1211 931 1348 977 proprio,
1376 943 1438 965 non
1454 932 1490 965 ad
1507 932 1641 967 alicuius
1663 945 1759 981 super
1781 933 1842 969 hoc

1096 978 1219 1014 oblatae
1263 980 1422 1026 petitionis
1463 981 1642 1016 instantiam
1661 1009 1668 1023 ,
1702 983 1757 1017 sed
1802 983 1841 1018 de

1098 1037 1199 1063 nostra
1228 1028 1453 1065 deliberatione
1488 1038 1518 1064 et
1546 1030 1717 1073 voluntate,
1735 1033 1841 1068 omnia

1096 1085 1126 1111 et
1151 1078 1275 1124 singula
1302 1078 1360 1113 alia
1389 1078 1572 1125 hospitalia,
1599 1082 1841 1128 praeceptorias,

1097 1127 1236 1162 membra
1258 1137 1287 1162 et
1311 1128 1359 1175 pia
1382 1128 1449 1162 loca
1471 1128 1547 1163 dicti
1570 1128 1710 1175 Ordinis,
1733 1139 1764 1165 et
1782 1131 1841 1166 sub

1097 1176 1247 1212 vocabulo
1274 1176 1307 1212 S.
1331 1176 1469 1224 Spiritus
1501 1178 1679 1224 intitulata,
1706 1180 1745 1215 ab
1771 1180 1840 1228 ipso

1096 1234 1201 1261 nostro
1224 1227 1368 1274 hospitali
1389 1228 1419 1261 in
1443 1227 1535 1263 Saxia
1558 1228 1750 1276 dependere,
1764 1230 1843 1265 nul-

1095 1274 1180 1322 lique
1205 1276 1256 1310 alii
1283 1277 1484 1321 monasterio,
1507 1278 1754 1326 praeceptoriae,
1781 1279 1843 1315 ho-

1095 1325 1197 1371 spitali
1237 1326 1301 1361 sive
1340 1326 1390 1360 alii
1425 1327 1477 1373 pio
1504 1327 1591 1371 loco,
1624 1337 1841 1376 praeterquam

1094 1374 1178 1409 dicto
1199 1375 1345 1422 hospitali
1370 1375 1399 1409 in
1424 1376 1528 1417 Saxia,
1543 1377 1635 1412 etiam
1651 1378 1677 1412 si
1692 1378 1841 1426 longaeva

1094 1426 1293 1460 consuetudo
1314 1434 1368 1460 aut
1389 1425 1559 1462 submissio
1574 1426 1677 1475 aliqua
1689 1440 1843 1475 repugna-

1095 1482 1173 1515 rent,
1197 1475 1289 1520 pleno
1312 1475 1379 1510 inre
1398 1475 1541 1523 subesse,
1560 1477 1745 1512 auctoritate
1768 1490 1842 1525 apo-

1093 1522 1327 1568 stolica,ten0re
1343 1525 1554 1572 praesentium
1573 1535 1604 1561 et
1625 1535 1708 1562 certa
1736 1536 1840 1562 nostra

1093 1572 1221 1609 scientia
1263 1574 1464 1610 decernimus
1506 1576 1623 1623 pariter
1660 1584 1691 1612 et
1734 1576 1841 1612 decla-

1095 1634 1209 1659 ramus.

1141 1674 1161 1721 g
1183 1678 1216 1709 4.
1240 1674 1420 1709 Statuentes
1442 1686 1478 1709 ac
1499 1676 1592 1711 etiam
1628 1675 1839 1712 decernentes
1867 1681 2037 1735 sszquefwlssffl·

1092 1724 1176 1770 quod
1214 1725 1313 1772 ipsius
1335 1723 1464 1759 Ordinis
1499 1725 1684 1773 hospitalia,
1706 1738 1838 1773 praece-
1851 1718 2036 1771 gi'ffiiiisrsai‘spiff

1093 1774 1223 1820 ptoriae,
1249 1773 1391 1809 membra
1407 1782 1436 1808 et
1459 1774 1526 1810 loca
1548 1775 1636 1817 nulli,
1655 1776 1838 1811 cuiuscum-
1851 1777 1971 1832 Ξζέῗωξζῃ
1997 1781 2036 1832 ξξξ

1092 1835 1153 1869 que
1176 1823 1349 1870 dignitatis,
1372 1831 1494 1868 status,
1515 1825 1631 1871 gradus
1652 1825 1699 1861 vel
1725 1826 1837 1861 condi-
1851 1838 1944 1858 nemnem
1975 1838 2035 1857 num,

1092 1873 1186 1907 tionis
1218 1873 1333 1913 suerit,
1369 1882 1589 1921 praeterquam
1617 1875 1716 1921 ipsius
1738 1876 1835 1911 nostri
1851 1869 1914 1926 ¹1:323,
1931 1868 2033 1919 ᾱξῖζᾞῂῗ

1092 1922 1255 1969 hospitalis
1292 1922 1440 1957 fratribus
1483 1932 1514 1957 et
1546 1923 1700 1959 Ordinem
1733 1925 1837 1971 ipsum

1090 1984 1237 2019 expresse
1272 1972 1444 2020 professis,
1476 1973 1522 2007 eis
1557 1982 1660 2009 tamen
1689 1987 1744 2021 pro
1771 1976 1837 2010 solo

1091 2030 1170 2056 nutu
1193 2022 1266 2056 dicti
1294 2022 1507 2069 praeceptoris
1528 2023 1703 2065 existentis,
1722 2032 1754 2058 et
1782 2038 1837 2071 pro

1091 2079 1230 2118 tempore
1252 2071 1288 2106 ad
1312 2071 1482 2106 claustrum
1499 2073 1644 2118 quotiens
1666 2073 1839 2121 expedierit

1091 2124 1289 2165 revocandis,
1320 2126 1351 2159 in
1380 2125 1502 2160 titulum
1532 2126 1580 2161 vel
1619 2127 1837 2162 commendam

1089 2179 1224 2214 conferri
1247 2179 1368 2214 valeant
1390 2180 1453 2214 sive
1475 2181 1606 2227 possint.

1138 2234 1157 2281 S
1180 2236 1212 2268 5.
1234 2234 1412 2282 Nullusque
1435 2235 1534 2282 ipsius
1552 2236 1650 2271 nostri
1673 2236 1837 2285 hospitalis
1864 2244 1928 2285 Maio
1944 2246 1996 2266 nlius
2011 2252 2033 2266 π

1090 2287 1206 2334 frater,
1229 2288 1322 2324 etiam
1350 2288 1653 2325 administrationem
1689 2291 1733 2326 vel
1768 2291 1837 2326 offi-
1851 2280 2034 2333 Ϊέτῗῖὶὲῗῗρρῗιῖ

1089 2342 1174 2377 cium
1195 2355 1252 2378 seu
1275 2342 1463 2378 beneficium
1494 2343 1662 2390 obtinens,
1689 2358 1722 2380 se
1744 2358 1837 2393 gene·
1851 2338 2033 2394 {22’1f,‚¹,{‚⁸{l⁰‡‡]

1090 2399 1186 2433 ralem
1203 2399 1590 2446 praeceptorem,citravel
1606 2399 1687 2435 ultra
1701 2410 1834 2442 montes,
1851 2399 2030 2450 ξῗζῇζωῆῗωώ

1090 2454 1269 2494 nominare,
1292 2466 1395 2500 neque
1417 2454 1552 2501 aliquam
1586 2455 1835 2491 iurisdictionem

1089 2515 1141 2541 aut
1167 2507 1419 2555 superioritatem
1443 2509 1474 2542 in
1512 2517 1748 2556 praeceptores,
1772 2510 1836 2544 ho—

1089 2561 1275 2607 spitalarios,
1315 2562 1434 2608 priores
1478 2575 1533 2598 seu
1568 2563 1836 2599 administratores

1089 2615 1166 2650 alios
1192 2615 1266 2650 dicti
1297 2614 1443 2660 Ordinis,
1465 2628 1519 2651 seu
1544 2617 1680 2664 ipsorum
1709 2617 1775 2651 loca
1804 2625 1835 2651 et

1091 2669 1170 2704 bona
1192 2668 1359 2705 vendicare
1393 2672 1616 2718 quoquomodo
1646 2681 1833 2718 praesumat.

1855 287 1903 313 An.
1920 286 1949 313 C.
1966 287 2035 314 tu76
