2281 3251
82 287 131 315 An.
149 285 263 314 Csssssfi

93 493 166 514 valida
169 495 197 514 tio
213 494 264 515 atie-

81 525 187 546 nttonum
202 525 226 545 ab
237 530 262 546 eo

82 556 204 577 flend-rum.

113 1044 228 1069 veronna

93 1077 251 1098 contr-riorum⁴

120 2681 241 2706 [tornum.

946 282 1007 305 LEO
1029 283 1051 304 X
1074 282 1121 304 PP.

276 339 457 376 auctoritate
471 339 653 386 apostolica,
673 346 778 373 tenore
795 338 1020 385 praesentium,

276 390 315 425 de
332 389 477 437 specialis
499 388 582 423 dono
604 389 720 434 gratiae
743 388 956 435 indulgemus.

325 440 345 487 S
365 443 398 473 4.
425 438 641 474 Decernentes
663 447 692 472 et
715 438 908 473 declarantes
923 446 1020 473 totum

278 489 307 525 id
336 487 420 536 quod
444 500 498 535 per
527 488 717 523 visitatorem
751 500 820 523 eum
851 488 948 529 socio,
977 489 1022 522 sic

276 551 333 587 per
353 550 424 572 eum
449 550 504 584 pro
527 545 668 585 tempore
696 538 815 577 electo,
838 538 918 573 circa
945 549 1023 571 ven-

275 588 409 624 ditiones
439 596 470 622 et
502 587 577 622 alias
612 588 815 622 alienationes
842 586 1022 622 huiusmodi

275 646 378 673 actum
401 645 431 672 et
457 645 580 683 gestum
608 637 716 681 fuerit,
742 637 858 675 valere
881 637 1024 684 plenam-

274 699 337 735 que
360 686 482 722 roboris
504 687 680 721 firmitatem
704 686 861 726 obtinere,
884 698 918 721 ac
932 685 1024 720 abba-

274 736 371 779 tibus,
395 737 550 783 praelatis,
581 736 738 791 prioribus
760 744 790 771 et
816 714 1024 770 coiiventibus

275 786 420 834 praefatis
435 793 465 820 et
487 798 558 821 cum
582 786 626 820 eis
641 785 898 820 contrahentibus
913 786 1024 820 suffra-

274 848 339 883 gari
368 835 482 870 debere
511 836 541 870 in
565 835 713 870 omuibus
745 843 775 869 et
807 847 861 882 per
898 835 1024 878 omnia,

276 884 409 933 perinde
426 897 462 920 ac
484 885 508 920 si
533 885 652 920 electus
676 897 731 932 per
753 897 809 920 nos
828 893 857 919 et
879 884 1025 930 generale

276 934 449 983 capitulum
467 935 566 982 ipsius
584 934 835 980 congregationis
858 935 1025 981 deputatus

276 993 308 1020 et
329 985 445 1019 missus
472 985 612 1019 visitator
640 984 728 1018 foret.

325 1035 345 1079 ἕ
371 1034 441 1069 Non
463 1033 659 1069 obstantibus
687 1033 866 1081 praemissis
893 1041 944 1067 etc.
974 1033 976 1047 ³

326 1083 411 1118 Nulli
434 1096 508 1129 crgo
534 1091 588 1118 etc.

327 1133 442 1168 Datum
463 1132 584 1168 Romae
606 1132 690 1180 apud
712 1132 864 1167 Sanctum
885 1131 1025 1171 Petrum,

278 1195 360 1218 anno
390 1182 616 1218 incarnationis
650 1182 826 1217 dominicae
859 1181 1027 1216 millesimo

278 1232 532 1281 quingentesimo
559 1232 791 1274 decimosexto,
814 1243 848 1265 tv
878 1230 1028 1265 kalendas

278 1282 476 1330 septembriS,
507 1282 706 1328 pontificatus
733 1281 831 1315 nostri
854 1292 935 1314 anno
962 1293 1007 1314 1v.

327 1343 387 1373 Dat.
404 1343 450 1373 die
466 1342 504 1373 29
519 1344 635 1382 augusti
652 1342 739 1380 1516,
757 1346 836 1382 pont.
852 1351 927 1372 anno
943 1351 979 1372 tv.

618 1498 690 1534 XX.

282 1580 482 1626 Confirmatio
504 1585 531 1613 et
551 1580 685 1614 extensio
698 1580 918 1613 iurisdictionis
937 1580 972 1614 S.
991 1580 1029 1613 R.

328 1631 370 1664 E.
398 1630 562 1663 camerarii
598 1636 625 1662 et
658 1630 879 1674 mayt'strorwn
910 1630 1032 1662 viarum

330 1681 429 1713 almae
453 1679 554 1718 Urbis,
576 1685 603 1712 et
623 1679 792 1712 declaratio
814 1679 896 1713 circa
921 1680 1031 1723 appel-

329 1730 457 1763 lationes
489 1730 527 1763 ab
557 1740 661 1762 eorum
703 1729 853 1762 sententiis
889 1729 1032 1773 interpo-

330 1780 455 1813 nendos.

549 1847 764 1879 SUMMARIUM

280 1910 446 1942 Exordium.
467 1928 506 1933 —
524 1911 550 1940 1.
575 1910 671 1940 Sixtus
690 1909 726 1939 tv
739 1909 829 1939 edidit
846 1909 963 1939 constit.
986 1909 1034 1940 hic

319 1956 488 1986 indicatam.
506 1972 545 1978 —
566 1955 593 1985 2.
616 1954 708 1984 Iulius
727 1954 750 1983 Il
773 1955 880 1984 dictam
894 1955 1035 1984 constitu-

321 2001 428 2030 tionem
453 1999 631 2039 approbavit.
644 2016 684 2021 --
697 1999 723 2028 3.
742 1998 793 2028 ilic
807 1999 892 2029 modo
903 1998 1035 2029 Pontifex

319 2046 439 2076 innovat
460 2050 488 2075 et
520 2045 673 2074 coufirmat
700 2043 938 2073 constitutionem
964 2043 1034 2074 sixti

321 2095 349 2120 et
375 2089 462 2127 lutii;
490 2106 529 2111 —
553 2090 581 2118 4.
600 2088 758 2118 Confirmat
792 2088 1032 2117 constitutionem

322 2135 478 2165 Alexandri
496 2134 539 2170 Vt,
559 2143 672 2163 necnon
692 2133 923 2163 iurisdictionem
942 2134 1036 2171 ningi-

321 2184 450 2210 strorum
476 2179 604 2209 extendit
627 2179 714 2208 etiam
741 2178 775 2207 ad
803 2178 877 2207 bona
902 2178 1034 2207 locorum

321 2225 436 2264 piorum
450 2234 458 2260 ς
475 2241 514 2245 —
529 2224 555 2253 5.
572 2223 812 2253 Praeveutionetn
833 2223 972 2260 permittit
986 2223 1034 2251 in-

321 2274 366 2300 ter
387 2269 543 2299 aedificare
566 2268 707 2297 volentes.
727 2285 765 2290 —-
780 2268 806 2297 ὓ.
821 2267 957 2297 Habitare
977 2277 1036 2296 non

320 2314 438 2348 relevat,
457 2318 524 2353 post
551 2313 774 2352 requisitionem
799 2312 956 2342 volentium
983 2321 1035 2341 ae-

322 2359 451 2388 dificare.
474 2375 513 2380 —
543 2358 567 2387 7.
596 2357 729 2387 Extendit
760 2357 869 2386 bullam
905 2355 974 2386 sixti
1000 2355 1036 2385 lV

323 2403 410 2433 etiam
432 2408 510 2433 extra
526 2402 644 2433 Urbem.
657 2419 695 2425 —-
706 2403 733 2432 8.
749 2401 894 2432 Clausulae
912 2401 1036 2440 deroga-

323 2448 425 2479 toriae.

373 2515 423 2545 Leo
441 2516 580 2553 episcopus
603 2522 698 2544 servus
722 2521 861 2543 servorum
885 2512 947 2546 Dei,

435 2567 469 2595 ati
484 2567 644 2603 perpetuam
662 2565 702 2594 rei
717 2563 885 2593 memoriam.

337 2624 422 2661 Inter
446 2638 538 2661 curas
564 2624 767 2671 multiplices,
789 2635 881 2670 quae,
896 2635 952 2670 pro
976 2634 1039 2670 pa-

289 2675 394 2712 storali
421 2675 524 2711 officio
547 2674 744 2710 laudabiliter
765 2672 962 2720 exequendo,
980 2685 1038 2707 uo-

1690 270 1760 303 655

1063 337 1112 371 bis
1140 336 1343 377 incumbunt,
1367 335 1450 370 illam
1482 335 1619 371 libenter
1646 335 1813 382 amplecti-

1064 400 1146 428 mur,
1176 399 1230 433 per
1257 399 1349 433 quam
1378 385 1540 420 Romanae
1567 384 1664 423 urbis
1693 398 1722 418 in
1752 398 1812 440 qua

1063 437 1275 483 apostolorum
1287 436 1440 482 Princeps
1453 435 1511 470 sibi
1526 443 1556 470 et
1568 435 1635 469 suis
1648 435 1678 468 in
1695 434 1812 469 Christi

1065 487 1212 521 vicariatu
1240 485 1479 521 successoribus
1506 484 1613 519 sedem
1636 484 1757 528 statuit,
1785 493 1815 520 et

1064 536 1101 569 ad
1142 548 1235 583 quam
1270 535 1308 569 de
1337 535 1490 570 universis
1527 534 1612 569 orbis
1645 534 1815 581 provinciis

1066 585 1213 632 frequens
1251 585 1462 632 assiduusque
1490 583 1654 618 bominum
1690 592 1736 619 est
1763 596 1815 619 ac-

1066 647 1186 678 cessus,
1200 635 1350 675 conditio,
1365 646 1426 668 non
1443 634 1547 668 minus
1569 633 1598 667 iu
1619 633 1814 669 urbanorum

1067 685 1322 732 rusticorumque
1348 684 1545 730 praediorum
1561 683 1769 729 amplitudine
1786 691 1817 718 et

1066 734 1258 774 excellentia,
1282 746 1376 781 quam
1401 734 1538 768 virorum
1563 733 1734 779 insignium
1755 745 1816 768 nu-

1067 796 1152 818 mero
1176 792 1205 818 et
1228 792 1351 826 ornatu,
1369 792 1491 818 nostrae
1509 782 1697 830 provisionis
1709 795 1816 829 opere,

1068 833 1257 879 praeclarior
1283 834 1312 867 in
1337 832 1405 867 dies
1427 841 1520 880 atque
1543 832 1695 867 illustrior
1711 833 1818 873 fiat,et

1066 884 1118 930 qui
1142 883 1171 916 in
1200 895 1234 917 ea
1259 895 1314 928 pro
1343 891 1483 928 tempore
1508 882 1652 928 degerint
1673 891 1728 916 aut
1749 882 1818 917 Ro-

1067 933 1151 967 mani
1180 932 1343 966 pontificis
1373 932 1499 967 Curiam
1524 939 1714 978 sequentur,
1742 945 1819 966 cer-

1068 982 1145 1016 tiore
1168 981 1197 1015 in
1226 994 1354 1017 snorum
1375 981 1580 1028 dispositione
1603 981 1756 1016 bonorum
1775 981 1818 1015 li-

1068 1031 1185 1066 bertate
1221 1031 1386 1071 fruantur3
1425 1040 1453 1065 et
1487 1043 1568 1078 quae
1604 1039 1768 1077 propterea
1802 1043 1819 1065 a

1068 1080 1230 1115 nonnullis
1245 1093 1282 1115 ex
1307 1080 1605 1127 praedecessoribus
1624 1081 1738 1115 nostris
1754 1092 1819 1128 pro-

1069 1130 1136 1164 vida
1159 1130 1412 1165 consideratione
1439 1137 1636 1170 emanarunt,
1665 1138 1751 1164 uteo
1769 1130 1820 1164 lir-

1069 1180 1152 1214 mius
1188 1179 1304 1214 illibata
1343 1189 1575 1226 permaneant,
1607 1191 1670 1225 quo
1704 1179 1820 1213 suerint

1069 1228 1211 1264 erebrius
1234 1229 1408 1276 apostolico
1430 1228 1627 1263 circumfulta
1652 1228 1820 1275 praesidio,

1070 1286 1194 1313 nostrae
1221 1278 1458 1326 approbationis
1490 1277 1668 1313 munimine
1692 1278 1821 1313 iffloboia-

1070 1341 1142 1363 mus
1161 1329 1427 1375 extendimusque
1449 1336 1478 1362 et
1500 1327 1702 1375 ampliamnS,
1716 1335 1821 1382 prout,

1072 1387 1249 1425 temporum
1273 1379 1392 1413 ratione
1415 1377 1532 1417 habita,
1556 1384 1663 1412 nostro
1686 1385 1716 1412 et
1743 1389 1821 1412 eius-

1071 1427 1142 1462 dem
1167 1427 1252 1462 urbis
1275 1440 1310 1463 ac
1336 1427 1451 1462 Curiae
1474 1427 1580 1462 decori
1600 1427 1822 1473 cognoscimus

1072 1477 1232 1524 expedire.

1119 1527 1139 1574 S
1167 1531 1199 1560 1.
1222 1526 1364 1571 Dudum,
1386 1526 1544 1574 siquidem
1562 1525 1613 1560 sel.
1634 1538 1693 1560 rec.
1713 1525 1822 1560 Sixtus

1072 1576 1158 1622 Papa
1184 1575 1247 1617 IV,
1275 1576 1500 1622 praedecessor
1527 1583 1654 1620 noster,
1688 1576 1822 1622 cupiens

1072 1625 1172 1660 dictae
1193 1625 1282 1660 urbis
1304 1625 1410 1660 decori
1442 1633 1472 1660 ct
1505 1625 1658 1659 venustati
1683 1625 1714 1659 in
1737 1634 1822 1660 stru-

1073 1675 1170 1710 cturis
1197 1683 1227 1710 et
1248 1674 1418 1716 aedificiis,
1441 1683 1494 1709 etc.
1525 1678 1580 1719 (1).

1122 1725 1195 1772 §2
1230 1723 1268 1758 Et
1298 1725 1475 1759 successive
1510 1725 1578 1771 piae
1605 1736 1700 1759 mem.
1725 1723 1824 1758 lulius

1073 1773 1158 1820 Papa
1180 1773 1219 1818 II,
1242 1774 1335 1808 etiam
1354 1774 1578 1821 praedecessor
1600 1783 1718 1817 noster,
1736 1781 1823 1808 motu

1075 1831 1104 1858 et
1126 1824 1255 1858 scientia
1280 1824 1556 1868 similibus,dictas
1580 1824 1700 1870 priores
1722 1823 1827 1858 literas

1075 1886 1145 1908 cun]
1175 1873 1373 1908 inhibitionis
1401 1886 1436 1908 ac
1463 1873 1597 1919 singulis
1624 1874 1694 1907 aliis
1723 1873 1753 1906 in
1781 1873 1826 1907 eis

1075 1923 1232 1958 contentis
1254 1923 1401 1958 clausulis
1428 1924 1615 1970 approbavit
1645 1932 1673 1957 et
1708 1922 1827 1957 confir-

1076 1973 1181 2013 mavit,
1199 1985 1234 2007 ac
1250 1982 1436 2020 perpetuum
1465 1973 1618 2007 firmitatis
1646 1972 1742 2007 robur
1769 1973 1827 2006 ob-

1077 2023 1185 2063 tinere,
1202 2031 1232 2057 et
1254 2023 1411 2057 observari
1435 2022 1549 2057 debere
1567 2023 1716 2066 decrevit,
1733 2021 1827 2056 voluit

1076 2082 1106 2108 et
1129 2074 1299 2108 mandavit.

1125 2124 1144 2171 ἓ
1161 2127 1193 2158 5.
1214 2123 1279 2159 Nos
1296 2124 1404 2169 igitur,
1419 2122 1655 2158 considerantes
1672 2130 1825 2169 quantum

1077 2179 1201 2214 decoris
1230 2187 1260 2213 et
1289 2179 1449 2225 dignitatis
1472 2177 1540 2211 urbi
1569 2185 1598 2211 et
1625 2176 1739 2211 Curiae
1771 2188 1827 2210 su-

1078 2233 1238 2281 pradictis,
1254 2242 1282 2268 et
1306 2233 1337 2266 in
1353 2232 1567 2267 aedificiorum
1586 2238 1615 2265 et
1628 2230 1825 2278 praediorum

1077 2288 1290 2334 ampliatione,
1307 2295 1337 2322 et
1353 2286 1534 2321 salubrioris
1547 2285 1627 2320 aeris
1639 2285 1827 2320 amoenitate

1077 2352 1107 2378 et
1135 2344 1300 2378 hominum
1325 2343 1354 2377 in
1384 2342 1467 2377 omui
1492 2342 1640 2376 virtutum
1664 2348 1693 2375 et
1721 2340 1829 2387 digni-

1079 2407 1177 2434 tatum
1205 2410 1321 2445 genere
1356 2396 1526 2431 illustrium
1554 2395 1643 2443 copia
1672 2404 1701 2430 et
1722 2396 1830 2439 cultu,

1077 2466 1094 2489 a
1121 2461 1262 2500 tempore
1285 2464 1348 2499 quo
1370 2451 1471 2486 dictae
1495 2449 1602 2485 literae
1630 2458 1829 2489 emanarunt,

1078 2509 1227 2550 accessi13
1243 2516 1271 2543 et
1292 2505 1395 2554 quod,
1419 2518 1474 2553 pro
1496 2504 1733 2540 conservatione
1751 2511 1781 2538 et
1798 2503 1828 2537 in

1079 2564 1192 2599 melius
1221 2575 1387 2611 progressu
1417 2560 1530 2596 Curiae
1558 2569 1588 2595 ct
1619 2559 1704 2594 urbis
1732 2570 1830 2606 prae-

1116 2645 1155 2679 (t)
1175 2644 1313 2672 Omittitur
1329 2642 1437 2669 insertio
1454 2641 1532 2669 huius
1547 2640 1651 2673 Bullae‚
1669 2639 1731 2675 quia
1747 2643 1830 2667 totam

1080 2684 1161 2712 habes
1181 2692 1253 2719 sup,
1269 2690 1327 2719 pag.
1345 2683 1408 2709 273.

1826 282 1874 307 An.
1892 280 1921 307 C.
1939 279 2008 307 ¹5¹6

1850 1536 1901 1558 Sixt.
1924 1535 1952 1557 lv
1973 1536 2020 1557 odi-

1837 1567 1866 1588 dit
1883 1568 1968 1589 constit.
1986 1566 2021 1588 hit:

1837 1600 1959 1621 indicatam.

1853 1736 1916 1758 lulius
1932 1735 1950 1756 11
1974 1736 2019 1757 ‹lie-

1839 1772 1880 1789 tam
1892 1769 1977 1789 constit.
1987 1774 2020 1795 ap-

1840 1800 1943 1827 probavit.

1855 2133 1892 2155 Hic
1902 2134 1963 2155 modo
1972 2133 2025 2154 Pon·

1843 2165 1893 2186 tifex
1907 2166 1993 2185 innovat
2004 2167 2024 2185 et

1842 2197 1950 2218 coufirmat
1972 2201 2027 2216 con-

1843 2228 1973 2249 stitutionem
1983 2226 2028 2248 Six-

1843 2260 1858 2280 ti
1873 2257 1958 2283 etlulii;
