2281 3251
240 263 290 288 An.
309 264 335 289 Cr
357 264 421 290 ¹502

487 245 556 279 596

435 310 498 345 rint
524 322 579 345 seu
608 308 857 350 occultaverint3
881 308 989 356 eisque
1013 308 1192 345 consilium,

435 359 587 394 auxilium
608 359 652 393 vel
678 359 825 402 favorem,
843 357 968 405 publice
989 357 1035 392 vel
1059 358 1192 393 occulte,

435 409 554 444 directe
569 409 614 443 vel
639 408 789 442 indirecte
813 408 1037 455 praestiterint;
1059 408 1124 441 sii-e
1140 409 1190 455 qui

435 459 618 505 praemissa,
642 458 734 492 etiam
763 469 819 504 pro
841 457 909 492 aliis
926 485 934 501 ,
953 457 1190 504 quomodolibet

435 507 663 549 commiserint,
679 506 757 541 ultra
786 508 970 550 sententias,
993 518 1145 541 censuras
1162 516 1188 538 et

435 569 550 604 poenas
565 556 738 603 praedictas
753 558 842 604 (quas
853 557 944 591 etiam
957 556 1012 602 ipsi
1028 555 1191 602 parimodo

435 607 604 641 incurrisse
628 609 820 648 noscantur),
835 606 860 641 si
876 618 912 641 cx
933 605 1189 652 collitigaiitiliu:,

433 668 560 690 causam
573 656 672 702 ipsam
688 667 716 690 et
731 667 825 690 omne
842 656 903 696 ius,
920 664 981 689 tam
999 655 1028 688 in
1044 655 1191 702 petitorio

432 717 526 752 quam
544 705 754 752 possessoriO,
768 717 802 739 ac
818 705 846 739 iu
859 717 890 740 re
900 704 992 740 velad
1010 716 1188 747 rem,causa

433 755 479 788 wt
515 754 682 789 occasione
716 754 924 793 huiusmodi,
952 753 1186 802 quomodolibet

430 812 625 852 competens,
641 816 678 839 eo
693 804 760 850 ipso
773 804 903 851 perdant
920 804 1044 850 penitus
1059 812 1088 838 ct
1103 804 1188 838 amit-

431 862 513 895 tant;
533 854 557 889 si
583 866 654 889 vero
669 853 719 889 alii
744 853 876 893 fuerint,
896 853 935 889 ab
959 853 1025 900 ipsa
1048 852 1145 888 Curia
1160 863 1187 888 ct

429 904 578 939 omnibus
601 903 745 938 eiusdem
770 903 931 938 Romanae
947 902 1110 938 Ecclesiae
1126 911 1189 938 ter-

429 954 485 997 ris,
509 953 650 1000 perpetui
673 952 769 997 exilii,
792 953 877 988 omni
902 965 959 1000 spe
983 953 1189 988 restitutionis

427 1002 588 1050 adempta;
607 1010 637 1038 et
660 1003 684 1037 si
703 1002 860 1038 mutilatio
881 1002 1014 1037 membri
1031 1002 1080 1037 vel
1105 1014 1189 1038 mors

427 1052 523 1099 (quod
543 1052 628 1088 Deus
643 1056 769 1107 avertat)
785 1052 1007 1100 subsequatur,
1025 1051 1102 1087 ultra
1118 1064 1184 1087 cau-

426 1114 478 1136 sae
501 1109 531 1137 et
551 1102 627 1137 iuris
649 1102 854 1137 amissionem
883 1114 918 1137 ac
945 1101 1030 1136 exilii
1053 1113 1186 1148 poenam

426 1151 631 1192 huiusmodi,
655 1159 716 1186 tam
741 1151 799 1199 ipsi
828 1164 921 1199 quam
947 1164 1002 1198 pro
1024 1151 1069 1186 eis
1097 1164 1188 1198 prae—

426 1201 521 1236 missa
538 1210 732 1248 exequentts
747 1209 775 1235 ct
792 1213 903 1236 omnes
925 1201 976 1235 alii
1001 1200 1186 1248 supradicti

425 1251 636 1297 depositionis
663 1263 678 1285 a
707 1250 877 1297 dignitate,
906 1250 1037 1291 bonore,
1065 1249 1186 1284 ordine

426 1300 528 1335 ollicio
550 1308 580 1334 et
610 1300 788 1343 beneficio,
820 1313 855 1334 ac
879 1300 980 1334 laesae
1014 1300 1187 1334 maiestatis

425 1349 568 1383 criiuiuis
601 1350 773 1384 sententias
802 1350 961 1384 incurrant
996 1349 1064 1396 ipso
1093 1349 1184 1384 facto.

424 1398 610 1446 Eorumque
625 1398 738 1438 officia,
755 1399 847 1433 etiam
864 1398 1006 1433 eiusdem
1025 1398 1185 1433 Romanae

426 1447 553 1487 Curiae,
582 1460 618 1482 ac
637 1447 788 1483 beneficia
811 1459 1031 1495 quaecumque
1055 1460 1090 1482 ex
1112 1457 1185 1483 tuuc

425 1497 493 1544 ipso
517 1497 584 1531 iure
609 1509 715 1533 vacare
739 1497 952 1539 decernimus,
980 1506 1008 1532 et
1025 1510 1123 1545 quae,
1153 1507 1183 1531 ut

425 1547 653 1593 praemittitur,
696 1556 843 1582 vacatura
887 1556 1011 1582 nostrae
1040 1556 1069 1582 ct
1093 1546 1185 1581 Sedis

425 1596 603 1642 praedictae
626 1596 784 1632 collationi
808 1605 839 1631 et
853 1597 1066 1644 dispositioni,
1080 1597 1120 1631 de
1141 1597 1185 1632 si-

425 1646 488 1680 mili
512 1645 642 1680 fratrum
659 1646 845 1682 eorumdem
867 1646 1011 1682 consilio.
1035 1658 1184 1681 reserva—

425 1708 506 1736 mus,
530 1695 626 1730 libere
646 1696 714 1731 aliis
743 1708 797 1743 per
821 1708 877 1730 nos
899 1705 928 1730 et
950 1695 1068 1731 Sedem
1095 1708 1184 1743 prae-

424 1745 538 1779 dictam
562 1745 723 1780 dumtaxat
753 1745 972 1787 conferentur3
1006 1745 1185 1781 inhibentes

423 1806 463 1828 ne
485 1794 579 1842 quis,
617 1803 739 1842 praeter
771 1795 953 1830 Romanum
982 1795 1182 1833 Pontificem,

424 1855 625 1891 quacumque
652 1845 690 1879 sit
713 1857 810 1892 super
833 1844 892 1879 hoc
915 1845 1099 1880 auctoritate
1119 1857 1184 1880 mu-

424 1893 521 1932 nitus,
539 1893 577 1927 de
601 1893 661 1928 illis
683 1893 853 1941 disponere
883 1894 928 1928 rel
953 1894 1032 1929 circa
1058 1894 1107 1929 illa
1129 1907 1184 1941 per

424 1943 503 1977 tiam
521 1943 764 1990 permutationis
786 1943 831 1978 vel
857 1943 931 1978 alias
947 1944 1094 1978 innovare
1109 1956 1182 1991 quo-

423 1992 584 2038 quomodo
605 2001 795 2040 praesumat.
814 1992 1031 2028 Decernentcs
1054 2005 1090 2028 ex
1109 2001 1183 2027 tuuc

424 2042 544 2076 irritum
559 2050 589 2077 et
605 2044 709 2084 inane,
726 2043 750 2077 si
765 2055 858 2077 secus
870 2055 968 2090 super
983 2042 1044 2087 his,
1067 2055 1081 2076 a
1104 2055 1183 2090 quo-

423 2108 530 2143 quam,
545 2097 654 2143 quavis
665 2097 862 2138 auctoritate,
885 2097 1021 2132 scienter
1031 2097 1076 2131 vel
1093 2097 1183 2143 igno-

423 2159 527 2184 ranter
553 2151 718 2197 contigerit
750 2151 905 2186 attentari.
934 2151 1072 2197 Sintque
1089 2151 1180 2185 etiam

424 2204 452 2237 in
476 2205 541 2238 suis
565 2205 654 2240 bonis
677 2205 837 2250 omuibus,
855 2218 870 2239 a
890 2205 1012 2239 cunctis
1030 2213 1182 2252 perpetuo

423 2257 554 2292 diffidati
578 2258 787 2293 nihilominus
802 2269 831 2294 et
848 2258 980 2299 banniti,
996 2271 1031 2293 ac
1049 2258 1182 2293 infames

423 2320 452 2345 ct
476 2312 631 2346 inhabiles
655 2313 841 2348 habeantur.
866 2312 903 2347 Et
922 2320 1088 2360 postquam
1109 2325 1183 2359 pro-

423 2365 581 2401 babilibus
616 2367 791 2402 constiterit
820 2368 1015 2414 argumentis
1042 2367 1179 2413 aliquem

422 2419 527 2454 scelus
543 2428 603 2455 tam
618 2420 792 2455 execrabile
806 2420 1017 2463 commisisse,
1041 2419 1181 2454 nullate-

424 2485 483 2508 nus
495 2474 552 2509 alia
569 2474 903 2509 excommunicationis
918 2481 947 2508 et
960 2473 1181 2518 anathematis,

422 2527 626 2569 amissionis,
654 2528 862 2575 depositionis
895 2541 949 2563 seu
980 2527 1182 2561 diffidationis

421 2590 450 2615 ct
495 2582 587 2617 banni
611 2581 793 2616 huiusmodi
830 2582 982 2616 adversus
1004 2593 1075 2615 eum
1104 2593 1179 2616 seu-

423 2636 516 2671 tcntia
543 2636 730 2683 requiratur.
756 2636 806 2679 Et,
828 2644 859 2669 ut
875 2635 932 2682 ipsi
958 2635 1064 2670 nefarii
1086 2647 1180 2681 prac-

1031 253 1222 277 tiCLLAIttt'M
1250 253 1414 277 nonastat

1234 316 1414 355 sumptores
1442 319 1475 342 ac
1505 308 1670 343 facinorosi
1699 308 1857 347 homines,
1889 316 1989 343 atam

1234 357 1400 392 execrabili
1435 357 1553 392 scelere
1582 357 1702 392 facilius
1737 367 1766 392 et
1795 357 1991 405 frequentius

1236 407 1458 452 reprimantur,
1481 406 1629 441 omuibus
1644 416 1675 442 et
1697 406 1829 453 siugulis
1845 407 1992 442 ecclesia-

1233 457 1318 490 sticis
1349 456 1627 503 saecularibusque
1651 458 1807 504 personis,
1825 457 1917 491 etiam
1935 469 1991 492 cu-

1235 507 1422 552 iuscumque
1445 505 1617 550 dignitatis,
1645 515 1755 549 status,
1782 506 1911 553 gradus,
1938 519 1991 541 or-

1233 554 1315 588 dinis
1347 563 1375 588 et
1412 555 1602 589 conditionis
1628 556 1786 599 existant,
1818 557 1849 590 in
1879 557 1990 591 virtute

1233 612 1358 638 sanctae
1370 604 1570 639 obedientiae
1581 605 1678 639 etsub
1693 604 1786 639 simili
1801 617 1990 640 excommu-

1234 653 1397 688 nicationis
1423 662 1453 688 et
1476 654 1686 689 anathematis
1708 654 1787 688 latae
1815 656 1989 689 sententiae

1233 715 1343 749 poena,
1357 715 1371 737 a
1387 715 1446 750 qua
1463 704 1602 746 nonnisi,
1619 711 1651 737 ut
1671 703 1856 751 praefertur,
1869 704 1988 739 absolvi

1233 753 1370 798 possint,
1393 753 1566 788 districtius
1590 753 1786 800 iniungimus
1805 762 1837 788 ut
1859 765 1988 799 omnes,

1231 814 1311 849 quos
1345 814 1512 849 praemissa
1545 815 1769 843 commisisse,
1803 815 1988 850 procurasse

1230 860 1282 885 aut
1306 851 1494 887 mediatores
1521 852 1617 888 fuisse
1657 853 1815 893 sciverint,
1843 851 1988 887 Romano

1232 900 1375 936 Pontifici
1401 914 1456 948 pro
1480 910 1621 949 tempore
1644 902 1789 937 existenti
1815 902 1860 936 vel
1887 902 1988 946 alteri,

1231 963 1285 997 per
1311 963 1404 997 quem
1438 951 1475 985 ad
1505 951 1574 986 eius
1602 952 1743 986 notitiam
1774 950 1862 986 facile
1891 952 1989 998 possit

1231 1001 1407 1046 pervenire,
1429 1012 1485 1047 per
1506 1013 1539 1035 se
1568 1001 1613 1035 vel
1641 1001 1731 1041 alios,
1749 1009 1867 1048 quanto
1893 1001 1989 1035 citius

1231 1049 1368 1084 revelare
1392 1062 1452 1084 nou
1477 1051 1634 1094 omittant,
1649 1064 1704 1097 pro
1720 1049 1910 1084 revelatione
1933 1049 1990 1085 bu-

1231 1099 1365 1133 iusmodi
1385 1100 1515 1145 gratiam
1546 1107 1587 1141 et,
1609 1101 1635 1135 si
1659 1099 1832 1147 complices
1860 1099 1988 1139 fuerint,

1232 1149 1351 1183 veniam
1377 1150 1590 1184 consecuturi

1277 1198 1296 1245 S
1325 1202 1356 1232 5.
1385 1198 1455 1233 Non
1479 1198 1679 1233 obstantibus
1707 1197 1988 1233 constitutionibus

1230 1255 1259 1281 ‹t
1282 1247 1539 1283 ordinationibus
1561 1247 1756 1296 apostolicis,
1781 1260 1904 1283 necnon
1917 1261 1988 1282 om-

1230 1296 1324 1332 uibus
1348 1297 1419 1342 illis,
1442 1310 1523 1345 quae
1539 1297 1667 1345 praef-iti
1685 1297 1986 1344 praedecessor-asin

1228 1347 1304 1391 suis,
1327 1355 1356 1381 ct
1377 1359 1434 1381 nos
1453 1349 1482 1382 in
1501 1348 1614 1382 uostris
1631 1347 1728 1382 literis
1743 1347 1911 1394 pracdictis
1930 1360 1986 1381 vo-

1231 1395 1350 1430 luimus
1373 1408 1434 1430 non
1464 1396 1602 1439 obstare,
1621 1397 1799 1444 ceterisque
1822 1397 1987 1432 contrariis

1228 1445 1493 1493 quibusmimque.

1277 1496 1350 1535 ἥδ.
1377 1495 1416 1529 Ut
1439 1504 1543 1530 autem
1569 1503 1752 1543 praesentes
1779 1494 1815 1530 ad
1840 1508 1986 1530 commu-

1229 1514 1298 1578 ueri]
1323 1545 1465 1580 omnium
1496 1546 1636 1580 notitiam
1661 1545 1871 1590 deducantur,
1893 1546 1985 1580 tolu-

1228 1607 1296 1627 nius
1308 1603 1337 1629 et
1355 1595 1541 1629 mandamus
1558 1595 1646 1630 illas
1641 1608 1670 1629 ιιι
1688 1593 1880 1629 Cancellaria
1897 1594 1985 1642 Apo-

1227 1644 1335 1678 stolica
1355 1653 1384 1679 et
1407 1645 1565 1679 audientia
1593 1645 1752 1680 literarum
1772 1644 1985 1680 contradicta-

1228 1705 1294 1727 rum
1312 1698 1400 1740 (quas
1417 1706 1454 1728 ex
1471 1703 1545 1729 tuuc
1565 1705 1785 1742 quoscumque
1808 1694 1904 1739 ligare
1921 1694 1984 1729 de-

1227 1743 1398 1788 cernimus)
1421 1753 1449 1779 et
1479 1743 1592 1778 deiude
1615 1744 1752 1791 siugulis
1770 1744 1861 1778 aunis
1884 1744 1984 1790 prima

1226 1792 1287 1832 die,
1311 1806 1369 1839 qua
1395 1806 1450 1840 per
1473 1793 1628 1840 praefatos
1655 1793 1814 1829 auditores
1841 1800 1871 1827 et
1899 1793 1985 1828 loca-

1227 1850 1368 1876 teuentes
1390 1842 1548 1878 audientia
1573 1851 1712 1883 tenetur,
1741 1842 1770 1876 iu
1792 1842 1861 1877 loco
1881 1841 1984 1877 dictae

1225 1891 1403 1926 audientiae
1418 1892 1567 1939 publicari
1586 1900 1615 1927 et
1631 1893 1661 1926 in
1681 1892 1762 1926 dicta
1777 1890 1984 1936 Cancellaria,

1226 1942 1394 1976 iuteralias
1406 1950 1646 1988 extravagantes
1661 1954 1695 1976 ac
1710 1942 1804 1976 etiam
1828 1941 1908 1976 inter
1931 1941 1984 1975 di-

1225 1998 1346 2025 ctorum
1361 1990 1541 2026 auditorum
1559 1991 1801 2026 constitutiones
1812 2018 1820 2034 ,
1834 1990 1983 2035 describi,

1226 2049 1257 2075 ut
1286 2040 1329 2084 bi,
1353 2052 1434 2086 quos
1461 2041 1640 2087 contigerit,
1663 2041 1746 2088 quod
1770 2039 1807 2074 ad
1842 2040 1981 2087 ipsorum

1225 2089 1364 2124 notitiam
1390 2102 1451 2124 uon
1477 2092 1690 2137 pervenerint,
1718 2099 1770 2125 aut
1794 2088 1862 2124 illas
1886 2090 1983 2136 igno-

1226 2139 1369 2179 raverint,
1384 2139 1502 2173 nullam
1518 2141 1638 2186 possint
1650 2139 1885 2175 excusationem
1897 2150 1983 2186 prae-

1225 2189 1353 2223 tendere
1370 2189 1415 2223 vel
1441 2189 1650 2235 ignorantiam
1670 2189 1816 2236 allegare,
1831 2200 1902 2222 cum
1918 2200 1981 2223 non

1224 2239 1261 2272 sit
1291 2238 1459 2273 verisimile
1482 2239 1566 2284 apud
1591 2240 1676 2286 ipsos
1704 2249 1865 2274 remanere
1893 2237 1982 2272 iuco-

1223 2289 1346 2334 guitum
1377 2288 1461 2335 quod
1499 2295 1560 2322 tam
1591 2296 1735 2336 patenter
1761 2287 1854 2322 fuerit
1876 2286 1981 2334 publi-

1223 2347 1338 2393 catum.

1273 2390 1347 2428 §.7
1371 2388 1455 2423 Nulli
1484 2399 1560 2435 ergo
1587 2395 1641 2421 etc.

1272 2438 1304 2471 Si
1329 2439 1399 2485 quis
1422 2446 1525 2472 autem
1555 2445 1606 2470 etc.

1272 2487 1388 2522 Datum
1414 2481 1534 2522 Romae
1554 2485 1636 2532 apud
1659 2484 1811 2520 Sanctum
1836 2483 1979 2528 Petrum,

1222 2548 1306 2570 anuo
1334 2535 1565 2571 incarnationis
1597 2535 1775 2570 dominicae
1809 2533 1979 2569 millesimo

1222 2585 1477 2632 quingentesimo
1516 2584 1684 2622 secundo.
1713 2583 1818 2618 idibus
1846 2583 1977 2630 apriliS,

1223 2635 1423 2681 pontificatus
1446 2635 1543 2670 nostri
1569 2646 1651 2668 aimo
1671 2645 1704 2666 x.

2005 253 2056 281 Αιι.
2078 254 2106 281 C.
2123 250 2190 279 ¹502

2022 1210 2064 1232 Oli
2068 1212 2161 1232 rantibus

2047 1243 2071 1262 ilc
2075 1246 2134 1268 reg-t

2021 1504 2078 1526 llane
2102 1507 2187 1527 consti-

2000 1539 2102 1558 tutionem
2115 1537 2186 1564 publ!-

2000 1570 2043 1590 caii
2059 1569 2150 1589 mandat.

2015 2395 2101 2416 Sanctio
2125 2400 2181 2422 poe-

1995 2431 2021 2446 na
2025 2426 2058 2446 lis.
