2281 3251
200 230 253 260 An.
269 232 299 260 C.
319 232 385 260 11185

210 790 330 810 Auditorum
342 789 382 810 offi-

201 827 233 841 rta
256 824 329 842 vacent
353 824 384 844 (nt

209 2136 254 2159 ntis
268 2138 380 2165 providen-

196 2169 249 2189 dum.

211 2416 367 2438 conii-ntorum

230 2449 338 2473 derogatio

450 222 519 255 520

399 285 584 322 huiusmodi
611 284 792 332 assumpti,
827 284 1034 320 nihilominus
1069 284 1153 320 dicta

399 349 507 372 eorum
534 335 634 371 officia
665 334 725 370 sub
761 342 923 382 praetextu
961 333 1046 382 quod
1080 346 1153 381 pro-

399 396 503 435 pterea
527 397 590 421 non
614 392 736 429 vacent,
752 396 898 419 exercere
916 396 977 418 non
993 383 1152 425 desinant,

398 448 464 485 quo
487 435 520 471 lit
548 443 580 470 ut
616 434 769 469 ecclesiae
797 434 883 480 ipsae
905 433 994 477 suis,
1017 432 1058 467 ob
1081 432 1153 468 illo-

400 499 468 521 rum
503 485 686 521 continuam
725 483 756 518 in
786 483 929 518 Romana
953 481 1050 517 Curia
1074 482 1153 517 resi-

398 535 551 579 dentiam,
578 541 760 569 remaneam
783 544 840 580 pro
868 532 976 567 maiori
1001 532 1154 579 temporis

400 595 486 633 parte
507 584 597 630 quasi
621 583 763 618 viduatae
789 581 981 629 pastoribus,
997 593 1059 616 non
1082 582 1153 616 sine

399 646 513 681 magno
526 633 647 668 illarum
663 632 831 679 dispendio
853 644 889 667 ac
904 631 1080 667 animarum
1098 643 1154 679 pe-

399 684 510 720 riculo.

447 738 462 777 §
480 736 512 768 1.
532 732 596 768 Nos
611 734 718 780 igitur,
734 730 932 768 attendentes
951 730 1056 766 minus
1081 742 1154 765 con—

400 784 529 819 veniens
551 782 616 818 fore
631 783 715 831 quod
739 781 895 828 assumpti
914 780 950 815 ad
971 780 1152 815 huiusmodi

398 833 551 880 regimina
573 832 709 868 debeant
731 833 812 867 circa
840 830 990 877 strepitus
1014 829 1153 864 iudicio-

398 895 468 919 rum
491 882 641 918 continue
666 882 793 922 versari,
816 892 852 916 ac
875 880 977 915 taliter
1003 891 1073 915 esse
1092 879 1154 914 illis

398 933 536 968 intentos
572 940 605 967 ut
634 932 788 980 pastorale
815 930 954 965 officium
981 929 1026 979 eis
1058 941 1155 964 com-

397 983 529 1018 missum
547 990 705 1029 nequeant
721 993 777 1029 per
798 992 832 1015 se
856 980 942 1027 ipsos
963 979 1152 1026 adimplere3

397 1042 428 1068 et
456 1039 635 1079 propterea,
662 1044 751 1067 more
779 1029 883 1076 vigilis
905 1029 1050 1076 pastoris,
1064 1028 1154 1063 salu-

397 1081 493 1117 briter
516 1081 679 1128 providere
713 1080 873 1123 volentes,
908 1086 1029 1114 matura
1057 1090 1153 1125 super

398 1131 458 1166 hoc
478 1143 549 1166 eum
572 1130 720 1166 fratribus
742 1129 856 1164 nostris
877 1136 1004 1163 sanctae
1032 1127 1154 1162 Roma-

398 1193 456 1216 nae
488 1180 649 1216 Ecclesiae
680 1178 893 1216 cardinalibus
927 1177 1152 1212 deliberatione

397 1229 592 1278 praehabita,
619 1229 715 1265 huius
738 1236 908 1277 perpetuae
934 1235 965 1263 et
987 1226 1153 1273 irrefraga-

398 1279 470 1315 bilis
485 1280 723 1315 constitutionis
735 1278 850 1319 edicto,
869 1277 908 1312 de
922 1276 1052 1312 fratrum
1068 1288 1153 1324 prae-

397 1329 554 1365 dictorum
582 1329 738 1370 consilio,
771 1327 955 1363 auctoritate
981 1325 1152 1374 apostolica

397 1387 427 1414 et
449 1391 487 1415 ex
514 1387 598 1415 certa
619 1386 725 1414 nostra
753 1377 898 1421 scientia,
927 1385 1036 1412 tenore
1059 1387 1152 1423 prae-

396 1428 534 1464 sentium
557 1429 746 1472 statuimus,
779 1426 983 1463 decernimus
1009 1433 1040 1461 et
1062 1425 1151 1461 ordi—

396 1490 509 1513 namus
542 1478 627 1526 quod
650 1477 689 1513 de
712 1485 818 1513 cetero
841 1476 1003 1524 perpetuis
1037 1475 1151 1511 suturis

396 1527 604 1576 temporibus,
626 1528 775 1575 quotiens
797 1538 854 1575 per
869 1538 928 1561 nos
954 1537 1010 1560 seu
1033 1525 1150 1561 Sedem

396 1577 585 1624 praedictam
607 1578 745 1624 aliquem
769 1589 806 1612 ex
833 1575 924 1611 dictis
938 1575 1150 1620 auditoribus,

396 1639 483 1663 nunc
503 1635 533 1662 et
555 1639 612 1675 pro
626 1634 769 1674 tempore
791 1625 1011 1670 existentibus,
1034 1625 1071 1660 ad
1089 1625 1151 1660 ali-

395 1688 490 1724 quam
531 1676 742 1712 cathedralem
782 1688 837 1712 seu
875 1675 1149 1723 metropolitanam

395 1726 560 1762 ecclesiam
594 1725 780 1761 huiusmodi
804 1725 995 1773 promoveri,
1017 1737 1074 1759 sen
1088 1725 1149 1759 iam

397 1783 577 1824 promotum
601 1775 760 1811 transferri
796 1774 977 1821 contigerit,
1011 1773 1148 1810 officium

395 1826 590 1861 auditoratus
612 1824 813 1869 huiusmodi,
837 1823 922 1871 quod
945 1824 990 1859 sic
1018 1836 1150 1871 promo-

396 1885 445 1910 tus
468 1875 514 1910 vel
529 1875 698 1910 translatus
721 1883 797 1909 tuuc
819 1873 973 1909 obtinebit
996 1886 1050 1920 per
1076 1886 1150 1921 pro-

397 1925 548 1960 visionem
566 1952 574 1965 ,
596 1924 847 1972 praelectionem
879 1935 935 1958 seu
971 1923 1150 1958 translatio—

396 1986 466 2010 nem
491 1973 678 2022 praedictas,
702 1981 812 2018 vacet,
840 1984 968 2008 vacasse
989 1980 1019 2007 et
1044 1985 1151 2008 vacare

395 2032 561 2059 censeatur
581 2036 620 2059 eo
643 2025 723 2072 ipso.

443 2078 518 2126 52.
555 2078 674 2126 Sicque
708 2077 747 2112 ah
781 2076 933 2112 omnibus
966 2075 1096 2111 iudicari
1120 2085 1150 2110 et

395 2132 539 2181 deputari
563 2133 697 2180 debere,
721 2143 879 2180 posseque
905 2131 945 2166 de
974 2131 1039 2175 illo,
1068 2139 1150 2166 tam-

395 2199 490 2234 quam
513 2187 559 2223 sic
587 2195 726 2227 vacante,
750 2198 805 2234 per
823 2186 1004 2221 Romanum
1022 2185 1150 2220 Pontifi-

395 2252 464 2276 cem
490 2249 564 2276 tunc
585 2242 773 2277 existentem
796 2240 915 2284 statim,
937 2239 1013 2273 alias
1034 2249 1065 2274 ut
1082 2251 1150 2274 mo-

397 2295 438 2330 ris
459 2303 518 2335 est,
541 2295 638 2330 libere
662 2294 831 2343 provideri.

445 2349 465 2396 S
489 2351 521 2384 5.
547 2349 616 2384 Non
644 2349 846 2384 obstantibus
871 2344 1164 2384 constitutionibus

396 2412 427 2436 ct
449 2403 702 2439 ordinationibus
724 2403 916 2450 apostolicis,
940 2415 975 2437 ac
997 2402 1073 2437 dicti
1102 2402 1148 2437 of-

397 2459 456 2493 licii
485 2458 684 2502 iuramento,
708 2458 949 2492 confirmatione
977 2456 1146 2503 apostolica

398 2513 442 2547 vel
464 2513 575 2559 quavis
598 2512 745 2547 firmitate
767 2513 824 2547 alia
849 2512 1001 2548 roboratis
1020 2513 1148 2547 statutis

395 2574 425 2601 et
447 2566 745 2607 consuetudinibus,
769 2566 939 2613 privilegiis
966 2578 1095 2613 qnoque
1119 2576 1149 2601 et

397 2619 527 2656 indultis
540 2619 724 2668 apostolicis
738 2620 858 2656 eisdem
873 2619 1070 2656 auditoribus
1083 2619 1148 2656 for-

992 229 1182 254 nummu!
1210 229 1372 252 ⁸0³1th

1195 296 1264 328 san,
1285 283 1378 319 etiarn
1393 290 1480 318 motu
1493 282 1621 330 proprio
1636 290 1667 318 et
1685 294 1724 318 ex
1736 281 1831 318 simili
1846 282 1952 318 scien·

1196 334 1248 374 tia,
1270 345 1305 369 ac
1326 333 1386 367 sub
1404 332 1567 380 quibusvis
1593 331 1762 367 verborum
1791 331 1903 368 formis
1920 340 1951 367 et

1196 382 1355 427 clausulis,
1379 383 1472 417 etiam
1488 381 1758 428 derogatoriarum
1782 381 1949 428 derogato-

1196 432 1272 472 riis,
1294 440 1325 468 et
1347 432 1463 467 talibus
1489 432 1574 479 quod
1602 431 1686 472 illis,
1711 443 1773 466 nou
1802 431 1863 466 nisi
1890 430 1951 467 suh

1195 482 1290 517 certis
1312 481 1388 516 inibi
1411 481 1571 528 expressis
1587 480 1681 516 modo
1695 488 1726 516 et
1747 480 1860 524 forma,
1880 480 1951 516 nul-

1196 532 1317 566 latenus
1345 532 1445 578 possit
1466 530 1623 576 derogari,
1645 530 1807 565 concessis
1825 540 1855 566 et
1873 542 1951 566 cou-

1195 580 1348 615 eedendis
1383 581 1414 614 in
1451 587 1626 626 posterum,
1653 579 1774 626 quibus
1801 580 1951 615 omuibus

1195 630 1330 674 (illarum
1354 638 1480 665 tenores
1504 629 1725 676 praesentibus
1748 641 1805 676 pro
1824 629 1951 664 insertis

1195 679 1372 723 habentes),
1399 679 1503 727 quoad
1526 678 1600 723 hoc,
1626 678 1809 725 specialiter
1835 686 1866 714 et
1888 691 1952 714 ex-

1196 741 1302 776 presse
1317 729 1521 774 derogamus,
1538 740 1574 763 ac
1597 727 1782 775 derogatum
1805 740 1888 772 esse,
1903 740 1951 763 ea-

1195 791 1257 827 que
1284 791 1342 826 pro
1362 778 1487 814 insectis
1514 786 1545 812 et
1572 789 1635 813 non
1663 777 1824 813 concessis
1842 777 1950 813 haberi

1197 828 1353 870 volumus,
1367 828 1546 876 ceterisque
1562 827 1728 864 contrariis
1743 827 1952 875 quibuscum-

1195 891 1269 927 que.
1786 903 1788 905 »

1245 928 1362 964 Datum
1384 927 1506 963 Romae
1527 926 1614 975 apud
1635 926 1788 962 Sanctum
1805 926 1952 972 Petrum,

1195 990 1278 1014 anno
1314 977 1543 1012 lncarnationis
1576 977 1754 1012 dominicae
1780 976 1951 1012 millesimo

1195 1027 1512 1076 quadringentesimo
1527 1027 1745 1073 octuagesimo
1760 1026 1885 1073 quinto,
1900 1026 1953 1061 de-

1195 1079 1278 1114 cimo
1300 1076 1450 1112 kalendas
1462 1076 1665 1124 septembris,
1679 1075 1882 1123 pontificatus
1893 1088 1952 1111 no-

1195 1128 1248 1163 stri
1271 1139 1355 1162 anno
1378 1127 1490 1173 primo.

1250 1188 1311 1219 Dat.
1329 1188 1377 1219 die
1394 1187 1432 1218 23
1447 1188 1566 1227 augusti
1584 1187 1670 1225 1485,
1687 1191 1766 1227 pont.
1785 1195 1863 1217 anno
1878 1195 1897 1217 t.

1554 1383 1609 1419 lX.

1196 1468 1372 1502 Iurisdictio
1388 1474 1414 1501 et
1429 1467 1591 1512 facultates
1609 1467 1762 1501 auditoris
1784 1478 1952 1502 causarum

1243 1518 1355 1551 Curiae
1381 1517 1574 1551 Reverendae
1616 1516 1761 1551 Gamerae
1791 1517 1952 1562 Apostoli-

1242 1579 1294 1601 cae
1316 1569 1371 1610 (l).

1462 1645 1678 1677 SUMMARIUM

1194 1708 1382 1739 Prooeminm.
1392 1725 1431 1731 —
1443 1709 1469 1738 1.
1481 1707 1616 1739 Officium
1628 1708 1814 1739 auditoratus
1838 1708 1949 1739 vacavit

1233 1762 1285 1793 per
1303 1753 1416 1783 obitum
1432 1751 1551 1782 loannis
1574 1752 1695 1783 Prioris.
1714 1770 1754 1776 —
1771 1753 1798 1783 2.
1814 1752 1848 1784 Et
1865 1753 1950 1784 modo

1233 1798 1281 1827 liic
1300 1797 1382 1827 Pont.
1411 1797 1486 1827 illud
1505 1797 1619 1827 confert
1641 1796 1726 1827 Petro
1746 1798 1781 1828 de
1804 1797 1951 1835 Vicentia,

1233 1842 1416 1881 cappellano,
1432 1851 1498 1871 cum
1515 1842 1610 1871 solitis
1626 1842 1883 1872 iurisdictionibus
1899 1847 1950 1873 etc.

1232 1903 1270 1909 —
1287 1886 1314 1928 3.
1331 1886 1528 1926 Facultasque
1547 1886 1642 1916 eidem
1662 1886 1748 1916 datur
1767 1895 1818 1926 per
1835 1887 1949 1918 locum-

1233 1936 1365 1962 tenentes
1389 1940 1494 1961 causas
1517 1931 1687 1961 criminales
1711 1932 1870 1962 curialium
1902 1941 1952 1963 co·

1233 1977 1667 2017 gnoscendi,—4.Cansasque
1679 1982 1736 2008 tam
1750 1977 1852 2008 civiles
1861 1987 1948 2018 quam

1232 2022 1403 2052 criminales
1426 2022 1456 2052 in
1473 2022 1558 2053 Curia
1581 2027 1685 2060 motas,
1704 2027 1754 2052 etc.
1774 2023 1877 2053 itidem
1899 2031 1951 2053 co-

1233 2067 1405 2105 gnoscendi.
1423 2084 1462 2089 —
1484 2068 1511 2097 5.
1530 2068 1571 2097 Ac
1590 2067 1676 2098 etiam
1695 2076 1801 2098 causas
1819 2067 1949 2107 appella-

1233 2112 1345 2142 tionum
1369 2112 1610 2151 interpositarum
1634 2122 1649 2142 a
1677 2113 1833 2142 sententiis
1867 2112 1948 2144 iudi-

1232 2165 1299 2186 cum
1322 2155 1410 2186 Urbis
1438 2161 1466 2186 et
1492 2156 1590 2187 Status
1623 2157 1830 2187 ecclesiastici.
1856 2174 1894 2180 —
1921 2157 1948 2187 6.

1231 2201 1398 2231 Sententias
1427 2206 1454 2231 et
1477 2211 1635 2241 processus
1666 2211 1860 2232 censurarum
1884 2211 1950 2232 exe-

1232 2247 1353 2285 quendi.
1367 2262 1407 2268 —
1426 2247 1451 2275 7.
1475 2245 1594 2276 Necnon
1617 2255 1725 2276 causas
1741 2251 1948 2276 contractuum

1232 2291 1373 2321 initorum
1394 2291 1425 2320 in
1447 2290 1532 2320 Curia
1557 2291 1765 2329 cognoscendi,
1797 2307 1836 2313 —
1863 2291 1889 2321 8.
1916 2290 1951 2321 Et

1226 2361 1265 2396 (l)
1283 2361 1337 2388 Hoc
1354 2360 1470 2388 officium
1488 2361 1631 2396 ampliores
1648 2361 1673 2387 in
1686 2361 1742 2388 dies
1754 2361 1952 2389 iurisdictiones

1191 2406 1333 2440 acquisivit
1354 2415 1367 2433 a
1398 2406 1571 2433 Pontificibus
1599 2406 1812 2439 successoribus,
1833 2414 1950 2442 quorum

1192 2451 1276 2477 bullae
1292 2452 1390 2479 multae
1406 2454 1480 2484 sunt,
1497 2451 1544 2478 sed
1563 2451 1666 2478 hancct
1677 2451 1754 2478 aliam
1765 2451 1837 2478 Pauli
1852 2452 1883 2484 V,
1894 2452 1953 2487 ple-

1192 2497 1292 2524 niorem
1309 2497 1445 2533 ponendas
1455 2505 1512 2524 esse
1523 2497 1598 2529 duxi,
1616 2497 1674 2524 aliis
1693 2501 1829 2532 tamquam
1841 2505 1892 2524 non
1904 2505 1954 2524 ne-

1190 2542 1310 2569 cessariis
1323 2541 1525 2577 praetermissis,
1548 2544 1735 2576 praeterquam
1755 2542 1836 2569 altera
1853 2542 1889 2569 Pii
1906 2543 1952 2571 tv,

1190 2594 1258 2620 quae
1284 2587 1385 2622 incipit,
1402 2587 1442 2613 Ad
1454 2588 1575 2618 eximiae,
1605 2589 1635 2612 ut
1658 2589 1757 2613 statum
1774 2585 1853 2614 huius
1876 2587 1953 2615 officii

1190 2632 1269 2659 ctiam
1289 2631 1367 2659 medii
1385 2632 1511 2667 temporis
1537 2638 1697 2667 cognoscere
1714 2632 1812 2658 valeas.
1841 2662 1846 2667 ⁴
1897 2666 1911 2668 Ὗ
1947 2661 1951 2666 ,

1965 227 2017 255 An.
2037 226 2067 255 C.
2083 226 2150 254 11th
