2281 3251
217 262 254 289 An
289 262 316 289 C.
333 263 397 290 12⁸5&

217 706 268 726 nali»

249 2127 380 2148 rrnmmtum.

468 254 531 286 132

413 319 558 356 cliviores
586 319 770 364 reddantur,
794 320 853 355 sub
886 333 939 368 spe
969 319 1165 355 remissionis

414 370 608 407 huiusmodi„
631 370 668 404 ad
703 370 807 405 illicita
840 370 1045 417 imposterum
1075 382 1165 403 com-

415 420 586 461 mittenda,
608 420 746 467 alioquin
771 421 807 454 si.
837 433 872 453 ex
897 419 1085 453 confidentia
1117 433 1165 452 re-

415 470 574 505 missionis
611 469 803 506 ltuinsmodi.
840 469 940 515 aliqua
971 468 1047 502 forte
1075 481 1164 503 com-

415 521 586 563 mitterent,
608 519 710 567 quoad
736 519 798 556 illa,
823 518 980 565 prat-dicta
1005 519 1166 553 concessio

416 571 492 618 ipsis
511 570 690 604 nullatenus
717 569 916 614 suffragetur.

464 621 484 665 ,Ε
502 625 531 654 7.
552 619 632 654 Nulli
648 631 722 665 ergo
741 619 871 652 omnino
895 617 1059 652 bominum
1076 617 1166 652 liceat

993 266 1024 287 nt
1036 265 1179 287 LLARH'M

363 680 399 691 ⁰⁹·
416 670 496 705 banc
520 669 665 717 paginam
704 677 880 702 nostrorum
910 667 1167 702 excommunica-

417 721 535 755 tionis
558 717 906 755 anathematizationis,
936 717 1165 759 relocationis,

416 770 536 807 statuti
559 768 804 805 constitutionis,
835 767 985 811 mandati,
1011 767 1167 815 pr'olitio-

417 820 475 857 nis
504 818 719 865 requisitionis
745 825 773 851 et
802 817 1018 851 concessionis
1048 817 1166 852 insi-in-

416 881 500 914 gere,
529 877 581 902 etr.

466 917 580 952 Datum
604 916 723 951 Romae
751 916 832 964 apud
860 917 1008 951 Sanctam
1040 915 1166 952 Mariam

418 968 583 1005 Maiorem,
611 980 694 1001 anno
730 966 955 1001 incarnationis
991 966 1168 1001 dominicae

418 1017 586 1052 millesimo
619 1016 934 1063 qnadringenfesinio
969 1016 1169 1063 quinquage-

417 1069 498 1102 simo
520 1074 620 1110 sexto,
644 1066 787 1101 kalendis
802 1066 952 1106 octobris,
970 1066 1169 1112 pontificatus

419 1117 516 1152 nostri
545 1129 629 1152 anno
651 1116 805 1151 secundo.

458 1179 517 1209 liat.
537 1180 583 1209 die
611 1180 618 1209 l
647 1178 774 1209 octobris
801 1178 885 1209 itas.
905 1184 981 1218 pont.
1002 1188 1077 1208 anno
1102 1187 1130 1208 ti.

767 1356 819 1390 Vl.

421 1440 639 1484 Exemptiones
664 1446 690 1471 et
713 1438 919 1471 immunitates
947 1437 1128 1471 ritoitasterii'
1148 1445 1173 1471 et

468 1500 665 1522 monacorum
689 1489 724 1522 S.
748 1488 925 1522 Salvatoris
956 1487 1170 1525 Messanensis,

472 1539 601 1572 Ordinis
623 1539 658 1571 S.
690 1538 814 1571 Basilii.

695 1615 908 1646 SUMMARlUlll

421 1688 609 1719 Prooeminni.
622 1705 661 1710 —
680 1689 703 1718 l.
721 1688 814 1718 Causa
834 1688 924 1718 liuius
944 1688 1174 1717 constitutionis.

459 1750 498 1755 —
520 1733 546 1762 ⁹2.
565 1732 753 1763 Confirmatio
777 1733 995 1763 immunitatum
1021 1737 1174 1762 monaste-

462 1778 505 1807 rii.
531 1794 571 1800 —
593 1777 619 1807 3.
643 1777 792 1817 Exemptio
820 1787 834 1806 a
864 1777 1067 1807 iurisdictione
1091 1777 1173 1806 ordi-

462 1821 612 1851 nariorum
632 1825 659 1851 ct
688 1831 701 1850 a
719 1821 853 1851 collectis
876 1825 904 1851 et
922 1821 1175 1861 impositionibus.

460 1883 497 1888 —
510 1866 537 1896 4.
555 1865 708 1904 Derogatio
724 1866 948 1896 contrariorum.

484 1942 618 1971 cauistus
636 1942 779 1979 opiscopus
798 1949 895 1971 servus
915 1948 1057 1970 servorum
1069 1942 1124 1974 Dei.

580 1992 613 2020 ad
643 1991 770 2021 futuram
790 1992 831 2020 rei
847 1991 1018 2020 memoriam.

473 2065 571 2112 Urget
599 2077 656 2100 nos
678 2064 816 2112 suscepti
846 2077 920 2099 cura
946 2063 1124 2111 regiminis,
1148 2072 1177 2098 et

423 2121 593 2156 auctoritas
621 2119 810 2169 pontificalis
846 2119 964 2154 inducit
987 2127 1021 2153 ut
1050 2131 1105 2166 pro
1129 2118 1178 2153 le—

423 2175 472 2210 lici
502 2184 582 2211 statn
611 2175 824 2211 Ecclesiarum
854 2182 883 2209 et
912 2172 1176 2208 monasteriorum

422 2230 580 2269 omnium,
599 2229 781 2277 praesertim
798 2229 833 2264 S.
853 2227 892 2263 R.
909 2228 946 2262 E.
961 2227 1178 2263 cardinalibus

424 2284 588 2319 nobiscum
612 2283 738 2319 assidue
761 2283 791 2317 in
814 2295 890 2329 agro
912 2282 1074 2317 dominico
1091 2282 1178 2316 labo-

424 2338 566 2374 rantibus
601 2338 858 2381 commissorum,
885 2349 920 2372 ac
944 2337 973 2371 in
1004 2337 1048 2371 eis
1070 2348 1177 2370 sacrae

425 2393 585 2441 religionis
608 2401 634 2427 ct
672 2393 789 2427 divinis
816 2391 964 2427 laudibus
998 2390 1175 2425 deditarum

425 2461 645 2496 personarum.
660 2455 806 2495 paternae
820 2446 1087 2482 considerationis
1110 2445 1177 2480 acic

424 2503 544 2538 solicite
583 2502 774 2549 cogitantes,
805 2501 929 2537 illorum
972 2512 1177 2536 occurramus

425 2556 634 2606 disponendis
644 2560 670 2601 (l
680 2560 688 2600 )
699 2569 733 2591 ac
746 2555 938 2604 profectibus
961 2554 1176 2593 consulamus,

426 2611 635 2660 nt,ademptis
649 2624 758 2646 eorum
771 2609 1005 2657 gravaminibus
1020 2608 1176 2652 onerosis,

460 2679 498 2714 (l)
513 2679 573 2714 Leg-
589 2678 675 2706 forsan
691 2679 830 2711 ‹rispcmtr'ix
846 2675 1174 2712 loc.disponendi's(n.·r.).

1209 265 1367 288 tionum!
1973 267 2021 292 An.
2037 266 2064 292 (ἶ.
2087 266 2150 292 l'tb7

1208 320 1256 355 illa
1282 320 1318 355 ad
1343 320 1468 356 laudem
1497 329 1525 355 et
1548 321 1679 368 gloriam
1699 321 1864 357 Altissimi.
1883 333 1955 368 pro·

1206 371 1306 417 speris·
1334 371 1447 416 iugiter
1472 371 1635 418 proficiant
1659 371 1871 406 incrementis.

1256 425 1270 460 ,ξ
1304 420 1426 455 l.Cum
1451 421 1566 468 itaque,
1583 422 1662 456 sicut
1677 421 1868 467 accepimus.
1886 434 1954 456 mo-

1208 471 1379 504 nasterium
1408 470 1442 505 S.
1470 471 1641 506 Saliatoris
1669 471 1707 505 de
1735 470 1857 516 Lingua
1874 470 1955 510 Fari,

1207 518 1339 554 Ordinis
1353 520 1386 555 S.
1403 520 1524 559 Basilii.
1539 521 1575 555 ad
1588 521 1764 556 Romanam
1780 520 1953 555 Ecclesiam

1209 569 1296 603 nullo
1321 569 1424 604 medio
1439 571 1609 616 pertinens,
1633 570 1844 605 Messanensis
1865 570 1954 605 dioc-

1208 619 1300 655 cesis.
1319 619 1402 666 quod
1427 620 1616 654 venerabilis
1638 620 1731 655 frater
1754 627 1859 654 noster
1878 619 1957 655 Bes-

1208 668 1323 711 sarius,
1345 669 1518 716 episcopus
1537 669 1748 707 Tusculanus.
1768 669 1957 716 Apostolicac

1208 718 1302 753 Sedis
1318 719 1523 753 concessione
1539 718 1657 754 obtinet
1673 720 1702 754 iu
1724 719 1956 759 commendam,

1209 768 1371 803 facultates
1398 776 1427 802 et
1448 768 1588 803 redditus
1610 770 1686 803 satis
1716 777 1826 803 tenues
1845 769 1957 804 babeat

1208 826 1237 853 et
1260 818 1368 861 exiles,
1383 825 1518 853 attamen
1534 819 1692 866 praelatus
1707 818 1876 866 episcopus
1890 831 1960 853 mo-

1211 868 1380 903 nasterinm
1415 868 1611 915 praedicturi}
1648 868 1866 915 multipliciter
1902 869 1960 902 dc-

1210 918 1376 953 l'ormatum
1393 927 1420 951 et
1445 918 1694 965 depiuperatum
1717 919 1754 953 ad
1777 925 1893 953 statum
1909 931 1961 953 re-

1209 967 1348 1014 gularem
1378 980 1433 1015 pro
1472 980 1563 1015 posse
1596 967 1746 1003 reducere
1784 975 1811 1001 ct
1854 968 1884 1002 in
1923 981 1960 1001 eu

1211 1018 1347 1052 iirornm
1373 1017 1589 1064 religiosorum
1606 1030 1642 1053 ac
1665 1030 1868 1053 monacorum
1887 1031 1961 1064 pro-

1211 1066 1299 1102 batae
1324 1068 1402 1102 vilae
1421 1067 1588 1102 sufficienti
1612 1080 1746 1102 numero
1767 1076 1960 1102 cementum

1211 1117 1402 1163 reintegrare
1426 1126 1455 1151 et
1484 1125 1656 1152 restaurare
1685 1125 1851 1165 proponat.

1260 1167 1280 1213 g
1306 1171 1339 1201 ⁶2.
1371 1166 1435 1201 Nos
1459 1167 1681 1202 monasterium
1717 1167 1819 1222 ipsum
1849 1167 1963 1202 saioris

1211 1216 1376 1264 apostolici
1401 1217 1557 1264 praesidio
1585 1217 1782 1252 communire
1812 1217 1963 1257 rolentes,

1214 1275 1247 1301 ut
1274 1279 1311 1301 eo
1339 1267 1498 1314 copiosius
1525 1266 1598 1301 inibi
1635 1267 1777 1302 divinum
1805 1275 1965 1302 accrescat

1213 1315 1415 1364 obsequium,
1450 1329 1513 1364 quo
1543 1316 1672 1352 uberior
1711 1316 1828 1352 ibidem
1865 1317 1963 1363 gratia

1214 1379 1270 1421 per
1292 1378 1350 1400 nos
1373 1365 1466 1400 fuerit
1497 1366 1639 1413 elargita
1668 1366 1796 1414 praelati
1824 1366 1965 1414 episcopi

1215 1429 1244 1450 m
1281 1415 1339 1451 hac
1373 1423 1458 1463 parte
1491 1415 1776 1464 supplicationibus
1811 1415 1965 1459 inclinati,

1214 1477 1430 1522 quascumque
1471 1466 1709 1513 exemptiones,
1744 1465 1904 1501 libertates
1935 1474 1965 1500 et

1215 1515 1440 1555 immunitates
1463 1527 1544 1562 quae
1566 1515 1640 1550 olim
1666 1528 1682 1550 a
1705 1515 1858 1551 Romanis
1880 1515 1966 1550 Pon-

1215 1565 1354 1601 tistcibus
1387 1565 1683 1613 praedecessoribus
1716 1566 1833 1601 nostris
1859 1565 1964 1600 eidem

1217 1615 1406 1650 monasterio
1423 1626 1591 1650 concessae
1603 1615 1741 1660 luerunt,
1758 1615 1868 1651 barum
1886 1615 1966 1650 serie

1215 1665 1428 1712 approbamus
1450 1673 1479 1700 et
1504 1664 1742 1700 confirmamus

1266 1715 1286 1761 g
1313 1717 1345 1749 3.
1374 1714 1517 1749 Dilectos
1553 1714 1634 1749 lilios
1665 1723 1873 1754 conventum,
1897 1728 1966 1750 mo-
1989 1722 2165 1749 Zumpt-⁰⁸¹·-

1217 1777 1312 1799 nacos
1334 1773 1363 1798 et
1380 1764 1550 1804 ministros,
1575 1773 1636 1799 tam
1666 1773 1848 1812 praesentes
1871 1777 1965 1812 quam
1980 1753 2108 1805 ἑζίῗξξῖξζ,
2122 1758 2165 1804 ,Ἣ

1216 1814 1308 1849 etiam
1347 1814 1470 1849 futuros
1506 1813 1580 1848 dicti
1609 1814 1790 1850 monasterii
1833 1814 2166 1871 εἰυ5η33“ζ”ε“,ῑξ“’“δ“·ιῑ(ῗ·“

1218 1863 1466 1904 iurisdictiones,
1482 1864 1702 1911 proprietates,
1723 1864 1803 1899 bona
1827 1872 1855 1898 et
1875 1876 1968 1911 oppi-
1982 1854 1992 1874 Ρ
2021 1854 2026 1867 '
2047 1853 2080 1868 ⁰⁰¹
2097 1853 2109 1868 ⁰

1217 1913 1297 1955 da,
1291 1914 1455 1960 ipsiusque
1479 1913 1598 1948 incolas
1612 1921 1706 1961 atque
1725 1914 1792 1948 loca
1809 1926 1881 1949 eum
1898 1926 1968 1948 orn-

1219 1963 1312 1997 nibus
1340 1963 1473 2001 iuribus,
1499 1962 1673 1999 rationibus
1695 1972 1723 1998 et
1753 1963 1845 1998 bouis
1867 1963 1969 1999 mobi-

1218 2012 1301 2047 libus
1323 2021 1350 2047 ct
1373 2012 1554 2053 stabilibus,
1573 2025 1646 2048 cum
1672 2014 1870 2061 pertinentiis
1892 2013 1969 2053 suis,

1217 2063 1256 2098 ab
1284 2063 1368 2098 omni
1397 2062 1626 2108 iurisdictione,
1648 2064 1883 2110 superioritate,
1909 2063 1970 2098 do-

1220 2113 1316 2148 minio
1343 2121 1373 2148 et
1395 2121 1549 2161 potestate
1573 2113 1762 2149 venerabilis
1780 2114 1884 2150 fratris
1911 2126 1969 2149 no-

1218 2164 1272 2199 stri
1291 2163 1520 2211 arcbiepiscopi
1544 2164 1758 2199 Messanensis
1779 2172 1809 2198 et
1835 2164 1967 2199 aliorum

1219 2213 1358 2249 indicum
1375 2213 1605 2249 ordinariorum
1622 2213 1847 2261 quorumlibet
1866 2227 1881 2249 3
1902 2214 1969 2249 col-

1219 2263 1308 2298 lectis
1335 2276 1461 2311 quoqne
1491 2272 1520 2297 et
1561 2263 1600 2298 ab
1632 2264 1749 2299 illicitis
1770 2276 1807 2298 ex
1830 2276 1970 2299 consuc-

1219 2313 1329 2348 tudine
1358 2313 1628 2361 impositionibus
1660 2313 1823 2353 oneribus,
1857 2327 1970 2361 grava-

1219 2364 1357 2398 minibus
1373 2392 1381 2408 ,
1417 2373 1524 2399 contra
1559 2372 1739 2398 samiorum
1764 2362 1890 2398 l’atruni
1913 2364 1971 2398 dc-

1217 2422 1299 2448 creta
1332 2414 1487 2461 impositis
1503 2422 1554 2448 aut
1579 2413 1617 2447 dc
1636 2421 1740 2448 cetero
1758 2413 1970 2460 imponendis,

1219 2476 1340 2498 necnon
1364 2464 1402 2498 ab
1425 2463 1548 2498 illorum
1572 2463 1795 2498 collectoribus
1830 2472 1861 2498 et
1897 2477 1970 2498 exa-

1991 436 2055 455 t.1u.=·
2072 435 2131 455 butus

1981 468 2137 485 »nn-titullum-

1983 1177 2010 1197 Cn
2014 1178 2163 1199 afirmatioim-

1978 1209 2100 1229 munit-tum
2115 1214 2162 1228 rno-

1978 1246 2003 1260 na
1993 1240 2075 1261 anterii.

1253 2541 1292 2572 (Ι)
1314 2540 1351 2566 Ad
1371 2540 1419 2566 linc
1446 2539 1506 2566 vide
1525 2539 1729 2566 declarationem
1756 2539 1863 2566 Concilii
1884 2539 1968 2566 Tridt.

1217 2593 1283 2611 sess.
1302 2586 1352 2613 25.
1370 2594 1394 2611 c.
1417 2593 1434 2612 ιι
1454 2588 1478 2611 et
1501 2589 1560 2616 (iv,
1577 2587 1600 2611 el
1619 2583 1652 2610 cl.
1670 2584 1705 2614 5,
1732 2584 1847 2610 Cous-tit.
1865 2592 1967 2612 xxxtx.

1217 2631 1343 2662 Suscepti‘.
1365 2630 1428 2657 Aliis
1445 2631 1612 2657 monasteriis
1629 2630 1707 2656 etiam
1726 2629 1772 2655 lias
1787 2630 1970 2664 exemptiones

1217 2676 1344 2702 concessit
1358 2675 1504 2710 Gregorius
1515 2675 1578 2702 xttt
1591 2674 1655 2702 infra
1668 2675 1692 2701 in
1704 2674 1761 2702 eius
1768 2673 1872 2704 Const.,
1883 2674 1968 2710 Cupit.
