2281 3251
233 276 284 304 An.
303 275 333 304 C.
347 276 416 304 1520

231 342 253 360 ut
268 338 292 359 nb
309 339 416 361 erroribus

232 371 352 393 dest-ieret.

248 1624 288 1646 ltte
312 1629 364 1646 vero
387 1624 412 1646 ad

226 1656 317 1677 futurum
338 1657 414 1677 eonci-

227 1687 277 1708 lium
309 1692 413 1715 provoca-

227 1719 264 1740 vlt.

480 265 549 299 754

430 331 598 367 omisimus
615 339 647 365 ut
673 342 745 364 eum
761 329 800 364 ab
820 328 1003 363 huiusmodi
1020 328 1180 363 erroribus

431 382 665 417 revocaremus?
687 380 856 426 Postquam
880 379 961 412 enim
984 378 1086 424 ipsum
1103 379 1180 412 cita-

431 433 544 470 vimus,
564 432 673 466 mitius
686 441 757 463 cum
781 440 818 463 eo
835 427 1005 474 procedere
1026 428 1179 471 volentes,

430 481 517 516 illum
542 480 754 518 invitavimus,
771 486 865 524 atque
891 486 951 511 tani
970 490 1024 523 per
1038 477 1180 512 diversos

431 539 579 565 tractatus
602 541 672 564 curn
691 529 793 576 legato
811 535 918 561 nostro
932 526 1068 571 habitos,
1084 539 1178 574 quam

430 593 485 628 per
508 580 612 614 literas
635 587 772 621 nostras,
800 577 912 612 hortati
942 576 1060 611 suimus
1097 585 1129 611 ut
1164 589 1179 611 a

431 629 579 677 praedict.
593 628 751 663 erroribus
765 626 942 662 discederet
956 635 1062 673 atque,
1075 626 1180 661 oblato

428 679 522 715 etiam
552 677 798 712 salroconductu
831 686 861 712 et
891 677 1025 723 pecunia
1058 676 1094 709 ad
1123 677 1182 710 iter

429 727 604 764 necessaria
623 755 630 767 ,
652 728 721 762 sine
743 734 827 760 metu
857 738 913 761 seu
937 726 1050 760 timore
1063 726 1180 773 aliquo,

428 790 521 827 quem
544 777 680 824 perfecta
697 776 810 811 caritas
826 775 907 810 foras
921 776 1044 810 mittere
1058 775 1180 819 debuit,

428 828 565 870 veniret,
592 839 629 862 ac
650 825 820 861 Salvatoris
848 825 944 859 nostri
983 825 1180 872 apostolique

429 877 520 912 Pauli
543 875 702 922 exemplo,
718 887 780 909 non
804 875 938 915 occulte,
955 874 1010 909 sed
1035 874 1135 921 palam
1151 885 1181 910 et

429 928 458 961 in
483 926 559 962 sacie
586 926 781 973 loqueretur.
804 924 896 967 Quod
923 924 948 959 si
968 923 1104 965 fecisset,
1127 937 1182 971 pro

427 985 513 1011 certo
528 980 573 1021 (ut
595 976 799 1017 arbitramur)
820 974 858 1008 ad
882 986 936 1009 cor
957 985 1115 1018 reversus,
1130 986 1182 1008 er-

427 1038 514 1061 rores
546 1037 622 1060 suos
648 1024 866 1071 cognovisset:
895 1035 954 1058 nec
982 1023 1012 1057 in
1036 1022 1181 1058 Romana

427 1074 536 1119 Curia,
558 1086 652 1122 quam
673 1082 846 1120 tantopere,
857 1072 1180 1108 vnnismalevotorum

427 1123 610 1160 rumoribus
649 1123 815 1171 plusquam
839 1123 978 1169 oportuit
1000 1122 1180 1164 tribuendo,

428 1175 605 1220 vituperat,
628 1181 671 1207 tot
700 1173 878 1219 reperiisset
900 1181 1022 1213 errata;
1045 1171 1177 1207 docuis-

428 1235 599 1271 semusque
627 1235 699 1257 eum
716 1222 787 1257 luce
809 1222 933 1262 clarius,
961 1229 1089 1257 sanctos
1117 1221 1182 1257 Ro-

429 1285 540 1308 manos
567 1272 738 1308 Pontifices
762 1272 1023 1318 praedecessores
1046 1280 1181 1317 nostrOS,

428 1335 520 1370 quos,
545 1330 805 1370 praeteromnem
815 1321 1016 1366 modestiam,
1032 1321 1181 1356 iniuriose

426 1372 554 1416 lacerat,
586 1372 616 1406 in
645 1372 711 1405 suis
733 1370 910 1406 canonibus
939 1383 994 1405 seu
1019 1371 1183 1404 coustitu-

427 1421 580 1465 tionibus,
595 1433 675 1469 quas
701 1420 848 1455 mordere
868 1421 990 1461 nititur,
1005 1432 1178 1467 numquam

426 1483 563 1506 errasse:
591 1471 676 1517 quia,
704 1470 788 1504 iuxta
816 1468 1029 1516 Prophetain,
1064 1481 1122 1504 nec
1150 1470 1180 1504 in

427 1520 546 1556 Galaad
570 1520 684 1563 resina,
707 1531 766 1554 nec
791 1518 932 1554 medicus
955 1519 1052 1554 deest.

475 1569 495 1617 S
518 1571 550 1604 6.
565 1568 627 1604 Sed
642 1568 803 1603 obaudivit
818 1580 945 1616 semper
960 1576 1007 1612 et,
1023 1567 1179 1615 praedicta

427 1619 574 1655 citatione
588 1626 618 1654 et
629 1618 777 1653 omnibus
790 1626 819 1652 et
832 1618 966 1664 singulis
989 1617 1181 1666 supradictis

427 1669 556 1717 spretiS,
582 1668 688 1703 venire
711 1668 923 1714 contempsit,
952 1680 988 1702 ac
1016 1679 1118 1714 usque
1150 1667 1180 1702 in

427 1726 623 1765 praesentem
647 1717 730 1752 diem
754 1726 922 1752 contumax
945 1726 1040 1764 atque
1073 1718 1181 1752 animo

426 1767 573 1802 indurato
592 1779 743 1801 censuras
769 1766 848 1801 ultra
872 1778 989 1801 annum
1014 1767 1180 1808 sustinuit;

426 1824 468 1858 et,
485 1816 571 1865 quod
582 1816 723 1851 deterius
739 1824 797 1857 est,
824 1815 946 1850 addens
975 1816 1053 1851 mala
1078 1817 1181 1862 malis,

426 1866 466 1901 de
493 1865 644 1901 citatione
671 1865 852 1900 huiusmodi
878 1865 1021 1900 notitiam
1050 1865 1181 1910 habens,

426 1915 457 1950 in
481 1927 590 1950 vocem
603 1915 788 1950 temerariae
799 1914 1019 1962 appellationis
1039 1916 1181 1962 prorupit

425 1965 462 1999 ad
491 1965 630 2000 futurum
647 1964 831 2007 concilium,
849 1972 956 1998 contra
979 1965 1182 2000 constitutio-

426 2026 499 2049 nem
527 2013 575 2048 Pit
602 2013 735 2048 secundi
758 2025 794 2048 ac
822 2013 890 2047 Iulii
914 2013 1060 2059 secundi,
1088 2027 1181 2062 prae-

427 2064 631 2100 decessorum
648 2072 842 2104 nostrorum,
856 2075 916 2110 qua
932 2064 1183 2104 cavetur,taliter

429 2119 623 2166 appellantes
642 2117 874 2153 haereticorum
905 2129 1005 2165 poena
1033 2118 1182 2165 plecten—

428 2173 497 2208 dos.
511 2172 640 2208 Frustra
655 2172 748 2208 etiam
766 2172 888 2207 concilii
902 2172 1053 2207 auxilium
1075 2172 1183 2220 implo-

430 2227 519 2272 ravit,
545 2227 597 2274 qui
622 2227 664 2261 illi
693 2239 726 2262 se
749 2239 811 2261 non
835 2226 965 2262 credere
987 2226 1088 2274 palam
1107 2240 1181 2275 pro-

427 2281 545 2322 fitetur;
574 2281 613 2316 ita
629 2289 662 2316 ut
686 2288 792 2316 contra
817 2281 935 2329 ipsum,
958 2288 1120 2329 tamquam
1144 2282 1182 2317 de

428 2335 490 2371 fide
512 2336 634 2371 notorie
656 2343 853 2383 suspectum,
877 2335 975 2370 immo
1001 2347 1076 2371 vere
1100 2335 1180 2371 hae-

427 2390 699 2438 reticum‚ahsque
710 2390 850 2425 ulteriori
860 2390 1007 2425 citatione
1021 2389 1067 2424 vel
1084 2402 1181 2431 mora,

427 2445 465 2481 ad
485 2445 782 2481 condemnationem
799 2453 828 2479 et
851 2445 1085 2480 damnationem
1102 2445 1181 2485 eius,

427 2499 765 2548 tamquamhaeretici,
781 2511 816 2534 ac
838 2499 876 2534 ad
900 2501 1041 2534 omnium
1065 2508 1094 2534 et
1109 2500 1183 2534 sin—

428 2554 572 2602 gularum
585 2554 873 2602 suprascriptarum
888 2566 1059 2602 poenarum
1071 2562 1101 2589 et
1112 2566 1182 2589 cen-

429 2621 571 2644 surarum
591 2610 789 2645 severitatem
808 2609 978 2656 procedere
1001 2621 1177 2657 possemus.

478 2665 494 2707 5
509 2665 540 2697 ’7.
556 2662 783 2709 Nihilominus,
798 2662 838 2698 de
853 2663 1042 2700 eorumdem
1051 2663 1182 2699 fratrum

1013 273 1200 297 BULLARIOE
1223 273 1386 297 nouaxtm

1997 276 2045 302 An.
2063 277 2090 303 C,
2113 277 2180 303 15ἒο

1224 337 1404 364 nostrorum
1419 327 1563 369 consilio,
1580 329 1808 376 omnipotentis
1829 329 1886 364 Dei
1904 329 1976 364 imi-
2007 337 2178 358 E1mhi¹0minus

1223 386 1323 412 tantes
1350 378 1562 419 clementiam,
1585 379 1637 426 qui
1662 391 1725 414 non
1750 379 1815 413 vult
1841 389 1974 415 mortem
1992 368 2180 426 §Zilifuinngj'ffi

1224 428 1421 475 peccatoris,
1449 427 1502 462 sed
1533 429 1632 474 magis
1663 437 1696 462 ut
1717 437 1919 464 convertatur
1945 438 1975 465 et
1993 431 2181 482 ²⁰²¹⁵⁶¹⁰¹¹¹g³⁸t⁸⁶

1223 479 1319 518 vivat,
1342 477 1485 512 omnium
1503 477 1687 512 iniuriarum
1704 478 1857 514 hactenus
1885 479 1977 514 nobis
1994 467 2093 518 effraym.
2125 467 2147 482 θ’
2161 467 2182 481 ι’

1223 535 1251 561 et
1275 527 1475 574 Apostolicae
1494 526 1569 562 Sedi
1589 526 1742 562 illatarum
1759 528 1863 573 obliti,
1891 529 1977 564 omni

1223 589 1283 623 qua
1308 589 1477 623 possumus
1501 577 1613 622 pietate
1637 577 1680 611 uti
1709 577 1919 623 decrevimus,
1947 587 1977 614 et

1223 634 1376 673 quantum
1401 627 1430 660 in
1455 626 1546 660 nobis
1568 634 1614 661 est
1643 638 1746 672 agere,
1771 636 1803 661 ut
1820 629 1978 675 proposita

1224 675 1479 710 mansuetudinis
1495 676 1541 710 via
1569 675 1606 709 ad
1631 687 1685 710 cor
1708 685 1893 718 revertatur,
1916 685 1979 713 eta

1225 725 1392 771 praedictis
1408 724 1531 760 recedat
1546 725 1718 764 erroribus.
1732 733 1764 759 ut
1778 726 1881 772 ipsum
1899 735 1980 762 tam-

1223 787 1319 821 quam
1344 774 1443 809 tilium
1468 774 1556 808 illum
1582 774 1751 822 prodigum
1767 775 1804 810 ad
1821 776 1980 821 gremium

1224 824 1384 859 Ecclesiae
1398 833 1617 869 revertentem,
1627 824 1764 872 benigne
1776 826 1979 872 recipiamus.

1223 873 1329 920 Ipsum
1354 874 1450 920 igitur
1464 873 1634 909 Martinum
1658 882 1688 908 et
1710 886 1931 922 quoscumque
1953 875 1980 911 ei

1224 923 1442 967 adhaerentes,
1462 923 1593 971 eiusque
1616 931 1827 971 receptatores
1854 933 1883 960 et
1911 924 1982 959 fau-

1225 981 1318 1017 tores,
1336 985 1391 1020 pcr
1406 974 1523 1007 viscera
1543 973 1777 1008 misericordiae
1794 973 1849 1009 Dei
1871 974 1982 1019 nostri,

1224 1030 1253 1057 et
1277 1035 1331 1069 per
1352 1023 1567 1068 aspersionem
1591 1023 1756 1069 sauguinis
1780 1023 1908 1058 Domini
1930 1035 1981 1059 no-

1224 1073 1278 1106 stri
1295 1072 1364 1107 lesu
1388 1071 1522 1116 Christi,
1544 1084 1608 1119 quo
1621 1081 1650 1107 et
1675 1084 1836 1120 perquem
1852 1073 1982 1108 humani

1223 1122 1349 1168 generis
1379 1121 1554 1168 redemptio
1582 1129 1611 1156 et
1635 1129 1761 1157 sauctae
1791 1123 1896 1157 matris
1917 1122 1982 1159 Ec-

1224 1171 1338 1206 clesiae
1360 1171 1535 1206 aedificatio
1559 1170 1639 1206 sacta
1663 1180 1721 1216 est,
1744 1183 1782 1206 ex
1805 1179 1869 1207 toto
1884 1172 1982 1207 corde

1227 1220 1390 1255 hortamur
1417 1230 1445 1255 ct
1462 1220 1668 1256 obsecramus
1691 1229 1723 1255 nt
1757 1221 1855 1267 ipsius
1870 1221 1983 1258 Eccle-

1224 1271 1288 1305 siae
1313 1282 1442 1317 pacem,
1471 1271 1623 1305 unitatem
1652 1279 1683 1305 ct
1715 1271 1896 1316 veritatem,
1926 1284 1983 1319 pro

1224 1332 1284 1365 qua
1308 1320 1376 1366 ipse
1403 1319 1546 1354 Salvator
1569 1328 1629 1354 tam
1660 1320 1812 1355 instanter
1833 1321 1983 1356 oravitad

1224 1369 1363 1410 Patrem,
1392 1368 1518 1404 turbare
1533 1370 1696 1410 desistant,
1719 1378 1748 1404 et
1771 1381 1786 1404 a
1812 1370 1981 1417 praedictis

1226 1427 1286 1453 tam
1316 1419 1502 1466 perniciosis
1529 1419 1690 1453 erroribus
1724 1431 1854 1466 prorsus
1883 1420 1981 1454 absti-

1225 1476 1336 1509 neant3
1360 1468 1516 1503 inventuri
1533 1468 1617 1514 apud
1636 1480 1705 1513 nos,
1727 1469 1753 1503 si
1777 1469 1984 1504 effectualiter

1226 1517 1399 1564 paruerint,
1415 1527 1444 1552 et
1469 1519 1610 1565 paruisse
1634 1530 1690 1565 per
1717 1517 1856 1564 legitima
1881 1518 1984 1553 docu-

1224 1575 1328 1602 menta
1347 1579 1404 1602 nos
1415 1567 1667 1611 certificaverint,
1681 1575 1828 1614 paternae
1844 1568 1983 1603 caritatis

1223 1616 1370 1651 affectum
1397 1625 1427 1652 et
1449 1626 1593 1664 apertum
1607 1617 1864 1652 mansuetudinis
1875 1625 1905 1653 et
1919 1617 1984 1653 cle-

1224 1667 1358 1702 mentiae
1381 1666 1510 1702 fontem.

1272 1716 1292 1763 g
1312 1719 1344 1750 8.
1361 1715 1546 1751 inhibentes
1560 1716 1768 1751 nihilominus
1780 1716 1881 1752 eidem
1895 1716 1983 1752 Mar·
2011 1728 2102 1750 curnem
2127 1728 2185 1749 ium·

1225 1764 1289 1800 tino
1316 1777 1353 1800 ex
1382 1778 1479 1807 nunc,
1509 1775 1542 1801 ut
1570 1766 1696 1801 interim
1720 1765 1759 1800 ab
1786 1767 1982 1814 omniprae-
1996 1759 2185 1815 ξξξζζξξῗζξξῗω·

1224 1814 1382 1849 ‹licatione
1412 1828 1469 1851 seu
1505 1815 1750 1863 praedicationis
1776 1816 1880 1851 officio
1910 1828 1983 1851 om-

1225 1864 1300 1898 nino
1324 1864 1464 1900 desistat.

1272 1913 1292 1961 g
1318 1915 1351 1948 9.
1376 1914 1540 1962 Alioquin,
1564 1922 1596 1949 ut
1620 1914 1724 1961 ipsum
1740 1913 1923 1955 Martinum,
1952 1915 1980 1950 si
2010 1926 2102 1948 Luthero
2116 1928 2184 1949 ond-

1225 1963 1303 1997 forte
1319 1963 1455 1999 iustitiae
1477 1972 1506 1999 et
1531 1964 1654 1998 virtutis
1676 1975 1766 1998 amor
1784 1976 1856 1998 eum
1873 1976 1890 1999 a
1906 1975 1981 2011 pec·
1995 1957 2185 1980 ¹¹⁸⁶‘⁰¹¹¹¹¹’²¹⁵‘⁰“

1995 1990 2074 2010 minum
2085 1989 2184 2016 pransu

1224 2021 1292 2047 cato
1325 2025 1387 2047 uon
1418 2013 1572 2058 retrahat,
1598 2013 1879 2061 indulgentiaeque
1906 2025 1981 2061 spes
1996 2021 2021 2042 =d
2037 2021 2139 2043 desisten-
2159 2020 2185 2057 *P

1225 2062 1262 2096 ad
1287 2063 1513 2110 poenitentiam
1539 2075 1600 2098 non
1624 2063 1776 2108 reducat,
1805 2075 1980 2111 poenarum
1996 2057 2070 2104 {²3³¹
2103 2057 2188 2074 “m‘'

1226 2125 1324 2152 terror
1346 2126 1488 2153 coerceat
1509 2117 1713 2165 disciplinae,
1736 2117 1884 2152 eumdem
1901 2117 1984 2152 Mar-

1226 2171 1376 2217 tinum,ei
1386 2184 1484 2220 usque
1499 2172 1909 2220 adliaerentes‚compliceS,
1919 2171 1982 2207 sau-

1227 2234 1310 2261 tores
1332 2234 1362 2262 et
1390 2235 1612 2275 receptatores,
1636 2234 1744 2262 tenore
1768 2227 1980 2274 praesentium

1226 2292 1418 2328 requirimus
1439 2289 1469 2316 et
1497 2293 1680 2323 monemus,
1708 2281 1738 2316 in
1768 2281 1880 2316 virtute
1907 2293 1983 2317 san-

1224 2343 1291 2370 ctae
1316 2335 1523 2377 obedientiae,
1546 2345 1575 2371 et
1598 2335 1657 2371 sub
1685 2335 1854 2383 praedictis
1875 2336 1983 2372 omni-

1226 2390 1285 2425 bus
1298 2399 1328 2425 et
1349 2390 1484 2438 singulis
1507 2390 1754 2439 poenis,eoipso
1770 2389 1981 2433 incurrendis,

1227 2444 1368 2480 districte
1392 2444 1616 2493 praecipiendo
1645 2444 1832 2480 mandamus
1863 2453 1981 2492 quate-

1229 2512 1288 2534 nus
1311 2500 1390 2535 iufra
1413 2501 1572 2547 sexaginta
1601 2499 1680 2546 dies,
1711 2511 1845 2548 quorum
1870 2499 1979 2546 viginti

1229 2567 1284 2601 pro
1301 2555 1416 2602 primo,
1428 2556 1537 2603 viginti
1556 2568 1612 2604 pro
1634 2555 1775 2591 secundo
1797 2564 1825 2591 et
1839 2555 1980 2602 reliquos

1229 2609 1334 2655 viginti
1358 2609 1425 2644 dies
1449 2622 1504 2657 pro
1528 2610 1620 2645 tertio
1636 2618 1667 2645 et
1689 2609 1902 2658 peremptorio
1920 2618 1982 2646 ter-

1227 2664 1313 2699 mino
1328 2664 1541 2712 assignamuS,
1554 2663 1594 2701 ab
1610 2664 1756 2701 affixione
1770 2664 1982 2713 praesentium
