<?xml version="1.0" encoding="UTF-8"?>
<!DOCTYPE html PUBLIC "-//W3C//DTD XHTML 1.0 Transitional//EN"
    "http://www.w3.org/TR/xhtml1/DTD/xhtml1-transitional.dtd">
<html xmlns="http://www.w3.org/1999/xhtml" xml:lang="en" lang="en">
 <head>
  <title>
</title>
<meta http-equiv="Content-Type" content="text/html;charset=utf-8" />
  <meta name='ocr-system' content='tesseract 3.04.00' />
  <meta name='ocr-capabilities' content='ocr_page ocr_carea ocr_par ocr_line ocrx_word'/>
</head>
<body>
  <div class='ocr_page' id='page_1' title='image "./bullarumdiplomat05cath/bullarumdiplomat05cath_0316.png"; bbox 0 0 2281 3251; ppageno 0'>
   <div class='ocr_carea' id='block_1_1' title="bbox 218 232 399 260">
    <p class='ocr_par' dir='ltr' id='par_1_1' title="bbox 218 232 399 260">
     <span class='ocr_line' id='line_1_1' title="bbox 218 232 399 260; baseline 0 -1"><span class='ocrx_word' id='word_1_1' title='bbox 218 235 264 260; x_wconf 53' lang='lat' dir='ltr'>tn.</span> <span class='ocrx_word' id='word_1_2' title='bbox 284 232 312 258; x_wconf 89' lang='lat' dir='ltr'>C.</span> <span class='ocrx_word' id='word_1_3' title='bbox 334 233 399 259; x_wconf 55' lang='lat' dir='ltr'>trist</span> 
     </span>
    </p>
   </div>
   <div class='ocr_carea' id='block_1_2' title="bbox 211 1477 398 1558">
    <p class='ocr_par' dir='ltr' id='par_1_2' title="bbox 211 1477 398 1558">
     <span class='ocr_line' id='line_1_2' title="bbox 225 1477 395 1498; baseline 0 -1"><span class='ocrx_word' id='word_1_4' title='bbox 225 1477 247 1497; x_wconf 85' lang='grc' dir='ltr'>ΕΙ</span> <span class='ocrx_word' id='word_1_5' title='bbox 266 1479 349 1498; x_wconf 64' lang='grc' dir='ltr'>ιίῚΙηιηι</span> <span class='ocrx_word' id='word_1_6' title='bbox 361 1478 395 1497; x_wconf 64' lang='lat' dir='ltr'>tivi</span> 
     </span>
     <span class='ocr_line' id='line_1_3' title="bbox 211 1510 398 1534; baseline 0.016 -8"><span class='ocrx_word' id='word_1_7' title='bbox 211 1514 229 1534; x_wconf 78' lang='lat' dir='ltr'>pi</span> <span class='ocrx_word' id='word_1_8' title='bbox 237 1514 260 1527; x_wconf 62' lang='lat' dir='ltr'>«c</span> <span class='ocrx_word' id='word_1_9' title='bbox 270 1510 289 1527; x_wconf 78' lang='grc' dir='ltr'>Ιιι</span> <span class='ocrx_word' id='word_1_10' title='bbox 299 1515 327 1528; x_wconf 78' lang='lat' dir='ltr'>art</span> <span class='ocrx_word' id='word_1_11' title='bbox 340 1515 398 1529; x_wconf 78' lang='lat' dir='ltr'>ntan-</span> 
     </span>
     <span class='ocr_line' id='line_1_4' title="bbox 211 1540 284 1558; baseline 0 -1"><span class='ocrx_word' id='word_1_12' title='bbox 211 1540 243 1558; x_wconf 67' lang='lat' dir='ltr'>dat</span> <span class='ocrx_word' id='word_1_13' title='bbox 260 1542 284 1558; x_wconf 55' lang='lat' dir='ltr'>tlt</span> 
     </span>
    </p>
   </div>
   <div class='ocr_carea' id='block_1_3' title="bbox 208 1921 394 2009">
    <p class='ocr_par' dir='ltr' id='par_1_3' title="bbox 208 1921 394 2009">
     <span class='ocr_line' id='line_1_5' title="bbox 209 1921 393 1948; baseline 0.005 -7"><span class='ocrx_word' id='word_1_14' title='bbox 209 1921 222 1941; x_wconf 86' lang='grc' dir='ltr'>Γ,</span> <span class='ocrx_word' id='word_1_15' title='bbox 229 1925 393 1948; x_wconf 62' lang='lat' dir='ltr'>xevutoremque</span> 
     </span>
     <span class='ocr_line' id='line_1_6' title="bbox 208 1952 394 1973; baseline 0.005 -1"><span class='ocrx_word' id='word_1_16' title='bbox 208 1952 269 1972; x_wconf 79' lang='lat' dir='ltr'>huius</span> <span class='ocrx_word' id='word_1_17' title='bbox 288 1953 394 1973; x_wconf 74' lang='lat' dir='ltr'>constitu-</span> 
     </span>
     <span class='ocr_line' id='line_1_7' title="bbox 208 1983 380 2009; baseline 0.017 -8"><span class='ocrx_word' id='word_1_18' title='bbox 208 1984 270 2002; x_wconf 65' lang='lat' dir='ltr'>tionis</span> <span class='ocrx_word' id='word_1_19' title='bbox 287 1983 380 2009; x_wconf 62' lang='grc' dir='ltr'>(Ιηηιίυῑς</span> 
     </span>
    </p>
   </div>
   <div class='ocr_carea' id='block_1_4' title="bbox 467 225 536 257">
    <p class='ocr_par' dir='ltr' id='par_1_4' title="bbox 467 225 536 257">
     <span class='ocr_line' id='line_1_8' title="bbox 467 225 536 257; baseline -0.043 0"><span class='ocrx_word' id='word_1_20' title='bbox 467 225 536 257; x_wconf 65' lang='grc' dir='ltr'>ῑὶὶὶὸ</span> 
     </span>
    </p>
   </div>
   <div class='ocr_carea' id='block_1_5' title="bbox 405 286 1167 2656">
    <p class='ocr_par' dir='ltr' id='par_1_5' title="bbox 412 286 1167 1469">
     <span class='ocr_line' id='line_1_9' title="bbox 414 286 1167 334; baseline -0.009 -8"><span class='ocrx_word' id='word_1_21' title='bbox 414 290 535 326; x_wconf 89' lang='lat' dir='ltr'>admitti</span> <span class='ocrx_word' id='word_1_22' title='bbox 559 288 673 323; x_wconf 67' lang='lat' dir='ltr'>debere</span> <span class='ocrx_word' id='word_1_23' title='bbox 697 288 826 334; x_wconf 80' lang='lat' dir='ltr'>perinde</span> <span class='ocrx_word' id='word_1_24' title='bbox 857 288 885 320; x_wconf 90' lang='lat' dir='ltr'>in</span> <span class='ocrx_word' id='word_1_25' title='bbox 907 286 1052 320; x_wconf 82' lang='lat' dir='ltr'>omnibus</span> <span class='ocrx_word' id='word_1_26' title='bbox 1067 294 1096 320; x_wconf 79' lang='lat' dir='ltr'>et</span> <span class='ocrx_word' id='word_1_27' title='bbox 1114 299 1167 332; x_wconf 85' lang='lat' dir='ltr'>per</span> 
     </span>
     <span class='ocr_line' id='line_1_10' title="bbox 414 335 1167 382; baseline -0.008 -7"><span class='ocrx_word' id='word_1_28' title='bbox 414 340 517 375; x_wconf 84' lang='lat' dir='ltr'>omnia</span> <span class='ocrx_word' id='word_1_29' title='bbox 533 367 542 382; x_wconf 89' lang='lat'>,</span> <span class='ocrx_word' id='word_1_30' title='bbox 565 351 599 373; x_wconf 91' lang='lat' dir='ltr'>ac</span> <span class='ocrx_word' id='word_1_31' title='bbox 620 339 644 372; x_wconf 85' lang='lat' dir='ltr'>si</span> <span class='ocrx_word' id='word_1_32' title='bbox 670 338 698 371; x_wconf 93' lang='lat' dir='ltr'>in</span> <span class='ocrx_word' id='word_1_33' title='bbox 724 337 820 371; x_wconf 88' lang='lat' dir='ltr'>literis</span> <span class='ocrx_word' id='word_1_34' title='bbox 844 335 1010 381; x_wconf 70' lang='lat' dir='ltr'>praedietis</span> <span class='ocrx_word' id='word_1_35' title='bbox 1039 336 1167 381; x_wconf 76' lang='lat' dir='ltr'>provin—</span> 
     </span>
     <span class='ocr_line' id='line_1_11' title="bbox 413 385 1165 433; baseline -0.011 -8"><span class='ocrx_word' id='word_1_36' title='bbox 413 391 498 433; x_wconf 79' lang='lat' dir='ltr'>ciae,</span> <span class='ocrx_word' id='word_1_37' title='bbox 527 388 688 429; x_wconf 77' lang='lat' dir='ltr'>civitates,</span> <span class='ocrx_word' id='word_1_38' title='bbox 711 386 889 422; x_wconf 68' lang='lat' dir='ltr'>dioeceses,</span> <span class='ocrx_word' id='word_1_39' title='bbox 919 395 1017 419; x_wconf 77' lang='lat' dir='ltr'>terrac</span> <span class='ocrx_word' id='word_1_40' title='bbox 1042 394 1071 418; x_wconf 87' lang='lat' dir='ltr'>et</span> <span class='ocrx_word' id='word_1_41' title='bbox 1100 385 1165 418; x_wconf 84' lang='lat' dir='ltr'>loca</span> 
     </span>
     <span class='ocr_line' id='line_1_12' title="bbox 413 434 1167 487; baseline -0.009 -13"><span class='ocrx_word' id='word_1_42' title='bbox 413 452 448 474; x_wconf 90' lang='lat' dir='ltr'>ae</span> <span class='ocrx_word' id='word_1_43' title='bbox 472 449 622 487; x_wconf 77' lang='lat' dir='ltr'>personae</span> <span class='ocrx_word' id='word_1_44' title='bbox 662 445 691 471; x_wconf 83' lang='lat' dir='ltr'>et</span> <span class='ocrx_word' id='word_1_45' title='bbox 719 448 868 470; x_wconf 74' lang='lat' dir='ltr'>excessus</span> <span class='ocrx_word' id='word_1_46' title='bbox 898 434 1080 468; x_wconf 82' lang='lat' dir='ltr'>huiusmodi</span> <span class='ocrx_word' id='word_1_47' title='bbox 1110 447 1167 468; x_wconf 92' lang='lat' dir='ltr'>no-</span> 
     </span>
     <span class='ocr_line' id='line_1_13' title="bbox 415 483 1162 533; baseline -0.009 -10"><span class='ocrx_word' id='word_1_48' title='bbox 415 488 555 523; x_wconf 88' lang='lat' dir='ltr'>minatim</span> <span class='ocrx_word' id='word_1_49' title='bbox 584 495 614 521; x_wconf 85' lang='lat' dir='ltr'>et</span> <span class='ocrx_word' id='word_1_50' title='bbox 637 486 783 533; x_wconf 73' lang='lat' dir='ltr'>specifice</span> <span class='ocrx_word' id='word_1_51' title='bbox 806 497 954 531; x_wconf 74' lang='lat' dir='ltr'>expressa</span> <span class='ocrx_word' id='word_1_52' title='bbox 979 483 1092 522; x_wconf 76' lang='lat' dir='ltr'>forent,</span> <span class='ocrx_word' id='word_1_53' title='bbox 1115 495 1162 518; x_wconf 79' lang='lat' dir='ltr'>atr</span> 
     </span>
     <span class='ocr_line' id='line_1_14' title="bbox 413 533 1165 582; baseline -0.009 -9"><span class='ocrx_word' id='word_1_54' title='bbox 413 539 555 573; x_wconf 83' lang='lat' dir='ltr'>ctoritate</span> <span class='ocrx_word' id='word_1_55' title='bbox 583 536 751 582; x_wconf 77' lang='lat' dir='ltr'>apostolica</span> <span class='ocrx_word' id='word_1_56' title='bbox 770 562 778 577; x_wconf 77' lang='lat'>,</span> <span class='ocrx_word' id='word_1_57' title='bbox 812 543 918 568; x_wconf 81' lang='lat' dir='ltr'>tenore</span> <span class='ocrx_word' id='word_1_58' title='bbox 952 533 1165 580; x_wconf 75' lang='lat' dir='ltr'>praesentium</span> 
     </span>
     <span class='ocr_line' id='line_1_15' title="bbox 413 583 1166 631; baseline -0.009 -9"><span class='ocrx_word' id='word_1_59' title='bbox 413 587 606 625; x_wconf 82' lang='lat' dir='ltr'>statttitnns;</span> <span class='ocrx_word' id='word_1_60' title='bbox 636 597 754 631; x_wconf 75' lang='lat' dir='ltr'>proqnt¹</span> <span class='ocrx_word' id='word_1_61' title='bbox 779 583 890 629; x_wconf 86' lang='lat' dir='ltr'>potiori</span> <span class='ocrx_word' id='word_1_62' title='bbox 905 583 1045 623; x_wconf 86' lang='lat' dir='ltr'>cantela,</span> <span class='ocrx_word' id='word_1_63' title='bbox 1063 583 1166 617; x_wconf 87' lang='lat' dir='ltr'>literas</span> 
     </span>
     <span class='ocr_line' id='line_1_16' title="bbox 414 632 1166 682; baseline -0.007 -11"><span class='ocrx_word' id='word_1_64' title='bbox 414 646 441 671; x_wconf 82' lang='lat' dir='ltr'>et</span> <span class='ocrx_word' id='word_1_65' title='bbox 464 636 701 682; x_wconf 77' lang='lat' dir='ltr'>deputationem</span> <span class='ocrx_word' id='word_1_66' title='bbox 720 632 894 680; x_wconf 70' lang='lat' dir='ltr'>praedictas</span> <span class='ocrx_word' id='word_1_67' title='bbox 916 632 953 667; x_wconf 89' lang='lat' dir='ltr'>ad</span> <span class='ocrx_word' id='word_1_68' title='bbox 979 633 1166 678; x_wconf 64' lang='lat' dir='ltr'>provincias,</span> 
     </span>
     <span class='ocr_line' id='line_1_17' title="bbox 413 682 1164 724; baseline -0.007 -4"><span class='ocrx_word' id='word_1_69' title='bbox 413 687 565 724; x_wconf 70' lang='lat' dir='ltr'>civitates,</span> <span class='ocrx_word' id='word_1_70' title='bbox 588 684 760 721; x_wconf 78' lang='lat' dir='ltr'>dioeceses,</span> <span class='ocrx_word' id='word_1_71' title='bbox 785 690 882 716; x_wconf 80' lang='lat' dir='ltr'>terras</span> <span class='ocrx_word' id='word_1_72' title='bbox 896 690 924 716; x_wconf 80' lang='lat' dir='ltr'>et</span> <span class='ocrx_word' id='word_1_73' title='bbox 941 682 1018 720; x_wconf 71' lang='lat' dir='ltr'>loca,</span> <span class='ocrx_word' id='word_1_74' title='bbox 1042 694 1164 716; x_wconf 77' lang='lat' dir='ltr'>necnon</span> 
     </span>
     <span class='ocr_line' id='line_1_18' title="bbox 415 731 1167 781; baseline -0.005 -12"><span class='ocrx_word' id='word_1_75' title='bbox 415 747 564 781; x_wconf 83' lang='lat' dir='ltr'>personas</span> <span class='ocrx_word' id='word_1_76' title='bbox 586 742 615 767; x_wconf 89' lang='lat' dir='ltr'>et</span> <span class='ocrx_word' id='word_1_77' title='bbox 643 733 775 767; x_wconf 85' lang='lat' dir='ltr'>crimina</span> <span class='ocrx_word' id='word_1_78' title='bbox 794 731 977 766; x_wconf 83' lang='lat' dir='ltr'>huiusmodi</span> <span class='ocrx_word' id='word_1_79' title='bbox 996 731 1167 766; x_wconf 78' lang='lat' dir='ltr'>extenden-</span> 
     </span>
     <span class='ocr_line' id='line_1_19' title="bbox 414 780 1164 831; baseline -0.007 -12"><span class='ocrx_word' id='word_1_80' title='bbox 414 794 469 825; x_wconf 83' lang='lat' dir='ltr'>tes,</span> <span class='ocrx_word' id='word_1_81' title='bbox 496 782 641 831; x_wconf 77' lang='lat' dir='ltr'>praefatis</span> <span class='ocrx_word' id='word_1_82' title='bbox 665 780 918 828; x_wconf 88' lang='lat' dir='ltr'>inquisitoribus,</span> <span class='ocrx_word' id='word_1_83' title='bbox 946 780 1031 827; x_wconf 91' lang='lat' dir='ltr'>quod</span> <span class='ocrx_word' id='word_1_84' title='bbox 1056 781 1114 828; x_wconf 88' lang='lat' dir='ltr'>ipsi</span> <span class='ocrx_word' id='word_1_85' title='bbox 1137 793 1164 815; x_wconf 84' lang='lat' dir='ltr'>et</span> 
     </span>
     <span class='ocr_line' id='line_1_20' title="bbox 412 830 1166 873; baseline -0.007 -5"><span class='ocrx_word' id='word_1_86' title='bbox 412 834 489 868; x_wconf 87' lang='lat' dir='ltr'>alter</span> <span class='ocrx_word' id='word_1_87' title='bbox 516 844 640 873; x_wconf 85' lang='lat' dir='ltr'>corum,</span> <span class='ocrx_word' id='word_1_88' title='bbox 667 830 820 865; x_wconf 78' lang='lat' dir='ltr'>accersito</span> <span class='ocrx_word' id='word_1_89' title='bbox 843 842 949 865; x_wconf 85' lang='lat' dir='ltr'>secum</span> <span class='ocrx_word' id='word_1_90' title='bbox 970 830 1084 865; x_wconf 89' lang='lat' dir='ltr'>dilecto</span> <span class='ocrx_word' id='word_1_91' title='bbox 1105 830 1166 864; x_wconf 84' lang='lat' dir='ltr'>lilio</span> 
     </span>
     <span class='ocr_line' id='line_1_21' title="bbox 413 879 1167 926; baseline -0.004 -9"><span class='ocrx_word' id='word_1_92' title='bbox 413 883 528 917; x_wconf 77' lang='lat' dir='ltr'>Ioanne</span> <span class='ocrx_word' id='word_1_93' title='bbox 551 881 720 926; x_wconf 73' lang='lat' dir='ltr'>Gretnper,</span> <span class='ocrx_word' id='word_1_94' title='bbox 751 879 867 913; x_wconf 79' lang='lat' dir='ltr'>elerico</span> <span class='ocrx_word' id='word_1_95' title='bbox 889 880 1053 914; x_wconf 85' lang='lat' dir='ltr'>Constant.</span> <span class='ocrx_word' id='word_1_96' title='bbox 1078 879 1167 914; x_wconf 86' lang='lat' dir='ltr'>dioc—</span> 
     </span>
     <span class='ocr_line' id='line_1_22' title="bbox 413 928 1164 976; baseline -0.005 -9"><span class='ocrx_word' id='word_1_97' title='bbox 413 933 506 970; x_wconf 76' lang='lat' dir='ltr'>c‹·sis,</span> <span class='ocrx_word' id='word_1_98' title='bbox 525 931 672 976; x_wconf 74' lang='lat' dir='ltr'>magistro</span> <span class='ocrx_word' id='word_1_99' title='bbox 685 930 714 963; x_wconf 88' lang='lat' dir='ltr'>in</span> <span class='ocrx_word' id='word_1_100' title='bbox 727 929 860 972; x_wconf 83' lang='lat' dir='ltr'>artibus,</span> <span class='ocrx_word' id='word_1_101' title='bbox 875 941 984 963; x_wconf 84' lang='lat' dir='ltr'>eornm</span> <span class='ocrx_word' id='word_1_102' title='bbox 1000 928 1164 967; x_wconf 84' lang='lat' dir='ltr'>moderno,</span> 
     </span>
     <span class='ocr_line' id='line_1_23' title="bbox 413 978 1166 1027; baseline -0.003 -13"><span class='ocrx_word' id='word_1_103' title='bbox 413 994 467 1015; x_wconf 76' lang='lat' dir='ltr'>sen</span> <span class='ocrx_word' id='word_1_104' title='bbox 502 980 614 1027; x_wconf 68' lang='lat' dir='ltr'>quotis</span> <span class='ocrx_word' id='word_1_105' title='bbox 648 979 707 1013; x_wconf 88' lang='lat' dir='ltr'>alio</span> <span class='ocrx_word' id='word_1_106' title='bbox 737 979 856 1012; x_wconf 86' lang='lat' dir='ltr'>notario</span> <span class='ocrx_word' id='word_1_107' title='bbox 885 978 1029 1025; x_wconf 83' lang='lat' dir='ltr'>publico,</span> <span class='ocrx_word' id='word_1_108' title='bbox 1053 987 1083 1012; x_wconf 85' lang='lat' dir='ltr'>et</span> <span class='ocrx_word' id='word_1_109' title='bbox 1112 990 1166 1025; x_wconf 90' lang='lat' dir='ltr'>per</span> 
     </span>
     <span class='ocr_line' id='line_1_24' title="bbox 414 1027 1164 1076; baseline -0.003 -13"><span class='ocrx_word' id='word_1_110' title='bbox 414 1033 498 1076; x_wconf 79' lang='lat' dir='ltr'>ipsos</span> <span class='ocrx_word' id='word_1_111' title='bbox 523 1039 551 1063; x_wconf 85' lang='lat' dir='ltr'>et</span> <span class='ocrx_word' id='word_1_112' title='bbox 590 1027 764 1075; x_wconf 81' lang='lat' dir='ltr'>quemlibet</span> <span class='ocrx_word' id='word_1_113' title='bbox 799 1040 907 1062; x_wconf 90' lang='lat' dir='ltr'>eorum</span> <span class='ocrx_word' id='word_1_114' title='bbox 939 1040 994 1074; x_wconf 87' lang='lat' dir='ltr'>pro</span> <span class='ocrx_word' id='word_1_115' title='bbox 1023 1035 1164 1074; x_wconf 73' lang='lat' dir='ltr'>tempore</span> 
     </span>
     <span class='ocr_line' id='line_1_25' title="bbox 413 1077 1166 1127; baseline -0.004 -13"><span class='ocrx_word' id='word_1_116' title='bbox 413 1079 608 1127; x_wconf 78' lang='lat' dir='ltr'>deputandO,</span> <span class='ocrx_word' id='word_1_117' title='bbox 624 1078 653 1111; x_wconf 90' lang='lat' dir='ltr'>in</span> <span class='ocrx_word' id='word_1_118' title='bbox 672 1077 853 1124; x_wconf 67' lang='lat' dir='ltr'>provinciis,</span> <span class='ocrx_word' id='word_1_119' title='bbox 869 1077 1062 1118; x_wconf 71' lang='lat' dir='ltr'>civitatibus,</span> <span class='ocrx_word' id='word_1_120' title='bbox 1078 1077 1166 1112; x_wconf 89' lang='lat' dir='ltr'>dioe—</span> 
     </span>
     <span class='ocr_line' id='line_1_26' title="bbox 413 1126 1163 1173; baseline -0.004 -10"><span class='ocrx_word' id='word_1_121' title='bbox 413 1129 552 1169; x_wconf 74' lang='lat' dir='ltr'>cesibus,</span> <span class='ocrx_word' id='word_1_122' title='bbox 581 1127 672 1162; x_wconf 92' lang='lat' dir='ltr'>terris</span> <span class='ocrx_word' id='word_1_123' title='bbox 701 1134 730 1159; x_wconf 81' lang='lat' dir='ltr'>et</span> <span class='ocrx_word' id='word_1_124' title='bbox 754 1126 831 1161; x_wconf 83' lang='lat' dir='ltr'>loeis</span> <span class='ocrx_word' id='word_1_125' title='bbox 859 1126 1039 1173; x_wconf 84' lang='lat' dir='ltr'>praedictis,</span> <span class='ocrx_word' id='word_1_126' title='bbox 1058 1135 1163 1161; x_wconf 85' lang='lat' dir='ltr'>contra</span> 
     </span>
     <span class='ocr_line' id='line_1_27' title="bbox 413 1187 1166 1224; baseline -0.004 -11"><span class='ocrx_word' id='word_1_127' title='bbox 413 1189 631 1224; x_wconf 84' lang='lat' dir='ltr'>quascumque</span> <span class='ocrx_word' id='word_1_128' title='bbox 660 1188 824 1222; x_wconf 71' lang='lat' dir='ltr'>personas,</span> <span class='ocrx_word' id='word_1_129' title='bbox 841 1187 1070 1223; x_wconf 73' lang='lat' dir='ltr'>cuins-eumque</span> <span class='ocrx_word' id='word_1_130' title='bbox 1089 1188 1166 1210; x_wconf 92' lang='lat' dir='ltr'>eon-</span> 
     </span>
     <span class='ocr_line' id='line_1_28' title="bbox 413 1225 1166 1272; baseline -0.001 -12"><span class='ocrx_word' id='word_1_131' title='bbox 413 1228 541 1262; x_wconf 72' lang='lat' dir='ltr'>ditinnis</span> <span class='ocrx_word' id='word_1_132' title='bbox 564 1235 594 1260; x_wconf 80' lang='lat' dir='ltr'>et</span> <span class='ocrx_word' id='word_1_133' title='bbox 619 1225 873 1272; x_wconf 66' lang='lat' dir='ltr'>przeeminentiae</span> <span class='ocrx_word' id='word_1_134' title='bbox 898 1225 1023 1267; x_wconf 76' lang='lat' dir='ltr'>l&#39;tterint,</span> <span class='ocrx_word' id='word_1_135' title='bbox 1053 1225 1166 1259; x_wconf 78' lang='lat' dir='ltr'>huius—</span> 
     </span>
     <span class='ocr_line' id='line_1_29' title="bbox 413 1275 1166 1323; baseline -0.003 -12"><span class='ocrx_word' id='word_1_136' title='bbox 413 1277 496 1311; x_wconf 91' lang='lat' dir='ltr'>modi</span> <span class='ocrx_word' id='word_1_137' title='bbox 509 1275 720 1323; x_wconf 69' lang='lat' dir='ltr'>inquisitionis</span> <span class='ocrx_word' id='word_1_138' title='bbox 732 1275 868 1309; x_wconf 81' lang='lat' dir='ltr'>ollicinm</span> <span class='ocrx_word' id='word_1_139' title='bbox 879 1275 1004 1321; x_wconf 66' lang='lat' dir='ltr'>exequi3</span> <span class='ocrx_word' id='word_1_140' title='bbox 1018 1275 1166 1321; x_wconf 84' lang='lat' dir='ltr'>ipsasque</span> 
     </span>
     <span class='ocr_line' id='line_1_30' title="bbox 413 1323 1166 1372; baseline -0.003 -12"><span class='ocrx_word' id='word_1_141' title='bbox 413 1338 575 1372; x_wconf 78' lang='lat' dir='ltr'>personas,</span> <span class='ocrx_word' id='word_1_142' title='bbox 600 1336 679 1371; x_wconf 90' lang='lat' dir='ltr'>quas</span> <span class='ocrx_word' id='word_1_143' title='bbox 714 1324 743 1358; x_wconf 92' lang='lat' dir='ltr'>in</span> <span class='ocrx_word' id='word_1_144' title='bbox 783 1324 963 1370; x_wconf 73' lang='lat' dir='ltr'>praemissis</span> <span class='ocrx_word' id='word_1_145' title='bbox 990 1323 1166 1370; x_wconf 77' lang='lat' dir='ltr'>culpabiles</span> 
     </span>
     <span class='ocr_line' id='line_1_31' title="bbox 413 1373 1164 1422; baseline 0 -14"><span class='ocrx_word' id='word_1_146' title='bbox 413 1375 609 1422; x_wconf 69' lang='lat' dir='ltr'>reperierint,</span> <span class='ocrx_word' id='word_1_147' title='bbox 622 1374 703 1407; x_wconf 81' lang='lat' dir='ltr'>iuxta</span> <span class='ocrx_word' id='word_1_148' title='bbox 713 1385 820 1407; x_wconf 89' lang='lat' dir='ltr'>earum</span> <span class='ocrx_word' id='word_1_149' title='bbox 832 1373 984 1407; x_wconf 84' lang='lat' dir='ltr'>demerita</span> <span class='ocrx_word' id='word_1_150' title='bbox 994 1373 1164 1419; x_wconf 72' lang='lat' dir='ltr'>corrigere,</span> 
     </span>
     <span class='ocr_line' id='line_1_32' title="bbox 413 1421 995 1469; baseline -0.002 -12"><span class='ocrx_word' id='word_1_151' title='bbox 413 1425 619 1466; x_wconf 82' lang='lat' dir='ltr'>incarcerare,</span> <span class='ocrx_word' id='word_1_152' title='bbox 643 1423 755 1469; x_wconf 87' lang='lat' dir='ltr'>punire</span> <span class='ocrx_word' id='word_1_153' title='bbox 778 1430 806 1456; x_wconf 87' lang='lat' dir='ltr'>et</span> <span class='ocrx_word' id='word_1_154' title='bbox 830 1421 995 1457; x_wconf 73' lang='lat' dir='ltr'><strong>mulctare.</strong></span> 
     </span>
    </p>

    <p class='ocr_par' dir='ltr' id='par_1_6' title="bbox 409 1470 1165 1902">
     <span class='ocr_line' id='line_1_33' title="bbox 459 1470 1163 1521; baseline -0.004 -13"><span class='ocrx_word' id='word_1_155' title='bbox 459 1474 478 1521; x_wconf 63' lang='lat' dir='ltr'>g</span> <span class='ocrx_word' id='word_1_156' title='bbox 501 1478 532 1508; x_wconf 88' lang='lat'>5.</span> <span class='ocrx_word' id='word_1_157' title='bbox 561 1473 692 1507; x_wconf 81' lang='lat' dir='ltr'>Necnon</span> <span class='ocrx_word' id='word_1_158' title='bbox 717 1472 746 1506; x_wconf 95' lang='lat' dir='ltr'>in</span> <span class='ocrx_word' id='word_1_159' title='bbox 771 1471 904 1517; x_wconf 83' lang='lat' dir='ltr'>singulis</span> <span class='ocrx_word' id='word_1_160' title='bbox 933 1470 1163 1518; x_wconf 79' lang='lat' dir='ltr'>provinciarum</span> 
     </span>
     <span class='ocr_line' id='line_1_34' title="bbox 412 1520 1163 1568; baseline -0.003 -12"><span class='ocrx_word' id='word_1_161' title='bbox 412 1521 592 1557; x_wconf 81' lang='lat' dir='ltr'>huiusmodi</span> <span class='ocrx_word' id='word_1_162' title='bbox 616 1520 849 1568; x_wconf 75' lang='lat' dir='ltr'>parochialibus</span> <span class='ocrx_word' id='word_1_163' title='bbox 864 1520 1014 1555; x_wconf 85' lang='lat' dir='ltr'>Ecclesiis</span> <span class='ocrx_word' id='word_1_164' title='bbox 1034 1520 1163 1555; x_wconf 77' lang='lat' dir='ltr'>verbnm</span> 
     </span>
     <span class='ocr_line' id='line_1_35' title="bbox 410 1569 1164 1617; baseline -0.004 -10"><span class='ocrx_word' id='word_1_165' title='bbox 410 1572 467 1607; x_wconf 85' lang='lat' dir='ltr'>Dei</span> <span class='ocrx_word' id='word_1_166' title='bbox 496 1571 581 1606; x_wconf 87' lang='lat' dir='ltr'>fideli</span> <span class='ocrx_word' id='word_1_167' title='bbox 618 1571 744 1617; x_wconf 87' lang='lat' dir='ltr'>populo,</span> <span class='ocrx_word' id='word_1_168' title='bbox 767 1570 892 1617; x_wconf 86' lang='lat' dir='ltr'>quoties</span> <span class='ocrx_word' id='word_1_169' title='bbox 927 1569 1103 1617; x_wconf 79' lang='lat' dir='ltr'>expedierit</span> <span class='ocrx_word' id='word_1_170' title='bbox 1130 1581 1164 1604; x_wconf 88' lang='lat' dir='ltr'>ac</span> 
     </span>
     <span class='ocr_line' id='line_1_36' title="bbox 410 1618 1164 1666; baseline -0.003 -11"><span class='ocrx_word' id='word_1_171' title='bbox 410 1622 456 1655; x_wconf 81' lang='lat' dir='ltr'>eis</span> <span class='ocrx_word' id='word_1_172' title='bbox 478 1621 580 1655; x_wconf 75' lang='lat' dir='ltr'>risum</span> <span class='ocrx_word' id='word_1_173' title='bbox 604 1620 708 1663; x_wconf 80' lang='lat' dir='ltr'>suerit,</span> <span class='ocrx_word' id='word_1_174' title='bbox 735 1631 910 1666; x_wconf 77' lang='lat' dir='ltr'>proponere</span> <span class='ocrx_word' id='word_1_175' title='bbox 925 1627 956 1654; x_wconf 88' lang='lat' dir='ltr'>et</span> <span class='ocrx_word' id='word_1_176' title='bbox 972 1618 1164 1666; x_wconf 86' lang='lat' dir='ltr'>praedicare·‚</span> 
     </span>
     <span class='ocr_line' id='line_1_37' title="bbox 409 1668 1165 1717; baseline -0.004 -12"><span class='ocrx_word' id='word_1_177' title='bbox 409 1671 581 1717; x_wconf 80' lang='lat' dir='ltr'>omniaque</span> <span class='ocrx_word' id='word_1_178' title='bbox 609 1669 668 1703; x_wconf 89' lang='lat' dir='ltr'>alia</span> <span class='ocrx_word' id='word_1_179' title='bbox 703 1677 732 1703; x_wconf 86' lang='lat' dir='ltr'>et</span> <span class='ocrx_word' id='word_1_180' title='bbox 767 1668 888 1714; x_wconf 79' lang='lat' dir='ltr'>singula</span> <span class='ocrx_word' id='word_1_181' title='bbox 925 1669 953 1702; x_wconf 92' lang='lat' dir='ltr'>in</span> <span class='ocrx_word' id='word_1_182' title='bbox 985 1668 1165 1715; x_wconf 78' lang='lat' dir='ltr'>praemissis</span> 
     </span>
     <span class='ocr_line' id='line_1_38' title="bbox 409 1717 1164 1765; baseline -0.003 -11"><span class='ocrx_word' id='word_1_183' title='bbox 409 1729 438 1753; x_wconf 79' lang='lat' dir='ltr'>et</span> <span class='ocrx_word' id='word_1_184' title='bbox 457 1720 538 1754; x_wconf 75' lang='lat' dir='ltr'>circa</span> <span class='ocrx_word' id='word_1_185' title='bbox 553 1732 586 1754; x_wconf 89' lang='lat' dir='ltr'>ea</span> <span class='ocrx_word' id='word_1_186' title='bbox 605 1718 779 1753; x_wconf 68' lang='lat' dir='ltr'>necessaria</span> <span class='ocrx_word' id='word_1_187' title='bbox 802 1726 830 1752; x_wconf 87' lang='lat' dir='ltr'>et</span> <span class='ocrx_word' id='word_1_188' title='bbox 853 1726 1032 1765; x_wconf 88' lang='lat' dir='ltr'>opportuna</span> <span class='ocrx_word' id='word_1_189' title='bbox 1063 1717 1164 1752; x_wconf 81' lang='lat' dir='ltr'>facere</span> 
     </span>
     <span class='ocr_line' id='line_1_39' title="bbox 409 1766 1163 1814; baseline -0.004 -11"><span class='ocrx_word' id='word_1_190' title='bbox 409 1778 437 1803; x_wconf 86' lang='lat' dir='ltr'>et</span> <span class='ocrx_word' id='word_1_191' title='bbox 461 1768 607 1803; x_wconf 90' lang='lat' dir='ltr'>similiter</span> <span class='ocrx_word' id='word_1_192' title='bbox 625 1768 739 1814; x_wconf 75' lang='lat' dir='ltr'>exequi</span> <span class='ocrx_word' id='word_1_193' title='bbox 761 1767 859 1802; x_wconf 90' lang='lat' dir='ltr'>libere</span> <span class='ocrx_word' id='word_1_194' title='bbox 882 1776 910 1801; x_wconf 91' lang='lat' dir='ltr'>et</span> <span class='ocrx_word' id='word_1_195' title='bbox 935 1767 1016 1801; x_wconf 87' lang='lat' dir='ltr'>licite</span> <span class='ocrx_word' id='word_1_196' title='bbox 1030 1766 1163 1811; x_wconf 77' lang='lat' dir='ltr'>valeant,</span> 
     </span>
     <span class='ocr_line' id='line_1_40' title="bbox 410 1816 1163 1864; baseline -0.001 -13"><span class='ocrx_word' id='word_1_197' title='bbox 410 1818 534 1864; x_wconf 85' lang='lat' dir='ltr'>plenam</span> <span class='ocrx_word' id='word_1_198' title='bbox 559 1830 594 1852; x_wconf 85' lang='lat' dir='ltr'>ac</span> <span class='ocrx_word' id='word_1_199' title='bbox 617 1817 760 1856; x_wconf 77' lang='lat' dir='ltr'>liberam,</span> <span class='ocrx_word' id='word_1_200' title='bbox 776 1816 884 1850; x_wconf 87' lang='lat' dir='ltr'>eadem</span> <span class='ocrx_word' id='word_1_201' title='bbox 909 1816 1108 1860; x_wconf 73' lang='lat' dir='ltr'>auctoritate,</span> <span class='ocrx_word' id='word_1_202' title='bbox 1125 1816 1163 1850; x_wconf 89' lang='lat' dir='ltr'>de</span> 
     </span>
     <span class='ocr_line' id='line_1_41' title="bbox 410 1865 932 1902; baseline -0.006 0"><span class='ocrx_word' id='word_1_203' title='bbox 410 1879 490 1902; x_wconf 79' lang='lat' dir='ltr'>novo</span> <span class='ocrx_word' id='word_1_204' title='bbox 513 1866 719 1902; x_wconf 83' lang='lat' dir='ltr'>concedimus</span> <span class='ocrx_word' id='word_1_205' title='bbox 742 1865 932 1900; x_wconf 70' lang='lat' dir='ltr'>facultatem.</span> 
     </span>
    </p>

    <p class='ocr_par' dir='ltr' id='par_1_7' title="bbox 405 1913 1163 2656">
     <span class='ocr_line' id='line_1_42' title="bbox 456 1913 1162 1963; baseline -0.004 -12"><span class='ocrx_word' id='word_1_206' title='bbox 456 1916 476 1963; x_wconf 65' lang='lat' dir='ltr'>S</span> <span class='ocrx_word' id='word_1_207' title='bbox 503 1919 536 1951; x_wconf 76' lang='lat'>4.</span> <span class='ocrx_word' id='word_1_208' title='bbox 565 1916 606 1950; x_wconf 82' lang='lat' dir='ltr'>Et</span> <span class='ocrx_word' id='word_1_209' title='bbox 635 1914 840 1949; x_wconf 85' lang='lat' dir='ltr'>nibilominus</span> <span class='ocrx_word' id='word_1_210' title='bbox 874 1913 1041 1949; x_wconf 73' lang='lat' dir='ltr'>venerabili</span> <span class='ocrx_word' id='word_1_211' title='bbox 1078 1914 1162 1948; x_wconf 78' lang='lat' dir='ltr'>fratri</span> 
     </span>
     <span class='ocr_line' id='line_1_43' title="bbox 410 1963 1163 2012; baseline -0.004 -12"><span class='ocrx_word' id='word_1_212' title='bbox 410 1974 517 2000; x_wconf 86' lang='lat' dir='ltr'>nostro</span> <span class='ocrx_word' id='word_1_213' title='bbox 544 1965 696 2012; x_wconf 86' lang='lat' dir='ltr'>episcopo</span> <span class='ocrx_word' id='word_1_214' title='bbox 720 1963 964 2009; x_wconf 74' lang='lat' dir='ltr'>Argentinensi,</span> <span class='ocrx_word' id='word_1_215' title='bbox 1000 1975 1054 2009; x_wconf 90' lang='lat' dir='ltr'>pet·</span> <span class='ocrx_word' id='word_1_216' title='bbox 1087 1976 1163 2009; x_wconf 87' lang='lat' dir='ltr'>apo-</span> 
     </span>
     <span class='ocr_line' id='line_1_44' title="bbox 407 2012 1162 2061; baseline -0.003 -12"><span class='ocrx_word' id='word_1_217' title='bbox 407 2015 515 2049; x_wconf 85' lang='lat' dir='ltr'>stolica</span> <span class='ocrx_word' id='word_1_218' title='bbox 545 2015 660 2061; x_wconf 88' lang='lat' dir='ltr'>scripta</span> <span class='ocrx_word' id='word_1_219' title='bbox 686 2014 872 2047; x_wconf 87' lang='lat' dir='ltr'>mandamus</span> <span class='ocrx_word' id='word_1_220' title='bbox 894 2020 1051 2060; x_wconf 85' lang='lat' dir='ltr'>qnatenus</span> <span class='ocrx_word' id='word_1_221' title='bbox 1075 2012 1162 2059; x_wconf 79' lang='lat' dir='ltr'>ipse,</span> 
     </span>
     <span class='ocr_line' id='line_1_45' title="bbox 408 2062 1163 2110; baseline 0 -13"><span class='ocrx_word' id='word_1_222' title='bbox 408 2077 463 2110; x_wconf 89' lang='lat' dir='ltr'>per</span> <span class='ocrx_word' id='word_1_223' title='bbox 485 2077 518 2098; x_wconf 87' lang='lat' dir='ltr'>se</span> <span class='ocrx_word' id='word_1_224' title='bbox 543 2063 587 2097; x_wconf 82' lang='lat' dir='ltr'>vel</span> <span class='ocrx_word' id='word_1_225' title='bbox 605 2075 658 2109; x_wconf 84' lang='lat' dir='ltr'>per</span> <span class='ocrx_word' id='word_1_226' title='bbox 671 2063 766 2097; x_wconf 91' lang='lat' dir='ltr'>alium</span> <span class='ocrx_word' id='word_1_227' title='bbox 790 2075 844 2097; x_wconf 77' lang='lat' dir='ltr'>seu</span> <span class='ocrx_word' id='word_1_228' title='bbox 869 2062 957 2101; x_wconf 86' lang='lat' dir='ltr'>alios,</span> <span class='ocrx_word' id='word_1_229' title='bbox 979 2063 1163 2108; x_wconf 86' lang='lat' dir='ltr'>praemissa,</span> 
     </span>
     <span class='ocr_line' id='line_1_46' title="bbox 408 2112 1163 2160; baseline -0.001 -13"><span class='ocrx_word' id='word_1_230' title='bbox 408 2113 473 2156; x_wconf 87' lang='lat' dir='ltr'>nbi,</span> <span class='ocrx_word' id='word_1_231' title='bbox 488 2113 617 2160; x_wconf 90' lang='lat' dir='ltr'>quando</span> <span class='ocrx_word' id='word_1_232' title='bbox 645 2121 673 2147; x_wconf 88' lang='lat' dir='ltr'>et</span> <span class='ocrx_word' id='word_1_233' title='bbox 701 2114 848 2159; x_wconf 78' lang='lat' dir='ltr'>quotiens</span> <span class='ocrx_word' id='word_1_234' title='bbox 871 2112 1020 2158; x_wconf 84' lang='lat' dir='ltr'>expedire</span> <span class='ocrx_word' id='word_1_235' title='bbox 1043 2124 1163 2158; x_wconf 78' lang='lat' dir='ltr'>cogno—</span> 
     </span>
     <span class='ocr_line' id='line_1_47' title="bbox 408 2162 1160 2209; baseline -0.001 -13"><span class='ocrx_word' id='word_1_236' title='bbox 408 2164 502 2202; x_wconf 81' lang='lat' dir='ltr'>verit,</span> <span class='ocrx_word' id='word_1_237' title='bbox 536 2163 710 2209; x_wconf 74' lang='lat' dir='ltr'>fueritque,</span> <span class='ocrx_word' id='word_1_238' title='bbox 735 2174 789 2208; x_wconf 91' lang='lat' dir='ltr'>pro</span> <span class='ocrx_word' id='word_1_239' title='bbox 821 2170 909 2208; x_wconf 81' lang='lat' dir='ltr'>parte</span> <span class='ocrx_word' id='word_1_240' title='bbox 938 2162 1160 2208; x_wconf 78' lang='lat' dir='ltr'>inquisitorum</span> 
     </span>
     <span class='ocr_line' id='line_1_48' title="bbox 407 2211 1162 2257; baseline -0.001 -12"><span class='ocrx_word' id='word_1_241' title='bbox 407 2212 590 2247; x_wconf 81' lang='lat' dir='ltr'>huiusmodi</span> <span class='ocrx_word' id='word_1_242' title='bbox 618 2223 672 2246; x_wconf 88' lang='lat' dir='ltr'>seu</span> <span class='ocrx_word' id='word_1_243' title='bbox 701 2211 830 2246; x_wconf 75' lang='lat' dir='ltr'>alterins</span> <span class='ocrx_word' id='word_1_244' title='bbox 865 2223 994 2254; x_wconf 78' lang='lat' dir='ltr'>eorum,</span> <span class='ocrx_word' id='word_1_245' title='bbox 1023 2211 1162 2257; x_wconf 82' lang='lat' dir='ltr'>legitime</span> 
     </span>
     <span class='ocr_line' id='line_1_49' title="bbox 408 2260 1162 2308; baseline -0.001 -13"><span class='ocrx_word' id='word_1_246' title='bbox 408 2262 588 2308; x_wconf 82' lang='lat' dir='ltr'>requisitus,</span> <span class='ocrx_word' id='word_1_247' title='bbox 608 2261 793 2296; x_wconf 82' lang='lat' dir='ltr'>solemniter</span> <span class='ocrx_word' id='word_1_248' title='bbox 817 2260 994 2307; x_wconf 76' lang='lat' dir='ltr'>publicans,</span> <span class='ocrx_word' id='word_1_249' title='bbox 1011 2272 1073 2294; x_wconf 92' lang='lat' dir='ltr'>non</span> <span class='ocrx_word' id='word_1_250' title='bbox 1090 2272 1162 2306; x_wconf 90' lang='lat' dir='ltr'>pet·-</span> 
     </span>
     <span class='ocr_line' id='line_1_50' title="bbox 408 2310 1160 2357; baseline -0.001 -13"><span class='ocrx_word' id='word_1_251' title='bbox 408 2312 507 2345; x_wconf 85' lang='lat' dir='ltr'>utittat</span> <span class='ocrx_word' id='word_1_252' title='bbox 539 2323 592 2345; x_wconf 84' lang='lat' dir='ltr'>cos</span> <span class='ocrx_word' id='word_1_253' title='bbox 622 2322 676 2357; x_wconf 87' lang='lat' dir='ltr'>per</span> <span class='ocrx_word' id='word_1_254' title='bbox 711 2322 931 2357; x_wconf 79' lang='lat' dir='ltr'>quoscumque</span> <span class='ocrx_word' id='word_1_255' title='bbox 966 2322 1063 2356; x_wconf 83' lang='lat' dir='ltr'>supet·</span> <span class='ocrx_word' id='word_1_256' title='bbox 1103 2310 1160 2343; x_wconf 60' lang='grc'>110(-</span> 
     </span>
     <span class='ocr_line' id='line_1_51' title="bbox 406 2359 1161 2407; baseline -0.001 -12"><span class='ocrx_word' id='word_1_257' title='bbox 406 2368 514 2395; x_wconf 83' lang='lat' dir='ltr'>contra</span> <span class='ocrx_word' id='word_1_258' title='bbox 539 2360 768 2407; x_wconf 82' lang='lat' dir='ltr'>praedictarum</span> <span class='ocrx_word' id='word_1_259' title='bbox 799 2369 828 2395; x_wconf 85' lang='lat' dir='ltr'>et</span> <span class='ocrx_word' id='word_1_260' title='bbox 853 2360 1067 2407; x_wconf 84' lang='lat' dir='ltr'>praesentium</span> <span class='ocrx_word' id='word_1_261' title='bbox 1092 2359 1161 2394; x_wconf 89' lang='lat' dir='ltr'>litc-</span> 
     </span>
     <span class='ocr_line' id='line_1_52' title="bbox 408 2409 1161 2457; baseline 0 -14"><span class='ocrx_word' id='word_1_262' title='bbox 408 2422 509 2444; x_wconf 88' lang='lat' dir='ltr'>rarum</span> <span class='ocrx_word' id='word_1_263' title='bbox 535 2418 688 2454; x_wconf 81' lang='lat' dir='ltr'>tenorem,</span> <span class='ocrx_word' id='word_1_264' title='bbox 711 2410 822 2457; x_wconf 87' lang='lat' dir='ltr'>quavis</span> <span class='ocrx_word' id='word_1_265' title='bbox 843 2410 1027 2445; x_wconf 86' lang='lat' dir='ltr'>auctoritate</span> <span class='ocrx_word' id='word_1_266' title='bbox 1057 2409 1161 2443; x_wconf 83' lang='lat' dir='ltr'>mole-</span> 
     </span>
     <span class='ocr_line' id='line_1_53' title="bbox 405 2458 1159 2506; baseline -0.004 -13"><span class='ocrx_word' id='word_1_267' title='bbox 405 2459 478 2493; x_wconf 85' lang='lat' dir='ltr'>stari</span> <span class='ocrx_word' id='word_1_268' title='bbox 507 2471 562 2494; x_wconf 87' lang='lat' dir='ltr'>sen</span> <span class='ocrx_word' id='word_1_269' title='bbox 599 2459 674 2494; x_wconf 86' lang='lat' dir='ltr'>alias</span> <span class='ocrx_word' id='word_1_270' title='bbox 710 2459 949 2506; x_wconf 78' lang='lat' dir='ltr'>quomodolibet</span> <span class='ocrx_word' id='word_1_271' title='bbox 989 2458 1159 2505; x_wconf 84' lang='lat' dir='ltr'>impediri:</span> 
     </span>
     <span class='ocr_line' id='line_1_54' title="bbox 406 2507 1159 2556; baseline -0.001 -14"><span class='ocrx_word' id='word_1_272' title='bbox 406 2508 625 2544; x_wconf 69' lang='lat' dir='ltr'>molestatores</span> <span class='ocrx_word' id='word_1_273' title='bbox 644 2517 674 2543; x_wconf 86' lang='lat' dir='ltr'>et</span> <span class='ocrx_word' id='word_1_274' title='bbox 695 2509 901 2556; x_wconf 79' lang='lat' dir='ltr'>impedientes</span> <span class='ocrx_word' id='word_1_275' title='bbox 923 2517 950 2543; x_wconf 92' lang='lat' dir='ltr'>et</span> <span class='ocrx_word' id='word_1_276' title='bbox 975 2507 1159 2544; x_wconf 79' lang='lat' dir='ltr'>contradic-</span> 
     </span>
     <span class='ocr_line' id='line_1_55' title="bbox 406 2558 1160 2606; baseline -0.003 -13"><span class='ocrx_word' id='word_1_277' title='bbox 406 2567 489 2593; x_wconf 86' lang='lat' dir='ltr'>tores</span> <span class='ocrx_word' id='word_1_278' title='bbox 517 2558 674 2606; x_wconf 87' lang='lat' dir='ltr'>quoslibet</span> <span class='ocrx_word' id='word_1_279' title='bbox 709 2568 737 2593; x_wconf 87' lang='lat' dir='ltr'>et</span> <span class='ocrx_word' id='word_1_280' title='bbox 761 2558 906 2604; x_wconf 75' lang='lat' dir='ltr'>rebelles,</span> <span class='ocrx_word' id='word_1_281' title='bbox 929 2559 1160 2605; x_wconf 83' lang='lat' dir='ltr'>cuiuscumque</span> 
     </span>
     <span class='ocr_line' id='line_1_56' title="bbox 408 2607 1159 2656; baseline -0.001 -13"><span class='ocrx_word' id='word_1_282' title='bbox 408 2607 577 2656; x_wconf 79' lang='lat' dir='ltr'>dignitatis,</span> <span class='ocrx_word' id='word_1_283' title='bbox 601 2616 711 2653; x_wconf 79' lang='lat' dir='ltr'>status,</span> <span class='ocrx_word' id='word_1_284' title='bbox 734 2611 863 2655; x_wconf 80' lang='lat' dir='ltr'>gradus,</span> <span class='ocrx_word' id='word_1_285' title='bbox 888 2607 1159 2656; x_wconf 60' lang='lat' dir='ltr'>prteemineutiae,</span> 
     </span>
    </p>
   </div>
   <div class='ocr_carea' id='block_1_6' title="bbox 1007 231 1377 253">
    <p class='ocr_par' dir='ltr' id='par_1_8' title="bbox 1007 231 1377 253">
     <span class='ocr_line' id='line_1_57' title="bbox 1007 231 1377 253; baseline 0 -1"><span class='ocrx_word' id='word_1_286' title='bbox 1007 232 1192 253; x_wconf 68' lang='lat' dir='ltr'>nt&#39;tJAtttt&#39;M</span> <span class='ocrx_word' id='word_1_287' title='bbox 1218 231 1342 253; x_wconf 61' lang='lat' dir='ltr'>ttiutut</span> <span class='ocrx_word' id='word_1_288' title='bbox 1356 233 1377 253; x_wconf 75' lang='lat' dir='ltr'><strong>M</strong></span> 
     </span>
    </p>
   </div>
   <div class='ocr_carea' id='block_1_7' title="bbox 1207 282 1965 1367">
    <p class='ocr_par' dir='ltr' id='par_1_9' title="bbox 1207 282 1965 912">
     <span class='ocr_line' id='line_1_58' title="bbox 1210 282 1963 320; baseline -0.003 -2"><span class='ocrx_word' id='word_1_289' title='bbox 1210 286 1379 320; x_wconf 77' lang='lat' dir='ltr'>nobilitatis</span> <span class='ocrx_word' id='word_1_290' title='bbox 1401 293 1431 319; x_wconf 91' lang='lat' dir='ltr'>et</span> <span class='ocrx_word' id='word_1_291' title='bbox 1458 283 1663 320; x_wconf 81' lang='lat' dir='ltr'>excellentiae</span> <span class='ocrx_word' id='word_1_292' title='bbox 1697 292 1749 318; x_wconf 87' lang='lat' dir='ltr'>ant</span> <span class='ocrx_word' id='word_1_293' title='bbox 1773 282 1963 318; x_wconf 85' lang='lat' dir='ltr'>conditionis</span> 
     </span>
     <span class='ocr_line' id='line_1_59' title="bbox 1209 332 1962 381; baseline -0.004 -13"><span class='ocrx_word' id='word_1_294' title='bbox 1209 335 1335 377; x_wconf 77' lang='lat' dir='ltr'>suerint,</span> <span class='ocrx_word' id='word_1_295' title='bbox 1358 343 1387 369; x_wconf 86' lang='lat' dir='ltr'>et</span> <span class='ocrx_word' id='word_1_296' title='bbox 1410 346 1611 381; x_wconf 87' lang='lat' dir='ltr'>quocumque</span> <span class='ocrx_word' id='word_1_297' title='bbox 1638 333 1850 380; x_wconf 76' lang='lat' dir='ltr'>exemptionis</span> <span class='ocrx_word' id='word_1_298' title='bbox 1873 332 1962 379; x_wconf 87' lang='lat' dir='ltr'>privi-</span> 
     </span>
     <span class='ocr_line' id='line_1_60' title="bbox 1210 382 1965 430; baseline -0.004 -12"><span class='ocrx_word' id='word_1_299' title='bbox 1210 385 1289 430; x_wconf 80' lang='lat' dir='ltr'>legio</span> <span class='ocrx_word' id='word_1_300' title='bbox 1307 384 1369 418; x_wconf 89' lang='lat' dir='ltr'>sint</span> <span class='ocrx_word' id='word_1_301' title='bbox 1387 384 1512 426; x_wconf 82' lang='lat' dir='ltr'>muniti,</span> <span class='ocrx_word' id='word_1_302' title='bbox 1536 396 1591 430; x_wconf 88' lang='lat' dir='ltr'>per</span> <span class='ocrx_word' id='word_1_303' title='bbox 1612 382 1965 421; x_wconf 82' lang='lat' dir='ltr'>excommunicationis,</span> 
     </span>
     <span class='ocr_line' id='line_1_61' title="bbox 1209 431 1960 480; baseline -0.003 -14"><span class='ocrx_word' id='word_1_304' title='bbox 1209 434 1428 480; x_wconf 75' lang='lat' dir='ltr'>suspensionis</span> <span class='ocrx_word' id='word_1_305' title='bbox 1451 441 1481 467; x_wconf 90' lang='lat' dir='ltr'>et</span> <span class='ocrx_word' id='word_1_306' title='bbox 1505 432 1685 472; x_wconf 79' lang='lat' dir='ltr'>interdicti,</span> <span class='ocrx_word' id='word_1_307' title='bbox 1708 444 1744 467; x_wconf 88' lang='lat' dir='ltr'>ac</span> <span class='ocrx_word' id='word_1_308' title='bbox 1765 431 1841 467; x_wconf 88' lang='lat' dir='ltr'>alias</span> <span class='ocrx_word' id='word_1_309' title='bbox 1868 431 1960 466; x_wconf 79' lang='lat' dir='ltr'>etiam</span> 
     </span>
     <span class='ocr_line' id='line_1_62' title="bbox 1209 480 1962 529; baseline -0.003 -12"><span class='ocrx_word' id='word_1_310' title='bbox 1209 483 1471 517; x_wconf 75' lang='lat' dir='ltr'>l&#39;ortnidabiliores</span> <span class='ocrx_word' id='word_1_311' title='bbox 1497 482 1548 525; x_wconf 78' lang='lat' dir='ltr'>(de</span> <span class='ocrx_word' id='word_1_312' title='bbox 1574 482 1691 529; x_wconf 90' lang='lat' dir='ltr'>quibus</span> <span class='ocrx_word' id='word_1_313' title='bbox 1713 481 1772 515; x_wconf 89' lang='lat' dir='ltr'>sibi</span> <span class='ocrx_word' id='word_1_314' title='bbox 1797 480 1962 524; x_wconf 81' lang='lat' dir='ltr'>videbitur)</span> 
     </span>
     <span class='ocr_line' id='line_1_63' title="bbox 1208 531 1962 578; baseline -0.004 -11"><span class='ocrx_word' id='word_1_315' title='bbox 1208 533 1391 572; x_wconf 82' lang='lat' dir='ltr'>sententias,</span> <span class='ocrx_word' id='word_1_316' title='bbox 1414 544 1565 566; x_wconf 85' lang='lat' dir='ltr'>censuras</span> <span class='ocrx_word' id='word_1_317' title='bbox 1587 539 1617 566; x_wconf 89' lang='lat' dir='ltr'>et</span> <span class='ocrx_word' id='word_1_318' title='bbox 1640 542 1770 578; x_wconf 80' lang='lat' dir='ltr'>poenas,</span> <span class='ocrx_word' id='word_1_319' title='bbox 1797 531 1882 565; x_wconf 90' lang='lat' dir='ltr'>omni</span> <span class='ocrx_word' id='word_1_320' title='bbox 1899 542 1962 577; x_wconf 91' lang='lat' dir='ltr'>ap-</span> 
     </span>
     <span class='ocr_line' id='line_1_64' title="bbox 1211 579 1964 628; baseline -0.004 -12"><span class='ocrx_word' id='word_1_321' title='bbox 1211 582 1379 628; x_wconf 85' lang='lat' dir='ltr'>pellatione</span> <span class='ocrx_word' id='word_1_322' title='bbox 1419 581 1616 627; x_wconf 82' lang='lat' dir='ltr'>postposita,</span> <span class='ocrx_word' id='word_1_323' title='bbox 1651 579 1907 627; x_wconf 86' lang='lat' dir='ltr'>compescendo,</span> <span class='ocrx_word' id='word_1_324' title='bbox 1933 587 1964 614; x_wconf 87' lang='lat' dir='ltr'>et</span> 
     </span>
     <span class='ocr_line' id='line_1_65' title="bbox 1208 629 1963 677; baseline -0.004 -11"><span class='ocrx_word' id='word_1_325' title='bbox 1208 632 1300 666; x_wconf 82' lang='lat' dir='ltr'>etiam</span> <span class='ocrx_word' id='word_1_326' title='bbox 1325 631 1475 677; x_wconf 80' lang='lat' dir='ltr'>legitimis</span> <span class='ocrx_word' id='word_1_327' title='bbox 1502 642 1596 676; x_wconf 84' lang='lat' dir='ltr'>super</span> <span class='ocrx_word' id='word_1_328' title='bbox 1632 629 1680 663; x_wconf 79' lang='lat' dir='ltr'>liis</span> <span class='ocrx_word' id='word_1_329' title='bbox 1716 641 1771 676; x_wconf 87' lang='lat' dir='ltr'>per</span> <span class='ocrx_word' id='word_1_330' title='bbox 1800 641 1872 664; x_wconf 86' lang='lat' dir='ltr'>eum</span> <span class='ocrx_word' id='word_1_331' title='bbox 1895 640 1963 664; x_wconf 85' lang='lat' dir='ltr'>ser-</span> 
     </span>
     <span class='ocr_line' id='line_1_66' title="bbox 1209 679 1963 727; baseline -0.003 -13"><span class='ocrx_word' id='word_1_332' title='bbox 1209 681 1317 716; x_wconf 82' lang='lat' dir='ltr'>vandis</span> <span class='ocrx_word' id='word_1_333' title='bbox 1352 679 1554 727; x_wconf 79' lang='lat' dir='ltr'>processibus</span> <span class='ocrx_word' id='word_1_334' title='bbox 1576 679 1746 713; x_wconf 88' lang='lat' dir='ltr'>sententias</span> <span class='ocrx_word' id='word_1_335' title='bbox 1773 679 1963 726; x_wconf 90' lang='lat' dir='ltr'>ipsas(quo-</span> 
     </span>
     <span class='ocr_line' id='line_1_67' title="bbox 1209 729 1963 775; baseline -0.004 -10"><span class='ocrx_word' id='word_1_336' title='bbox 1209 731 1289 765; x_wconf 89' lang='lat' dir='ltr'>tiens</span> <span class='ocrx_word' id='word_1_337' title='bbox 1303 742 1384 775; x_wconf 88' lang='lat' dir='ltr'>opus</span> <span class='ocrx_word' id='word_1_338' title='bbox 1404 729 1506 773; x_wconf 82' lang='lat' dir='ltr'>fucrit)</span> <span class='ocrx_word' id='word_1_339' title='bbox 1523 740 1689 774; x_wconf 78' lang='lat' dir='ltr'>aggravare</span> <span class='ocrx_word' id='word_1_340' title='bbox 1703 736 1733 762; x_wconf 85' lang='lat' dir='ltr'>et</span> <span class='ocrx_word' id='word_1_341' title='bbox 1749 739 1963 774; x_wconf 79' lang='lat' dir='ltr'>reaggravare,</span> 
     </span>
     <span class='ocr_line' id='line_1_68' title="bbox 1207 777 1961 824; baseline -0.005 -10"><span class='ocrx_word' id='word_1_342' title='bbox 1207 779 1390 814; x_wconf 80' lang='lat' dir='ltr'>auctoritate</span> <span class='ocrx_word' id='word_1_343' title='bbox 1419 786 1523 813; x_wconf 88' lang='lat' dir='ltr'>nostra</span> <span class='ocrx_word' id='word_1_344' title='bbox 1553 786 1723 824; x_wconf 76' lang='lat' dir='ltr'>procuret,</span> <span class='ocrx_word' id='word_1_345' title='bbox 1753 777 1897 812; x_wconf 85' lang='lat' dir='ltr'>invocato</span> <span class='ocrx_word' id='word_1_346' title='bbox 1924 778 1961 811; x_wconf 90' lang='lat' dir='ltr'>ad</span> 
     </span>
     <span class='ocr_line' id='line_1_69' title="bbox 1209 825 1963 876; baseline -0.004 -13"><span class='ocrx_word' id='word_1_347' title='bbox 1209 829 1267 863; x_wconf 81' lang='lat' dir='ltr'>boe</span> <span class='ocrx_word' id='word_1_348' title='bbox 1284 857 1293 872; x_wconf 83' lang='lat'>,</span> <span class='ocrx_word' id='word_1_349' title='bbox 1315 829 1339 863; x_wconf 92' lang='lat' dir='ltr'>si</span> <span class='ocrx_word' id='word_1_350' title='bbox 1369 841 1450 876; x_wconf 89' lang='lat' dir='ltr'>opus</span> <span class='ocrx_word' id='word_1_351' title='bbox 1472 827 1587 871; x_wconf 85' lang='lat' dir='ltr'>suerit,</span> <span class='ocrx_word' id='word_1_352' title='bbox 1610 827 1724 861; x_wconf 83' lang='lat' dir='ltr'>auxilio</span> <span class='ocrx_word' id='word_1_353' title='bbox 1748 825 1864 861; x_wconf 88' lang='lat' dir='ltr'>brachii</span> <span class='ocrx_word' id='word_1_354' title='bbox 1892 838 1963 861; x_wconf 87' lang='lat' dir='ltr'>sae-</span> 
     </span>
     <span class='ocr_line' id='line_1_70' title="bbox 1208 878 1334 912; baseline -0.008 0"><span class='ocrx_word' id='word_1_355' title='bbox 1208 878 1334 912; x_wconf 83' lang='lat' dir='ltr'>cularis.</span> 
     </span>
    </p>

    <p class='ocr_par' dir='ltr' id='par_1_10' title="bbox 1208 925 1963 1072">
     <span class='ocr_line' id='line_1_71' title="bbox 1256 925 1962 974; baseline -0.003 -12"><span class='ocrx_word' id='word_1_356' title='bbox 1256 929 1277 974; x_wconf 50' lang='grc' dir='ltr'>ᾗ</span> <span class='ocrx_word' id='word_1_357' title='bbox 1308 932 1339 962; x_wconf 81' lang='lat'>5.</span> <span class='ocrx_word' id='word_1_358' title='bbox 1368 927 1436 961; x_wconf 82' lang='lat' dir='ltr'>Non</span> <span class='ocrx_word' id='word_1_359' title='bbox 1472 925 1673 960; x_wconf 85' lang='lat' dir='ltr'>obstantibus</span> <span class='ocrx_word' id='word_1_360' title='bbox 1710 925 1894 972; x_wconf 88' lang='lat' dir='ltr'>praemissis</span> <span class='ocrx_word' id='word_1_361' title='bbox 1926 937 1962 960; x_wconf 86' lang='lat' dir='ltr'>ac</span> 
     </span>
     <span class='ocr_line' id='line_1_72' title="bbox 1208 974 1963 1021; baseline -0.004 -9"><span class='ocrx_word' id='word_1_362' title='bbox 1208 975 1490 1012; x_wconf 87' lang='lat' dir='ltr'>constitutionibus</span> <span class='ocrx_word' id='word_1_363' title='bbox 1511 984 1541 1010; x_wconf 86' lang='lat' dir='ltr'>ct</span> <span class='ocrx_word' id='word_1_364' title='bbox 1564 974 1819 1009; x_wconf 83' lang='lat' dir='ltr'>ordinationibus</span> <span class='ocrx_word' id='word_1_365' title='bbox 1841 983 1963 1021; x_wconf 86' lang='lat' dir='ltr'>aposto—</span> 
     </span>
     <span class='ocr_line' id='line_1_73' title="bbox 1209 1024 1837 1072; baseline -0.005 -12"><span class='ocrx_word' id='word_1_366' title='bbox 1209 1027 1276 1061; x_wconf 81' lang='lat' dir='ltr'>licis</span> <span class='ocrx_word' id='word_1_367' title='bbox 1312 1025 1477 1061; x_wconf 87' lang='lat' dir='ltr'>contrariis</span> <span class='ocrx_word' id='word_1_368' title='bbox 1503 1024 1758 1072; x_wconf 87' lang='lat' dir='ltr'>qnibuseumque</span> <span class='ocrx_word' id='word_1_369' title='bbox 1783 1031 1837 1058; x_wconf 87' lang='lat' dir='ltr'>etc.</span> 
     </span>
    </p>

    <p class='ocr_par' dir='ltr' id='par_1_11' title="bbox 1257 1075 1814 1120">
     <span class='ocr_line' id='line_1_74' title="bbox 1257 1075 1814 1120; baseline -0.009 -10"><span class='ocrx_word' id='word_1_370' title='bbox 1257 1075 1341 1110; x_wconf 89' lang='lat' dir='ltr'>Nulli</span> <span class='ocrx_word' id='word_1_371' title='bbox 1365 1086 1441 1120; x_wconf 82' lang='lat' dir='ltr'>ergo</span> <span class='ocrx_word' id='word_1_372' title='bbox 1462 1082 1515 1108; x_wconf 86' lang='lat' dir='ltr'>etc.</span> <span class='ocrx_word' id='word_1_373' title='bbox 1810 1082 1814 1084; x_wconf 60' lang='grc'><strong>“</strong></span> 
     </span>
    </p>

    <p class='ocr_par' dir='ltr' id='par_1_12' title="bbox 1257 1125 1462 1172">
     <span class='ocr_line' id='line_1_75' title="bbox 1257 1125 1462 1172; baseline -0.01 -13"><span class='ocrx_word' id='word_1_374' title='bbox 1257 1125 1290 1159; x_wconf 83' lang='lat' dir='ltr'>Si</span> <span class='ocrx_word' id='word_1_375' title='bbox 1314 1125 1386 1172; x_wconf 87' lang='lat' dir='ltr'>quis</span> <span class='ocrx_word' id='word_1_376' title='bbox 1407 1131 1462 1158; x_wconf 86' lang='lat' dir='ltr'>etc.</span> 
     </span>
    </p>

    <p class='ocr_par' dir='ltr' id='par_1_13' title="bbox 1207 1171 1962 1367">
     <span class='ocr_line' id='line_1_76' title="bbox 1258 1171 1961 1219; baseline -0.006 -10"><span class='ocrx_word' id='word_1_377' title='bbox 1258 1175 1372 1209; x_wconf 88' lang='lat' dir='ltr'>Datum</span> <span class='ocrx_word' id='word_1_378' title='bbox 1397 1173 1516 1207; x_wconf 82' lang='lat' dir='ltr'>Romae</span> <span class='ocrx_word' id='word_1_379' title='bbox 1540 1172 1622 1219; x_wconf 94' lang='lat' dir='ltr'>apud</span> <span class='ocrx_word' id='word_1_380' title='bbox 1646 1171 1800 1206; x_wconf 86' lang='lat' dir='ltr'>Sanctum</span> <span class='ocrx_word' id='word_1_381' title='bbox 1819 1171 1961 1211; x_wconf 75' lang='lat' dir='ltr'>Petrum,</span> 
     </span>
     <span class='ocr_line' id='line_1_77' title="bbox 1207 1221 1962 1258; baseline -0.004 0"><span class='ocrx_word' id='word_1_382' title='bbox 1207 1236 1290 1258; x_wconf 91' lang='lat' dir='ltr'>anuo</span> <span class='ocrx_word' id='word_1_383' title='bbox 1314 1223 1542 1258; x_wconf 75' lang='lat' dir='ltr'>{incarnationis</span> <span class='ocrx_word' id='word_1_384' title='bbox 1577 1222 1757 1256; x_wconf 78' lang='lat' dir='ltr'>dominicae</span> <span class='ocrx_word' id='word_1_385' title='bbox 1794 1221 1962 1255; x_wconf 87' lang='lat' dir='ltr'>millesimo</span> 
     </span>
     <span class='ocr_line' id='line_1_78' title="bbox 1207 1271 1959 1320; baseline -0.003 -14"><span class='ocrx_word' id='word_1_386' title='bbox 1207 1272 1526 1320; x_wconf 79' lang='lat' dir='ltr'>quadringentesimo</span> <span class='ocrx_word' id='word_1_387' title='bbox 1571 1271 1786 1317; x_wconf 81' lang='lat' dir='ltr'>octuagesimo</span> <span class='ocrx_word' id='word_1_388' title='bbox 1829 1279 1959 1317; x_wconf 83' lang='lat' dir='ltr'>quarto,</span> 
     </span>
     <span class='ocr_line' id='line_1_79' title="bbox 1209 1320 1959 1367; baseline -0.004 -11"><span class='ocrx_word' id='word_1_389' title='bbox 1209 1323 1301 1357; x_wconf 92' lang='lat' dir='ltr'>nonis</span> <span class='ocrx_word' id='word_1_390' title='bbox 1322 1321 1515 1361; x_wconf 73' lang='lat' dir='ltr'>decembris,</span> <span class='ocrx_word' id='word_1_391' title='bbox 1537 1320 1737 1367; x_wconf 87' lang='lat' dir='ltr'>pontilieatus</span> <span class='ocrx_word' id='word_1_392' title='bbox 1753 1321 1850 1355; x_wconf 90' lang='lat' dir='ltr'>nostri</span> <span class='ocrx_word' id='word_1_393' title='bbox 1868 1332 1919 1354; x_wconf 88' lang='lat' dir='ltr'>an.</span> <span class='ocrx_word' id='word_1_394' title='bbox 1938 1332 1959 1354; x_wconf 89' lang='grc' dir='ltr'>ι.</span> 
     </span>
    </p>
   </div>
   <div class='ocr_carea' id='block_1_8' title="bbox 1248 1383 1925 1422">
    <p class='ocr_par' dir='ltr' id='par_1_14' title="bbox 1248 1383 1925 1422">
     <span class='ocr_line' id='line_1_80' title="bbox 1248 1383 1925 1422; baseline -0.003 -7"><span class='ocrx_word' id='word_1_395' title='bbox 1248 1384 1307 1415; x_wconf 87' lang='lat' dir='ltr'>Dat.</span> <span class='ocrx_word' id='word_1_396' title='bbox 1324 1385 1370 1415; x_wconf 85' lang='lat' dir='ltr'>die</span> <span class='ocrx_word' id='word_1_397' title='bbox 1389 1385 1406 1414; x_wconf 87' lang='lat'>5</span> <span class='ocrx_word' id='word_1_398' title='bbox 1425 1383 1593 1414; x_wconf 81' lang='lat' dir='ltr'>decembris</span> <span class='ocrx_word' id='word_1_399' title='bbox 1613 1383 1696 1421; x_wconf 66' lang='lat'>1484,</span> <span class='ocrx_word' id='word_1_400' title='bbox 1713 1388 1791 1422; x_wconf 89' lang='lat' dir='ltr'>pont.</span> <span class='ocrx_word' id='word_1_401' title='bbox 1811 1393 1886 1413; x_wconf 86' lang='lat' dir='ltr'>anno</span> <span class='ocrx_word' id='word_1_402' title='bbox 1907 1392 1925 1413; x_wconf 87' lang='lat' dir='ltr'>t.</span> 
     </span>
    </p>
   </div>
   <div class='ocr_carea' id='block_1_9' title="bbox 1490 1464 1673 1471">
    <p class='ocr_par' dir='ltr' id='par_1_15' title="bbox 1490 1464 1673 1471">
     <span class='ocr_line' id='line_1_81' title="bbox 1490 1464 1673 1471; baseline 0 1780"><span class='ocrx_word' id='word_1_403' title='bbox 1490 1464 1673 1471; x_wconf 95' lang='lat' dir='ltr'> </span> 
     </span>
    </p>
   </div>
   <div class='ocr_carea' id='block_1_10' title="bbox 1566 1566 1602 1601">
    <p class='ocr_par' dir='ltr' id='par_1_16' title="bbox 1566 1566 1602 1601">
     <span class='ocr_line' id='line_1_82' title="bbox 1566 1566 1602 1601; baseline 0 0"><span class='ocrx_word' id='word_1_404' title='bbox 1566 1566 1602 1601; x_wconf 84' lang='lat' dir='ltr'>ll.</span> 
     </span>
    </p>
   </div>
   <div class='ocr_carea' id='block_1_11' title="bbox 1206 1647 1961 1831">
    <p class='ocr_par' dir='ltr' id='par_1_17' title="bbox 1206 1647 1961 1831">
     <span class='ocr_line' id='line_1_83' title="bbox 1206 1647 1961 1694; baseline -0.004 -11"><span class='ocrx_word' id='word_1_405' title='bbox 1206 1650 1242 1684; x_wconf 81' lang='lat' dir='ltr'>S.</span> <span class='ocrx_word' id='word_1_406' title='bbox 1262 1649 1418 1694; x_wconf 83' lang='lat' dir='ltr'>Leopoldi,</span> <span class='ocrx_word' id='word_1_407' title='bbox 1437 1650 1578 1682; x_wconf 76' lang='lat' dir='ltr'>Attstrt‘ae</span> <span class='ocrx_word' id='word_1_408' title='bbox 1591 1648 1751 1692; x_wconf 83' lang='lat' dir='ltr'>principis,</span> <span class='ocrx_word' id='word_1_409' title='bbox 1765 1647 1961 1681; x_wconf 80' lang='lat' dir='ltr'>canonizatio</span> 
     </span>
     <span class='ocr_line' id='line_1_84' title="bbox 1255 1697 1959 1742; baseline -0.003 -10"><span class='ocrx_word' id='word_1_410' title='bbox 1255 1706 1280 1732; x_wconf 86' lang='lat' dir='ltr'>et</span> <span class='ocrx_word' id='word_1_411' title='bbox 1308 1701 1386 1732; x_wconf 81' lang='lat' dir='ltr'>inter</span> <span class='ocrx_word' id='word_1_412' title='bbox 1411 1705 1531 1732; x_wconf 79' lang='lat' dir='ltr'>sanctos</span> <span class='ocrx_word' id='word_1_413' title='bbox 1564 1698 1746 1741; x_wconf 83' lang='lat' dir='ltr'>consessores</span> <span class='ocrx_word' id='word_1_414' title='bbox 1781 1697 1959 1742; x_wconf 76' lang='lat' dir='ltr'>adscriptio,</span> 
     </span>
     <span class='ocr_line' id='line_1_85' title="bbox 1254 1746 1960 1792; baseline -0.004 -10"><span class='ocrx_word' id='word_1_415' title='bbox 1254 1760 1322 1782; x_wconf 80' lang='lat' dir='ltr'>cum</span> <span class='ocrx_word' id='word_1_416' title='bbox 1343 1748 1516 1792; x_wconf 75' lang='lat' dir='ltr'>festivitatis</span> <span class='ocrx_word' id='word_1_417' title='bbox 1542 1747 1731 1780; x_wconf 81' lang='lat' dir='ltr'>institutione</span> <span class='ocrx_word' id='word_1_418' title='bbox 1757 1757 1816 1791; x_wconf 83' lang='lat' dir='ltr'>pro</span> <span class='ocrx_word' id='word_1_419' title='bbox 1838 1747 1886 1780; x_wconf 80' lang='lat' dir='ltr'>die</span> <span class='ocrx_word' id='word_1_420' title='bbox 1916 1746 1960 1780; x_wconf 66' lang='lat'>15</span> 
     </span>
     <span class='ocr_line' id='line_1_86' title="bbox 1256 1797 1564 1831; baseline -0.003 -1"><span class='ocrx_word' id='word_1_421' title='bbox 1256 1798 1365 1831; x_wconf 82' lang='lat' dir='ltr'>mensis</span> <span class='ocrx_word' id='word_1_422' title='bbox 1384 1797 1564 1830; x_wconf 80' lang='lat' dir='ltr'>novembris.</span> 
     </span>
    </p>
   </div>
   <div class='ocr_carea' id='block_1_12' title="bbox 1475 1882 1690 1914">
    <p class='ocr_par' dir='ltr' id='par_1_18' title="bbox 1475 1882 1690 1914">
     <span class='ocr_line' id='line_1_87' title="bbox 1475 1882 1690 1914; baseline -0.009 0"><span class='ocrx_word' id='word_1_423' title='bbox 1475 1882 1690 1914; x_wconf 70' lang='lat' dir='ltr'>SUMMARIUM</span> 
     </span>
    </p>
   </div>
   <div class='ocr_carea' id='block_1_13' title="bbox 1206 1944 1959 2656">
    <p class='ocr_par' dir='ltr' id='par_1_19' title="bbox 1206 1944 1959 2656">
     <span class='ocr_line' id='line_1_88' title="bbox 1206 1944 1958 1984; baseline 0 -9"><span class='ocrx_word' id='word_1_424' title='bbox 1206 1947 1232 1976; x_wconf 82' lang='lat' dir='ltr'>t.</span> <span class='ocrx_word' id='word_1_425' title='bbox 1251 1945 1333 1982; x_wconf 89' lang='lat' dir='ltr'>Quod</span> <span class='ocrx_word' id='word_1_426' title='bbox 1347 1945 1375 1975; x_wconf 90' lang='lat' dir='ltr'>in</span> <span class='ocrx_word' id='word_1_427' title='bbox 1390 1945 1503 1984; x_wconf 88' lang='lat' dir='ltr'>psalmo</span> <span class='ocrx_word' id='word_1_428' title='bbox 1516 1954 1579 1975; x_wconf 76' lang='lat' dir='ltr'>xm·</span> <span class='ocrx_word' id='word_1_429' title='bbox 1592 1945 1688 1984; x_wconf 86' lang='lat' dir='ltr'>inquit</span> <span class='ocrx_word' id='word_1_430' title='bbox 1703 1944 1793 1975; x_wconf 88' lang='lat' dir='ltr'>David</span> <span class='ocrx_word' id='word_1_431' title='bbox 1807 1945 1841 1975; x_wconf 90' lang='lat' dir='ltr'>de</span> <span class='ocrx_word' id='word_1_432' title='bbox 1857 1945 1958 1984; x_wconf 79' lang='lat' dir='ltr'>regina</span> 
     </span>
     <span class='ocr_line' id='line_1_89' title="bbox 1245 1989 1959 2028; baseline -0.001 -8"><span class='ocrx_word' id='word_1_433' title='bbox 1245 1991 1273 2020; x_wconf 91' lang='lat' dir='ltr'>in</span> <span class='ocrx_word' id='word_1_434' title='bbox 1294 1990 1398 2020; x_wconf 80' lang='lat' dir='ltr'>vestitu</span> <span class='ocrx_word' id='word_1_435' title='bbox 1421 1990 1572 2027; x_wconf 84' lang='lat' dir='ltr'>deaurato,</span> <span class='ocrx_word' id='word_1_436' title='bbox 1595 1989 1679 2028; x_wconf 84' lang='lat' dir='ltr'>plene</span> <span class='ocrx_word' id='word_1_437' title='bbox 1700 1990 1747 2020; x_wconf 87' lang='lat' dir='ltr'>bic</span> <span class='ocrx_word' id='word_1_438' title='bbox 1770 1989 1876 2020; x_wconf 81' lang='lat' dir='ltr'>Pontis.</span> <span class='ocrx_word' id='word_1_439' title='bbox 1908 1999 1959 2019; x_wconf 86' lang='lat' dir='ltr'>ex-</span> 
     </span>
     <span class='ocr_line' id='line_1_90' title="bbox 1245 2034 1959 2074; baseline 0.001 -10"><span class='ocrx_word' id='word_1_440' title='bbox 1245 2036 1327 2074; x_wconf 87' lang='lat' dir='ltr'>ponit</span> <span class='ocrx_word' id='word_1_441' title='bbox 1349 2036 1383 2065; x_wconf 86' lang='lat' dir='ltr'>de</span> <span class='ocrx_word' id='word_1_442' title='bbox 1406 2034 1536 2064; x_wconf 82' lang='lat' dir='ltr'>Ecclesia</span> <span class='ocrx_word' id='word_1_443' title='bbox 1572 2035 1721 2072; x_wconf 87' lang='lat' dir='ltr'>militanti,</span> <span class='ocrx_word' id='word_1_444' title='bbox 1751 2052 1790 2058; x_wconf 98' lang='lat'><strong>—</strong></span> <span class='ocrx_word' id='word_1_445' title='bbox 1816 2035 1844 2065; x_wconf 64' lang='grc' dir='ltr'>ἰ).</span> <span class='ocrx_word' id='word_1_446' title='bbox 1866 2035 1959 2071; x_wconf 88' lang='lat' dir='ltr'>Quam</span> 
     </span>
     <span class='ocr_line' id='line_1_91' title="bbox 1244 2079 1958 2117; baseline 0.001 -8"><span class='ocrx_word' id='word_1_447' title='bbox 1244 2079 1345 2110; x_wconf 83' lang='lat' dir='ltr'>subdit</span> <span class='ocrx_word' id='word_1_448' title='bbox 1363 2079 1453 2109; x_wconf 88' lang='lat' dir='ltr'>Deum</span> <span class='ocrx_word' id='word_1_449' title='bbox 1472 2079 1630 2110; x_wconf 86' lang='lat' dir='ltr'>multorum</span> <span class='ocrx_word' id='word_1_450' title='bbox 1647 2079 1764 2117; x_wconf 77' lang='lat' dir='ltr'>agmine</span> <span class='ocrx_word' id='word_1_451' title='bbox 1789 2085 1958 2110; x_wconf 83' lang='lat' dir='ltr'>sanctorum</span> 
     </span>
     <span class='ocr_line' id='line_1_92' title="bbox 1245 2124 1959 2163; baseline -0.001 -8"><span class='ocrx_word' id='word_1_452' title='bbox 1245 2125 1413 2162; x_wconf 88' lang='lat' dir='ltr'>roborasse;</span> <span class='ocrx_word' id='word_1_453' title='bbox 1434 2142 1473 2147; x_wconf 89' lang='lat'><strong>—</strong></span> <span class='ocrx_word' id='word_1_454' title='bbox 1495 2124 1521 2154; x_wconf 89' lang='lat'>3.</span> <span class='ocrx_word' id='word_1_455' title='bbox 1541 2124 1574 2154; x_wconf 86' lang='lat' dir='ltr'>Et</span> <span class='ocrx_word' id='word_1_456' title='bbox 1602 2125 1678 2154; x_wconf 87' lang='lat' dir='ltr'>inter</span> <span class='ocrx_word' id='word_1_457' title='bbox 1700 2133 1750 2154; x_wconf 85' lang='lat' dir='ltr'>eos</span> <span class='ocrx_word' id='word_1_458' title='bbox 1771 2124 1959 2163; x_wconf 81' lang='lat' dir='ltr'>Leopoldum,</span> 
     </span>
     <span class='ocr_line' id='line_1_93' title="bbox 1244 2169 1958 2210; baseline 0.001 -11"><span class='ocrx_word' id='word_1_459' title='bbox 1244 2170 1379 2200; x_wconf 61' lang='lat' dir='ltr'>,instriae</span> <span class='ocrx_word' id='word_1_460' title='bbox 1409 2169 1584 2210; x_wconf 85' lang='lat' dir='ltr'>principem,</span> <span class='ocrx_word' id='word_1_461' title='bbox 1603 2169 1703 2199; x_wconf 86' lang='lat' dir='ltr'>multis</span> <span class='ocrx_word' id='word_1_462' title='bbox 1725 2169 1883 2199; x_wconf 82' lang='lat' dir='ltr'>virtutibus</span> <span class='ocrx_word' id='word_1_463' title='bbox 1906 2179 1958 2200; x_wconf 90' lang='lat' dir='ltr'>or-</span> 
     </span>
     <span class='ocr_line' id='line_1_94' title="bbox 1245 2213 1958 2252; baseline -0.001 -8"><span class='ocrx_word' id='word_1_464' title='bbox 1245 2219 1355 2251; x_wconf 88' lang='lat' dir='ltr'>natum,</span> <span class='ocrx_word' id='word_1_465' title='bbox 1374 2219 1403 2244; x_wconf 76' lang='lat' dir='ltr'>ct</span> <span class='ocrx_word' id='word_1_466' title='bbox 1430 2214 1632 2244; x_wconf 86' lang='lat' dir='ltr'>marchionem</span> <span class='ocrx_word' id='word_1_467' title='bbox 1655 2213 1740 2243; x_wconf 87' lang='lat' dir='ltr'>Pium</span> <span class='ocrx_word' id='word_1_468' title='bbox 1764 2219 1958 2252; x_wconf 82' lang='lat' dir='ltr'>cognomento</span> 
     </span>
     <span class='ocr_line' id='line_1_95' title="bbox 1244 2257 1956 2298; baseline 0.003 -11"><span class='ocrx_word' id='word_1_469' title='bbox 1244 2259 1421 2298; x_wconf 80' lang='lat' dir='ltr'>appellatum</span> <span class='ocrx_word' id='word_1_470' title='bbox 1439 2259 1609 2289; x_wconf 87' lang='lat' dir='ltr'>suscitasse.</span> <span class='ocrx_word' id='word_1_471' title='bbox 1621 2275 1660 2280; x_wconf 97' lang='lat'><strong>—</strong></span> <span class='ocrx_word' id='word_1_472' title='bbox 1673 2258 1704 2288; x_wconf 69' lang='lat'>4.</span> <span class='ocrx_word' id='word_1_473' title='bbox 1721 2257 1748 2288; x_wconf 90' lang='lat' dir='ltr'>ls</span> <span class='ocrx_word' id='word_1_474' title='bbox 1764 2258 1956 2297; x_wconf 85' lang='lat' dir='ltr'>quadraginta</span> 
     </span>
     <span class='ocr_line' id='line_1_96' title="bbox 1243 2303 1954 2343; baseline 0.001 -10"><span class='ocrx_word' id='word_1_475' title='bbox 1243 2304 1328 2334; x_wconf 87' lang='lat' dir='ltr'>annis</span> <span class='ocrx_word' id='word_1_476' title='bbox 1351 2304 1550 2343; x_wconf 87' lang='lat' dir='ltr'>principatum</span> <span class='ocrx_word' id='word_1_477' title='bbox 1564 2303 1715 2340; x_wconf 82' lang='lat' dir='ltr'>Austriae,</span> <span class='ocrx_word' id='word_1_478' title='bbox 1728 2303 1954 2334; x_wconf 82' lang='lat' dir='ltr'>turbulentissi-</span> 
     </span>
     <span class='ocr_line' id='line_1_97' title="bbox 1244 2347 1954 2387; baseline 0 -9"><span class='ocrx_word' id='word_1_479' title='bbox 1244 2349 1299 2378; x_wconf 91' lang='lat' dir='ltr'>mis</span> <span class='ocrx_word' id='word_1_480' title='bbox 1323 2349 1411 2378; x_wconf 87' lang='lat' dir='ltr'>etiam</span> <span class='ocrx_word' id='word_1_481' title='bbox 1426 2347 1619 2387; x_wconf 81' lang='lat' dir='ltr'>temporibus,</span> <span class='ocrx_word' id='word_1_482' title='bbox 1639 2348 1666 2378; x_wconf 92' lang='lat' dir='ltr'>in</span> <span class='ocrx_word' id='word_1_483' title='bbox 1687 2356 1758 2387; x_wconf 86' lang='lat' dir='ltr'>pace</span> <span class='ocrx_word' id='word_1_484' title='bbox 1777 2348 1859 2385; x_wconf 82' lang='lat' dir='ltr'>rexit,</span> <span class='ocrx_word' id='word_1_485' title='bbox 1874 2365 1914 2371; x_wconf 93' lang='lat'><strong>—</strong></span> <span class='ocrx_word' id='word_1_486' title='bbox 1928 2348 1954 2378; x_wconf 90' lang='lat'>5.</span> 
     </span>
     <span class='ocr_line' id='line_1_98' title="bbox 1243 2393 1952 2433; baseline 0 -10"><span class='ocrx_word' id='word_1_487' title='bbox 1243 2393 1373 2433; x_wconf 75' lang='lat' dir='ltr'>Eiusque</span> <span class='ocrx_word' id='word_1_488' title='bbox 1402 2394 1476 2423; x_wconf 84' lang='lat' dir='ltr'>vitae</span> <span class='ocrx_word' id='word_1_489' title='bbox 1500 2393 1632 2432; x_wconf 88' lang='lat' dir='ltr'>exemplo</span> <span class='ocrx_word' id='word_1_490' title='bbox 1651 2397 1815 2423; x_wconf 87' lang='lat' dir='ltr'>amatorum</span> <span class='ocrx_word' id='word_1_491' title='bbox 1842 2393 1952 2424; x_wconf 88' lang='lat' dir='ltr'>saeculi</span> 
     </span>
     <span class='ocr_line' id='line_1_99' title="bbox 1243 2437 1956 2477; baseline 0.001 -10"><span class='ocrx_word' id='word_1_492' title='bbox 1243 2438 1448 2468; x_wconf 77' lang='lat' dir='ltr'>excusationes</span> <span class='ocrx_word' id='word_1_493' title='bbox 1464 2437 1600 2477; x_wconf 86' lang='lat' dir='ltr'>disrupit,</span> <span class='ocrx_word' id='word_1_494' title='bbox 1618 2442 1646 2468; x_wconf 83' lang='lat' dir='ltr'>et</span> <span class='ocrx_word' id='word_1_495' title='bbox 1661 2437 1869 2468; x_wconf 84' lang='lat' dir='ltr'>illecebrarum</span> <span class='ocrx_word' id='word_1_496' title='bbox 1885 2447 1956 2468; x_wconf 90' lang='lat' dir='ltr'>con-</span> 
     </span>
     <span class='ocr_line' id='line_1_100' title="bbox 1244 2481 1955 2521; baseline 0.001 -9"><span class='ocrx_word' id='word_1_497' title='bbox 1244 2487 1385 2521; x_wconf 85' lang='lat' dir='ltr'>temptum</span> <span class='ocrx_word' id='word_1_498' title='bbox 1401 2483 1510 2519; x_wconf 78' lang='lat' dir='ltr'>doeuit3</span> <span class='ocrx_word' id='word_1_499' title='bbox 1525 2498 1565 2505; x_wconf 88' lang='lat'>—</span> <span class='ocrx_word' id='word_1_500' title='bbox 1581 2483 1608 2513; x_wconf 82' lang='grc' dir='ltr'>ὃ.</span> <span class='ocrx_word' id='word_1_501' title='bbox 1624 2481 1721 2513; x_wconf 86' lang='lat' dir='ltr'>Multis</span> <span class='ocrx_word' id='word_1_502' title='bbox 1740 2482 1892 2512; x_wconf 86' lang='lat' dir='ltr'>miraculis</span> <span class='ocrx_word' id='word_1_503' title='bbox 1908 2492 1955 2513; x_wconf 86' lang='lat' dir='ltr'>ce-</span> 
     </span>
     <span class='ocr_line' id='line_1_101' title="bbox 1244 2526 1954 2564; baseline 0 -8"><span class='ocrx_word' id='word_1_504' title='bbox 1244 2526 1331 2557; x_wconf 73' lang='lat' dir='ltr'>lebris</span> <span class='ocrx_word' id='word_1_505' title='bbox 1349 2527 1413 2564; x_wconf 80' lang='lat' dir='ltr'>suit;</span> <span class='ocrx_word' id='word_1_506' title='bbox 1434 2544 1474 2550; x_wconf 89' lang='lat'>—</span> <span class='ocrx_word' id='word_1_507' title='bbox 1493 2527 1517 2557; x_wconf 81' lang='lat'>7.</span> <span class='ocrx_word' id='word_1_508' title='bbox 1537 2527 1620 2557; x_wconf 84' lang='lat' dir='ltr'>Anno</span> <span class='ocrx_word' id='word_1_509' title='bbox 1640 2526 1714 2558; x_wconf 76' lang='lat'><strong>1136</strong></span> <span class='ocrx_word' id='word_1_510' title='bbox 1733 2527 1768 2557; x_wconf 88' lang='lat' dir='ltr'>ad</span> <span class='ocrx_word' id='word_1_511' title='bbox 1784 2526 1875 2557; x_wconf 85' lang='lat' dir='ltr'>Deum</span> <span class='ocrx_word' id='word_1_512' title='bbox 1895 2528 1954 2557; x_wconf 91' lang='lat' dir='ltr'>mi-</span> 
     </span>
     <span class='ocr_line' id='line_1_102' title="bbox 1243 2571 1953 2612; baseline 0.003 -12"><span class='ocrx_word' id='word_1_513' title='bbox 1243 2572 1344 2609; x_wconf 65' lang='lat' dir='ltr'>grarit,</span> <span class='ocrx_word' id='word_1_514' title='bbox 1356 2571 1429 2602; x_wconf 85' lang='lat' dir='ltr'>etad</span> <span class='ocrx_word' id='word_1_515' title='bbox 1443 2572 1515 2602; x_wconf 89' lang='lat' dir='ltr'>haec</span> <span class='ocrx_word' id='word_1_516' title='bbox 1528 2580 1622 2612; x_wconf 86' lang='lat' dir='ltr'>usque</span> <span class='ocrx_word' id='word_1_517' title='bbox 1635 2576 1764 2612; x_wconf 82' lang='lat' dir='ltr'>tempora</span> <span class='ocrx_word' id='word_1_518' title='bbox 1778 2571 1953 2611; x_wconf 86' lang='lat' dir='ltr'>populorum</span> 
     </span>
     <span class='ocr_line' id='line_1_103' title="bbox 1244 2615 1953 2656; baseline 0.003 -11"><span class='ocrx_word' id='word_1_519' title='bbox 1244 2615 1544 2656; x_wconf 79' lang='lat' dir='ltr'>devotiopercrebuit.</span> <span class='ocrx_word' id='word_1_520' title='bbox 1566 2632 1606 2639; x_wconf 90' lang='lat'>-·</span> <span class='ocrx_word' id='word_1_521' title='bbox 1627 2615 1654 2646; x_wconf 87' lang='lat'>8.</span> <span class='ocrx_word' id='word_1_522' title='bbox 1681 2615 1855 2656; x_wconf 83' lang='lat' dir='ltr'>Rodulpbus</span> <span class='ocrx_word' id='word_1_523' title='bbox 1878 2617 1953 2652; x_wconf 82' lang='lat' dir='ltr'>ideo,</span> 
     </span>
    </p>
   </div>
   <div class='ocr_carea' id='block_1_14' title="bbox 1981 225 2164 253">
    <p class='ocr_par' dir='ltr' id='par_1_20' title="bbox 1981 225 2164 253">
     <span class='ocr_line' id='line_1_104' title="bbox 1981 225 2164 253; baseline -0.011 0"><span class='ocrx_word' id='word_1_524' title='bbox 1981 225 2030 253; x_wconf 72' lang='lat' dir='ltr'>An.</span> <span class='ocrx_word' id='word_1_525' title='bbox 2048 225 2067 252; x_wconf 89' lang='lat' dir='ltr'>C</span> <span class='ocrx_word' id='word_1_526' title='bbox 2098 225 2164 252; x_wconf 73' lang='lat' dir='ltr'>ttiss</span> 
     </span>
    </p>
   </div>
   <div class='ocr_carea' id='block_1_15' title="bbox 1977 941 2163 997">
    <p class='ocr_par' dir='ltr' id='par_1_21' title="bbox 1977 941 2163 997">
     <span class='ocr_line' id='line_1_105' title="bbox 1991 941 2163 961; baseline -0.006 0"><span class='ocrx_word' id='word_1_527' title='bbox 1991 941 2107 961; x_wconf 71' lang='lat' dir='ltr'>Contrariis</span> <span class='ocrx_word' id='word_1_528' title='bbox 2126 942 2163 961; x_wconf 62' lang='lat'>‹1›-</span> 
     </span>
     <span class='ocr_line' id='line_1_106' title="bbox 1977 976 2043 997; baseline -0.03 -4"><span class='ocrx_word' id='word_1_529' title='bbox 1977 976 2043 997; x_wconf 63' lang='lat' dir='ltr'>rogat.</span> 
     </span>
    </p>
   </div>
   <div class='ocr_carea' id='block_1_16' title="bbox 2239 0 2281 3251">
    <p class='ocr_par' dir='ltr' id='par_1_22' title="bbox 2239 0 2281 3251">
     <span class='ocr_line' id='line_1_107' title="bbox 2239 0 2281 3251; baseline 0 -886"><span class='ocrx_word' id='word_1_530' title='bbox 2239 0 2281 3251; x_wconf 95' lang='lat' dir='ltr'>   </span> 
     </span>
    </p>
   </div>
   <div class='ocr_carea' id='block_1_17' title="bbox 2250 2207 2269 2735">
    <p class='ocr_par' dir='ltr' id='par_1_23' title="bbox 2250 2207 2269 2735">
     <span class='ocr_line' id='line_1_108' title="bbox 2250 2207 2269 2735; textangle 90"><span class='ocrx_word' id='word_1_531' title='bbox 2250 2591 2269 2735; x_wconf 39' lang='lat' dir='ltr'>&amp;OM-...2-</span> <span class='ocrx_word' id='word_1_532' title='bbox 2258 2571 2269 2579; x_wconf 60' lang='lat' dir='ltr'>v.</span> <span class='ocrx_word' id='word_1_533' title='bbox 2255 2361 2269 2557; x_wconf 26' lang='lat' dir='ltr'>*Auxume-2·</span> <span class='ocrx_word' id='word_1_534' title='bbox 2255 2315 2269 2350; x_wconf 70' lang='grc'>,.’-</span> <span class='ocrx_word' id='word_1_535' title='bbox 2263 2279 2269 2295; x_wconf 28' lang='grc' dir='ltr'>,Δ</span> <span class='ocrx_word' id='word_1_536' title='bbox 2262 2243 2267 2259; x_wconf 24' lang='grc' dir='ltr'>Α,</span> <span class='ocrx_word' id='word_1_537' title='bbox 2259 2207 2262 2212; x_wconf 93' lang='grc'><strong>-</strong></span> 
     </span>
    </p>
   </div>
   <div class='ocr_carea' id='block_1_18' title="bbox 2255 2742 2269 2818">
    <p class='ocr_par' dir='ltr' id='par_1_24' title="bbox 2255 2742 2269 2818">
     <span class='ocr_line' id='line_1_109' title="bbox 2255 2742 2269 2818; textangle 90"><span class='ocrx_word' id='word_1_538' title='bbox 2256 2815 2262 2818; x_wconf 93' lang='grc'><strong>“</strong></span> <span class='ocrx_word' id='word_1_539' title='bbox 2255 2742 2269 2804; x_wconf 47' lang='lat' dir='ltr'>”ak-⁴.</span> 
     </span>
    </p>
   </div>
   <div class='ocr_carea' id='block_1_19' title="bbox 2247 3179 2270 3251">
    <p class='ocr_par' dir='ltr' id='par_1_25' title="bbox 2247 3179 2270 3251">
     <span class='ocr_line' id='line_1_110' title="bbox 2247 3179 2270 3251; textangle 90"><span class='ocrx_word' id='word_1_540' title='bbox 2247 3179 2270 3251; x_wconf 47' lang='lat' dir='ltr'>*a</span> 
     </span>
    </p>
   </div>
  </div>
 </body>
</html>
