2281 3251
229 237 277 263 Αη.
295 236 313 261 C
345 236 412 262 two

235 497 404 517 intumentium

230 530 308 547 ‘ei-tici
326 535 343 547 m
363 534 414 547 τιςι-

231 560 290 579 iaiitil
300 566 330 582 ψ,
344 563 364 580 ’,ι
376 566 413 577 iii-i-

317 598 346 610 ¹¹'
375 597 416 609 *⁴¹¹*
433 589 589 624 namentis
617 587 838 622 ecclesiasticis
861 586 1030 633 praedictis
1058 585 1184 619 decore·

231 622 346 645 rigentibus
362 628 415 640 ruti-

256 2028 372 2049 contrariis
388 2027 412 2046 de

243 2061 308 2082 rogat

481 225 550 258 546

429 305 484 341 per
506 293 587 327 duos
601 300 654 326 aut
675 299 735 325 tres
753 300 857 325 testes.
873 298 925 324 aut
947 289 1022 323 alias
1042 289 1180 334 legitime

429 343 627 385 constiterit,
662 340 772 374 eadem
801 340 983 374 auctoritate
1011 338 1182 373 statuimus

429 401 458 425 et
481 392 675 426 ordinamus.

478 441 499 488 ἓ
520 445 553 476 9.
579 440 616 475 Ei
643 441 785 485 insuper,
808 438 975 484 cupientes
997 445 1031 471 ut
1049 436 1181 472 ecclesia

433 490 588 538 praedicta
612 488 720 523 Sancti
743 488 872 522 Ioannis
893 487 930 521 ad
956 486 1181 534 perfectionem

432 540 569 574 debitam
594 538 781 580 deducatur,
805 537 1059 583 pai-amentisque
1081 544 1111 570 et
1131 547 1184 570 or-

1015 233 1138 255 ntlJAtt
1145 234 1152 255 Ι
1159 233 1201 255 ΓΜ

432 648 481 673 tur
503 646 533 673 et
561 636 719 680 fulciatur,
741 645 770 671 et
797 648 812 670 a
841 634 1099 670 christifidelibus
1121 634 1184 668 fre-

431 695 616 735 quentetur,
642 686 765 732 ipsique
787 684 1013 720 christifideles
1034 696 1071 719 eo
1094 683 1185 718 devo-

432 747 494 771 tius
517 736 554 770 ad
578 735 722 770 eamdem
741 734 908 770 ecclesiam
926 734 1033 769 Sancti
1058 733 1185 768 Ioannis

432 786 606 829 confluant,
633 797 696 832 quo
724 796 760 819 ex
784 784 844 819 boc
871 783 987 818 ibidem
1012 783 1096 818 dono
1116 794 1185 817 coe·

433 836 519 870 lestis
541 834 659 881 gratiae
688 834 816 869 uberius
837 833 1061 880 conspexerint
1080 844 1113 867 se
1142 844 1187 866 re-

433 886 544 928 fectos,
562 884 600 919 de
623 883 852 930 omnipotentis
874 883 931 918 Dei
957 881 1186 925 misericordia,

433 947 468 969 ac
497 934 660 969 beatorum
690 933 772 968 Petri
796 941 826 966 et
854 932 941 966 Pauli
971 931 1185 978 apostolorum

433 985 502 1018 eius
524 984 708 1018 auctoritate
737 982 865 1026 confisi,
888 981 1038 1016 omnibus
1065 989 1094 1015 et
1126 981 1186 1014 sin-

433 1034 515 1079 gulis
543 1032 803 1067 christifidelibus
841 1043 912 1065 vere
951 1029 1188 1078 poenitentibus

435 1092 463 1116 et
487 1082 652 1125 confessis,
679 1082 732 1128 qtii
768 1081 959 1128 praedictam
983 1079 1147 1114 ecclesiam
1172 1090 1187 1112 a
1207 1074 1211 1137 l

437 1132 546 1179 primis
562 1132 702 1178 vesperis
725 1142 825 1178 usque
849 1130 885 1164 ad
909 1130 1066 1164 secundas
1082 1140 1190 1174 vespe·
1208 1147 1212 1194 Ι

437 1194 485 1215 ras
508 1181 577 1215 festi
602 1180 827 1216 Decollationis
849 1179 993 1214 eiusdem
1018 1178 1123 1213 Sancti
1145 1177 1190 1211 lo·
1209 1196 1212 1250 1

436 1231 526 1265 annis
553 1230 663 1265 dei-ote
687 1229 899 1268 visitaverint,
923 1237 951 1263 et
974 1228 1048 1262 inibi
1077 1239 1189 1261 manus

436 1280 606 1315 adiutrices
629 1279 837 1325 porrexerint,
860 1277 1111 1325 vigintiquinque
1138 1288 1189 1310 aii-

438 1342 496 1364 iios
527 1329 566 1363 de
589 1328 739 1363 iniunctis
761 1328 806 1363 eis
829 1326 1033 1375 poenitentiis
1069 1325 1190 1360 miseri-

438 1378 573 1413 corditer
597 1379 625 1412 iii
650 1378 788 1412 Domino
810 1377 996 1414 relaxamus,
1020 1375 1191 1422 praesenti-

438 1428 510 1472 bus,
524 1428 615 1462 etiam
630 1426 733 1473 quoad
750 1426 932 1461 huiusmodi
950 1424 1191 1470 indulgentiam,

439 1477 598 1524 perpetuis
620 1476 732 1510 futuris
755 1475 950 1522 temporibus
964 1474 1114 1508 valituris.
1131 1472 1192 1507 Vo-

440 1527 545 1561 lumus
579 1533 684 1560 autom
714 1524 798 1572 quod
828 1525 852 1558 si
880 1524 1043 1558 ecclesiam
1073 1522 1191 1570 praedi-

439 1584 519 1610 (etam
545 1575 651 1610 Sancti
676 1574 803 1609 loannis
826 1572 1037 1617 visitantibus,
1064 1580 1094 1606 et
1114 1571 1191 1606 inibi

440 1637 554 1660 maniis
576 1624 748 1659 adiutrices
772 1621 1020 1671 porrigentibus,
1041 1629 1095 1656 aut
1126 1621 1192 1668 pias

440 1674 655 1722 eleemosynas
677 1672 881 1720 erogantibus
896 1699 905 1716 ,
939 1671 1042 1718 aliqua
1069 1670 1127 1705 alia
1150 1670 1195 1704 in-

441 1724 626 1770 dulgentia,
654 1723 684 1757 in
719 1731 907 1769 perpetuum
941 1721 987 1756 vel
1011 1720 1047 1755 ad
1072 1728 1192 1755 certum

442 1783 570 1820 tempus
587 1771 727 1807 nondum
739 1772 881 1819 elapsum
898 1770 1060 1810 duratura,
1073 1781 1129 1817 per
1139 1781 1195 1803 nos

442 1834 592 1857 concessa
615 1822 725 1865 fuerit,
750 1828 932 1867 praesentes
948 1819 1067 1863 literae,
1089 1818 1192 1866 quoad

443 1871 670 1917 indulgentiam
682 1870 861 1905 huiusmodi
877 1869 1131 1916 vigintiquinque
1143 1879 1196 1902 an-

444 1933 569 1960 norum,
592 1919 709 1954 nullius
731 1919 792 1953 sint
817 1918 939 1953 roboris
959 1918 1004 1952 vel
1030 1917 1194 1952 momenti.

491 1974 506 2012 ἓ
534 1972 586 2004 ¹0.
614 1968 684 2004 Non
702 1968 901 2002 obstantibus
916 1966 1197 2001 constitutionibus

416 2033 472 2058 ·et
499 2022 752 2058 ordinationibus
778 2021 959 2069 apostolicis
976 2048 984 2061 ,
1019 2032 1056 2054 ac
1096 2019 1197 2054 dictae

445 2076 538 2112 Urbis
561 2078 749 2116 iuramento,
774 2075 1012 2110 confirmatione
1025 2074 1196 2121 apostolica

444 2132 489 2166 vet
510 2132 621 2179 quavis
640 2131 785 2166 firmitate
807 2129 868 2164 alia
889 2128 1042 2163 roboratis
1075 2128 1198 2162 statutis

442 2193 471 2218 et
499 2184 784 2220 consuctudinibus
805 2182 1002 2229 caeterisque
1034 2181 1198 2216 contrariis

443 2239 712 2286 quibuscumque.

492 2293 576 2328 Nulli
602 2305 676 2340 ergo
703 2300 756 2327 etc.

493 2348 525 2383 Si
549 2348 621 2395 quis
647 2355 752 2382 autem
774 2354 828 2381 etc.

492 2402 608 2438 Datum
632 2402 753 2437 Romae
776 2401 856 2448 apud
885 2400 919 2435 S.
946 2399 1092 2439 Petrum,
1116 2411 1199 2433 anno

444 2457 676 2492 incarnationis
710 2456 889 2491 dominicae
925 2453 1094 2488 millesimo
1119 2465 1199 2499 qua-

445 2511 695 2557 dringentesimo
719 2509 937 2554 nonagesimo,
959 2507 1082 2542 decimo
1099 2506 1196 2541 kalen-

446 2564 502 2600 das
524 2564 726 2612 septembris,
739 2564 941 2611 pontificatus
965 2562 1061 2596 nostri
1085 2573 1135 2596 an.
1153 2573 1198 2596 vt.

493 2617 552 2647 tint.
569 2618 616 2648 die
633 2617 671 2648 ⁶23
687 2618 803 2656 augusti
825 2618 910 2654 1190,
928 2621 1006 2657 pont.
1023 2625 1099 2646 anno
1115 2624 1151 2646 vi.

1232 232 1392 255 nomnium

1567 285 1635 321 XX.

1228 371 1341 403 Contra
1369 369 1561 413 impedientes
1595 379 1717 413 quoquo
1754 367 1844 399 modo
1871 377 1980 399 execu-

1275 421 1385 452 tionem
1408 419 1587 451 citationum
1611 425 1637 449 ee
1658 418 1794 449 ciliorum
1813 416 1980 448 mandato-

1276 481 1343 501 riiiii
1380 469 1592 511 cuiuscumque
1620 467 1729 500 iudicis
1756 476 1921 499 causarum
1949 464 1981 495 i‘n

1278 519 1420 551 Romana
1451 516 1545 549 Curia
1569 516 1767 560 pendentium
1785 541 1794 557 ,
1822 521 1848 547 et
1875 520 1981 546 contra

1275 578 1380 599 eorum
1411 566 1548 609 fautores
1570 565 1765 609 notoriosque
1780 565 1982 596 instrumenta

1277 617 1454 649 huiusmodi
1479 615 1690 648 executionum
1711 615 1788 647 dare
1799 618 1981 646 recusantes.

1498 691 1715 723 summatum

1230 760 1419 790 l‘rooeinium.
1445 775 1484 781 —
1503 760 1528 788 t.
1547 757 1706 787 Citationes
1734 761 1763 786 et
1781 757 1916 787 mandata
1940 757 1986 786 iu-

1269 805 1367 835 dicum
1393 804 1474 833 Rom.
1506 803 1611 832 Curiae
1634 802 1736 831 multis
1765 802 1860 831 modis
1881 801 1984 839 exequi

1269 849 1481 889 impediuntur.
1499 864 1538 869 —
1560 847 1588 876 Q,
1604 846 1657 877 Hic
1682 846 1748 876 ideo
1768 846 1851 875 Pont.
1879 845 1985 883 infligit

1270 903 1379 932 poenas
1412 891 1562 927 omnibus,
1590 896 1688 921 contra
1722 900 1795 930 quos
1820 899 1926 920 causae
1956 890 1986 919 in

1269 938 1355 968 Curia
1380 937 1558 967 commissae
1586 941 1663 971 sunt,
1687 935 1917 974 impedientibus
1941 934 1986 964 ci-

1271 983 1395 1012 tationes
1412 986 1439 1011 et
1462 981 1517 1011 alia
1537 981 1672 1011 mandata
1692 980 1834 1010 iustitiam
1856 979 1899 1008 rel
1923 987 1988 1017 gra-

1271 1027 1338 1055 tiam
1353 1025 1541 1055 continentia.
1555 1041 1590 1046 —
1603 1025 1628 1054 3.
1642 1024 1713 1054 Attis
1723 1032 1881 1063 i·ero,quos
1889 1031 1987 1052 causae

1270 1080 1327 1100 noii
1353 1074 1482 1107 tangunt,
1505 1073 1533 1098 et
1551 1068 1792 1108 impedientibus,
1815 1073 1845 1096 ut
1864 1076 1940 1107 sup.‚
1961 1071 1990 1096 et

1272 1116 1388 1145 illorum
1407 1113 1573 1143 fautoribus
1590 1111 1904 1142 excommunicationis
1925 1120 1989 1150 poe-

1271 1169 1338 1189 iiam
1367 1158 1501 1197 iiiipoiiit;
1529 1174 1566 1178 —
1596 1157 1624 1186 t.
1654 1155 1851 1194 Notariosque
1874 1155 1987 1184 instru-

1273 1208 1369 1233 menta
1402 1202 1609 1232 executionum
1634 1201 1703 1230 dare
1727 1204 1900 1229 recusantes
1923 1199 1990 1228 aliis

1273 1248 1374 1287 poenis
1398 1246 1527 1276 innodat.
1549 1263 1588 1267 —
1611 1245 1638 1274 5,
1660 1243 1825 1274 Ordinariis
1853 1242 1989 1282 publica-

1274 1295 1380 1322 tionem
1390 1292 1479 1321 liuius
1490 1290 1588 1320 bullae
1601 1289 1752 1329 praecipit.
1761 1305 1800 1311 —
1810 1289 1837 1318 6.
1849 1288 1992 1317 Executo—

1273 1346 1334 1367 rem
1355 1337 1475 1375 deputat
1492 1335 1568 1364 Aud.
1582 1333 1661 1363 Cam.
1679 1350 1718 1355 —
1737 1333 1763 1362 7.
1782 1332 1878 1362 iussio
1895 1331 1992 1372 publi-

1273 1381 1358 1411 candi
1380 1382 1453 1410 banc
1472 1380 1594 1409 bullam.
1614 1396 1652 1401 —
1675 1379 1702 1408 8.
1717 1377 1875 1408 Clausulae
1900 1377 1990 1406 dero-

1273 1425 1412 1464 gatoriae.
1431 1441 1470 1447 —
1487 1422 1653 1453 Publicatio
1671 1422 1700 1451 in
1719 1421 1911 1451 Cancellaria.

1261 1505 1437 1534 innocentius
1453 1504 1597 1539 opiscopus
1621 1509 1718 1531 serviis
1737 1508 1879 1531 servornm
1903 1500 1964 1533 Dei.

1368 1554 1402 1582 ad
1430 1553 1593 1589 perpetuam
1622 1552 1663 1581 rei
1688 1550 1858 1580 memoriam.

1285 1625 1388 1660 Officii
1412 1624 1509 1659 nostri
1534 1623 1690 1669 debiturn,
1713 1634 1776 1670 quo
1794 1633 1905 1657 sumus
1916 1621 1992 1656 uni-

1237 1675 1334 1709 versis
1368 1682 1493 1709 nostrae
1533 1685 1627 1709 curae
1654 1672 1782 1708 creditis
1818 1672 1847 1706 in
1877 1671 1991 1706 iustitia

1237 1724 1400 1759 debitores
1417 1751 1424 1763 ,
1459 1722 1559 1769 exigit
1586 1731 1615 1757 et
1643 1722 1679 1757 ad
1710 1722 1769 1756 boc
1792 1721 1992 1768 potissimum

1238 1786 1295 1809 nos
1317 1773 1451 1813 inducit,
1468 1781 1500 1807 ut
1524 1772 1616 1807 buius
1639 1779 1766 1806 sanctae
1787 1770 1881 1805 Sedis
1904 1770 1994 1817 Apo-

1238 1823 1364 1858 stolicae
1405 1822 1622 1857 auctoritatem
1656 1829 1685 1855 et
1721 1821 1872 1855 bonorem
1903 1831 1994 1866 prae-

1238 1884 1411 1911 servemus,
1433 1883 1470 1906 ac
1496 1879 1694 1918 opportunae
1727 1880 1917 1916 provisionis
1945 1880 1995 1904 re-

1240 1921 1340 1956 media
1376 1920 1469 1955 etiam
1505 1920 1737 1959 adhibeamus,
1762 1931 1817 1965 per
1838 1929 1920 1965 quae
1948 1918 1996 1952 ius

1239 1983 1332 2006 suum
1361 1970 1496 2017 quisque
1520 1968 1673 2016 consequi
1698 1967 1822 2008 valeat,
1844 1975 1875 2002 et
1902 1967 1994 2002 iusti-

1241 2021 1313 2055 tiam
1341 2019 1511 2067 exquisitis
1538 2019 1596 2053 viis
1618 2027 1647 2053 et
1669 2030 1684 2053 a
1709 2016 1884 2052 canonibus
1907 2016 1997 2051 dani-

1241 2069 1322 2104 natis
1345 2068 1450 2104 modis
1472 2069 1658 2103 conculcare
1689 2066 1898 2114 satagentium
1928 2078 1998 2101 ma-

1241 2119 1314 2153 litiis
1341 2119 1486 2153 obvietur
1503 2146 1510 2159 ,
1540 2126 1853 2164 transgressoresque
1881 2115 1996 2151 debitis

1240 2172 1419 2207 afficiantur
1435 2172 1556 2219 poenis,
1573 2180 1605 2205 iit
1624 2184 1639 2206 a
1662 2170 1818 2205 similibus
1834 2169 1995 2205 abstinere

1241 2227 1381 2266 discaiit3
1406 2235 1436 2261 et
1458 2226 1522 2265 alii,
1550 2227 1575 2261 si
1600 2238 1661 2261 non
1686 2224 1811 2259 virtutis
1833 2236 1941 2259 amore
1965 2233 1996 2259 et

1242 2281 1376 2315 iustitiae
1414 2279 1480 2315 zelo
1514 2280 1658 2323 inducti,
1686 2279 1796 2313 saltem
1825 2278 1997 2312 formidine

1243 2346 1360 2382 poenae
1389 2334 1567 2381 perterriti,
1597 2333 1669 2368 talia
1698 2332 1896 2368 committere
1933 2344 1996 2366 nou

1243 2396 1459 2437 praesumant.

1291 2444 1310 2491 ᾖ
1334 2445 1365 2477 1.
1388 2442 1471 2477 Sanc
1493 2442 1666 2476 multorum
1682 2440 1874 2476 clamoribus
1889 2448 1918 2475 et
1935 2440 1997 2475 fide

1243 2498 1409 2543 dignorum
1439 2496 1589 2531 relatione
1617 2499 1703 2539 (uon
1747 2496 1816 2529 sine
1858 2494 1995 2529 maxima

1244 2606 1329 2653 quod
1358 2605 1546 2653 saepissime
1573 2603 1749 2650 contingit,
1776 2611 1807 2638 et
1842 2602 1999 2651 quodam·

1996 227 2044 253 An*
2060 227 2088 252 C.
2110 227 2171 253 ttiet

2033 1646 2166 1668 Prooemium.

2035 2464 2154 2486 citationes
2177 2468 2200 2486 ot

2013 2497 2081 2516 innnd.
2107 2496 2197 2517 iudiciiin

1334 2552 1339 2557 ,
2014 2526 2099 2547 Roman.
2113 2526 2196 2551 Curiae,

1245 2560 1358 2587 mentis
1394 2558 1518 2586 nostrae
1541 2550 1791 2598 perturbatione)
1813 2549 1997 2596 accepimus
2013 2558 2199 2580 maiis-modim.

2013 2589 2062 2615 equ'i
2077 2589 2200 2616 impediun—
