2281 3251
237 262 257 287 Α
282 280 289 287 .
307 259 336 286 C.
358 259 423 288 ¹:3¹2

488 244 556 276 552

437 310 540 346 debite
554 310 722 352 molestari,
736 309 1041 355 auteisgraxamina,
1057 308 1185 342 iniurias

436 370 528 415 atque
562 360 674 394 damna
711 336 815 394 inferri
855 370 909 393 seu
948 356 1184 413 quomodolibet

438 411 580 457 irrogari3
595 408 881 456 quiuimmodictue
900 420 982 453 cons
987 407 1135 453 regationi
1150 419 1186 441 ac

438 460 521 494 illius
535 459 693 494 canonicis
705 457 899 506 praedictiss
894 470 922 491 in
933 456 1185 504 quibuscumque

435 509 561 544 risibus
579 521 633 543 seu
649 520 768 548 causis,
783 516 842 542 tam
857 506 1077 542 ecelesiasticis
1091 518 1184 553 quam

438 559 586 606 profanis,
598 570 714 605 percos
728 570 831 592 coram
846 556 1105 604 dictispersonis,
1115 568 1184 591 eon-

436 618 478 643 tra
503 620 718 656 quascumque
732 607 809 642 alias
826 619 985 654 personas,
1001 606 1185 641 cuiuscum-

435 671 496 705 que
512 658 682 705 qualitatis,
694 657 896 696 conditionis,
909 656 1036 703 gradus,
1053 656 1184 697 ordinis,

434 709 606 755 dignitatis,
618 708 799 752 nobilitatis,
810 707 1065 755 praeeminentiae
1080 715 1109 741 et
1121 717 1185 742 sta-

435 768 482 793 tus
497 758 622 799 suerint,
639 758 731 792 etiam
749 769 950 805 quacumque
966 757 1123 791 mundana
1137 756 1183 792 vel

436 808 647 843 ecelesiastica
671 816 725 843 aut
755 807 952 855 patriarchali
972 806 1184 854 praefulgeant

433 859 586 905 dignitate
609 870 661 892 seu
679 859 892 905 exemptione,
908 857 1085 898 mouendis,
1102 870 1185 892 sum-

435 910 530 943 marie
558 916 587 943 et
623 908 661 943 de
695 908 786 956 plano
826 920 861 943 ac
888 908 955 943 sine
988 908 1118 955 strepitu
1147 920 1183 942 ac

435 960 532 1005 ligura
558 958 676 998 iudicii,
704 959 767 993 sola
787 959 856 994 sacti
881 958 1006 993 veritate
1030 958 1182 1005 inspecta,

432 1009 616 1044 auctoritate
643 1009 812 1055 apostolica
841 1008 1021 1043 ministrent
1045 1008 1182 1043 iustitiae

431 1058 724 1106 complementum,
752 1059 1002 1105 ‹lenuutientque
1031 1058 1129 1105 palam
1153 1067 1183 1094 et

433 1109 556 1156 publice
579 1121 689 1144 omnes
716 1117 745 1143 et
767 1108 908 1155 singulos
927 1109 1184 1143 excommunica-

434 1169 493 1203 tos,
515 1171 595 1207 quos
623 1159 668 1193 eis
694 1159 869 1194 constiterit
891 1171 1042 1193 censuras
1063 1167 1092 1193 et
1107 1159 1183 1194 alias

432 1222 550 1256 poenas
577 1209 759 1248 incurrisse,
787 1221 821 1243 ac
849 1209 961 1244 saciant
981 1221 1034 1244 eos
1057 1208 1096 1243 ab
1113 1221 1183 1244 om-

432 1259 523 1294 nibus
538 1259 655 1294 arctius
670 1259 791 1303 evitari,
803 1267 832 1293 et
849 1258 965 1306 ubique
988 1271 1042 1305 pro
1056 1271 1183 1294 excom-

432 1309 783 1356 municatis,suspensis
797 1317 827 1343 et
847 1309 1021 1343 interdictis
1033 1309 1182 1350 nuntiari,

433 1369 459 1394 et
476 1359 1182 1406 legitimisdesuperlaetisproeessilms,illos,

431 1411 577 1457 quotiens
591 1421 671 1456 opus
685 1409 762 1444 snei
757 1418 789 1453 it,
806 1409 922 1443 iteratis
935 1409 1055 1444 vicibus
1069 1422 1181 1455 agsua-

430 1467 507 1493 unt
528 1471 582 1494 seu
606 1459 766 1506 aggravari
796 1468 988 1506 procurent,
1016 1445 1180 1494 conti-adi-

429 1518 532 1543 ctores
553 1488 712 1556 quoslibet
728 1521 782 1555 per
805 1521 969 1544 censuram
989 1509 1181 1544 ecclesiasti-

429 1559 725 1606 ‹·am,appellati0ne
742 1559 1181 1606 postposita,compescendo,

430 1610 573 1644 invocato
595 1609 689 1644 etiam
712 1609 749 1644 ad
775 1610 944 1656 praemissa
966 1623 1021 1645 seu
1052 1609 1178 1657 aliquod

432 1672 567 1704 eorum,
606 1659 631 1694 si
663 1671 743 1706 opus
771 1659 883 1700 fuerit,
911 1660 1028 1695 auxilio
1063 1660 1180 1695 brachii

427 1709 607 1753 saecularis,
635 1722 732 1757 super
758 1709 875 1757 quibus
896 1710 1047 1745 omnibus
1065 1710 1111 1745 eis
1135 1711 1181 1744 sa-

427 1760 574 1794 cultatem
598 1759 801 1795 concedimus
824 1772 880 1807 per
902 1769 1093 1807 praesentes.
1116 1760 1182 1795 Vo-

430 1810 534 1844 lumus
561 1818 664 1845 autem
686 1810 771 1857 quod
797 1810 960 1845 univ-cisae
978 1818 1008 1845 et
1035 1811 1180 1858 singulae

431 1872 595 1907 pinsonae,
617 1859 735 1908 quibus
761 1872 873 1895 causae
897 1861 1081 1895 auctoritate
1087 1840 1181 1896 Dlite-

430 1922 533 1944 rarum
548 1909 790 1957 apostolicarum
806 1910 941 1956 delegari
958 1910 1180 1958 possent,dum

428 1968 458 1994 et
480 1961 639 2007 quotiens,
661 1972 715 2007 pro
732 1968 818 2008 parte
847 1960 959 2007 prioris
982 1961 1136 2007 generalis
1152 1969 1182 1996 et

428 2009 560 2045 aliorum
584 2010 745 2052 abbatum,
765 2010 904 2057 priorum
920 2018 950 2045 et
965 2019 1180 2046 conventuum

429 2072 465 2094 ac
479 2060 703 2095 canonicorum
731 2068 784 2095 aut
807 2060 991 2095 monialium
1008 2073 1062 2096 seu
1089 2072 1181 2096 soro-

430 2127 496 2148 rum
513 2126 548 2149 ac
575 2126 780 2162 personarum
798 2114 1052 2162 congregationis
1069 2115 1179 2150 liuius-

429 2168 513 2204 modi
543 2169 588 2203 vel
611 2169 743 2205 alicuius
760 2182 881 2209 eorum,
904 2169 1021 2204 suerint
1042 2169 1181 2216 legitime

429 2224 629 2271 requisiti,ad
644 2225 887 2273 exequutionem
905 2237 1181 2273 quarumcumque

427 2277 584 2313 literarum
618 2278 721 2315 dietae
748 2278 842 2315 Sedis
873 2280 1179 2315 conservatoriarum

427 2340 678 2380 nuncupatarum
695 2345 730 2369 ac
744 2334 1002 2382 praemissarum,
1023 2335 1179 2382 praefatae

427 2388 664 2435 congregationi
693 2388 739 2424 vel
767 2389 834 2424 eius
857 2390 1070 2431 monasteriis,
1096 2390 1182 2437 prio-

429 2441 559 2487 ratibus,
586 2442 754 2485 membris,
777 2443 955 2489 abbatibus,
973 2444 1128 2492 prioribus
1150 2452 1181 2479 et

427 2496 635 2532 conventibus
674 2505 727 2532 aut
765 2498 953 2534 monialibus
979 2511 1035 2534 seu
1063 2499 1181 2534 sorori-

427 2549 488 2585 bus
509 2558 539 2586 et
553 2551 708 2598 personis,
725 2561 831 2588 contra
848 2552 908 2588 illis
927 2552 1095 2589 inserentes
1111 2565 1182 2589 mo-

428 2604 545 2651 lestias,
572 2605 715 2648 iniurias,
737 2607 917 2654 gravamina
945 2616 1039 2656 atque
1054 2608 1180 2653 damna,

428 2671 649 2697 concessarum
663 2660 815 2697 hactenus
827 2670 856 2698 et
872 2662 902 2699 in
927 2671 1087 2711 posterum
1103 2674 1181 2699 con-

1028 252 1211 274 numantina!
1241 252 1402 274 ttoataxtssn

1230 308 1454 350 cedendarum,
1468 308 1626 354 perpetuis
1642 307 1754 342 futuris
1770 305 1978 354 temporibus,

1231 358 1399 406 procedant
1425 369 1479 404 per
1504 369 1538 392 se
1561 358 1607 392 vel
1629 357 1719 402 alios,
1745 357 1829 392 iuxta
1851 368 1979 392 earum-

1229 408 1299 442 dem
1317 407 1619 442 conservatoriarum
1643 408 1801 443 literarum
1817 407 1978 441 continen-

1229 458 1300 491 tiam
1315 465 1407 503 atque
1423 457 1564 498 sormam,
1580 457 1609 492 in
1624 458 1772 492 omnibus
1787 465 1815 492 et
1832 468 1887 503 per
1903 468 1980 491 om-

1230 507 1278 541 nia
1296 535 1303 544 ,
1337 507 1466 554 perinde
1497 519 1532 542 ac
1559 507 1582 541 si
1618 508 1702 554 ipsae
1729 507 1980 542 conservatoriae

1229 556 1356 591 literaea
1369 556 1521 604 principio
1537 556 1685 601 directae,
1698 557 1804 604 eisque
1816 565 1860 601 ut,
1871 569 1980 604 quam-

1229 607 1272 640 vis
1300 606 1375 641 alias
1398 615 1632 642 conservatores
1660 619 1728 642 esse
1751 619 1812 642 non
1838 614 1980 653 possent,

1229 656 1295 691 illas·
1313 665 1544 703 exequerentur
1566 669 1712 703 expresse
1741 656 1924 691 mandatum
1949 664 1980 690 et

1227 719 1326 753 super
1349 706 1406 741 lioc
1428 719 1576 742 concessa
1605 706 1736 742 facultas
1759 706 1878 741 fuisset.

1275 758 1295 804 5²
1318 759 1374 791 350.
1402 757 1471 792 Nou
1494 757 1693 792 obstantibus
1720 757 1867 792 natalium
1891 756 1980 792 dese-

1227 816 1290 851 etu,
1310 820 1346 841 ae
1368 807 1558 854 Lugdunen.
1575 807 1698 842 concilii
1724 815 1753 841 et
1775 807 1843 854 piae
1859 819 1980 842 memo-

1227 858 1288 892 riae
1303 857 1475 892 luuocentii
1486 858 1585 903 quarti
1596 858 1677 893 circa
1689 865 1852 904 exemptos
1865 857 1979 902 editae,

1225 920 1305 955 quae.
1332 909 1443 955 incipit
1477 909 1633 949 Volenles,
1657 917 1685 943 et
1709 908 1834 942 Martini
1864 907 1979 955 quinti,

1227 971 1347 993 necnon
1364 958 1517 993 Bonisaeii
1534 959 1647 998 octavi,
1663 958 1879 993 Romanorum
1893 957 1981 993 Pon-

1227 1009 1340 1043 tificum
1361 1008 1638 1056 praedeeessorum
1656 1016 1847 1049 nostrorum,
1862 1007 1980 1056 quibus

1225 1067 1351 1093 cavetur
1378 1071 1415 1093 ne
1443 1059 1513 1105 quis
1541 1069 1626 1094 extra
1649 1071 1737 1094 suam
1767 1059 1925 1093 civitatem
1949 1067 1979 1093 et

1225 1109 1415 1153 dioecesim,
1433 1110 1490 1144 nisi
1514 1110 1607 1144 certis
1629 1109 1768 1156 exceptis
1789 1108 1926 1149 casibus,
1949 1117 1979 1142 et

1226 1159 1254 1193 in
1273 1159 1422 1194 illisultra
1436 1172 1530 1194 unam
1545 1159 1679 1194 diaetam
1694 1158 1787 1194 atine
1803 1171 1878 1194 suae
1896 1158 1978 1193 dioe-

1224 1209 1304 1244 cesis
1325 1209 1362 1244 ad
1388 1210 1538 1244 iudicium
1567 1218 1726 1250 evocetur3
1754 1221 1810 1244 seu
1834 1221 1872 1244 ne
1894 1208 1980 1243 iudi-

1224 1271 1276 1294 ces
1299 1272 1313 1294 a
1336 1258 1420 1295 Sede
1439 1259 1596 1315 praedicta
1618 1260 1768 1306 deputati,
1791 1267 1876 1294 extra
1900 1259 1978 1294 eivi-

1226 1317 1317 1343 tattm
1334 1319 1363 1343 et
1379 1310 1592 1353 dioecesim,
1586 1323 1614 1344 in
1631 1309 1895 1357 quibusdeputati
1911 1308 1977 1343 fue-

1225 1359 1295 1399 rint,
1312 1368 1417 1395 contra
1433 1372 1652 1407 quoscumque
1667 1358 1850 1407 procedeiqe
1860 1366 1912 1394 aut
1926 1358 1978 1393 alii

1224 1417 1253 1443 et
1272 1410 1339 1444 aliis
1356 1411 1437 1445 vices
1454 1422 1527 1445 suas
1542 1410 1738 1445 committere
1763 1417 1976 1457 praesumant,

1224 1459 1300 1494 θιὼ·
1313 1460 1362 1493 du
1359 1460 1594 1495 ibusdiactisin
1610 1460 1743 1494 coneilio
1754 1460 1904 1505 generali,
1920 1471 1978 1494 uec

1225 1522 1284 1544 nou
1302 1523 1382 1557 quae
1407 1510 1516 1558 incipit
1538 1513 1639 1555 Super
1660 1511 1820 1555 cathedra,
1833 1509 1975 1544 eiusdem

1223 1563 1376 1599 Bonil‘acii
1399 1565 1517 1612 Papae,
1538 1565 1630 1599 etiam
1651 1563 1904 1612 praedecessoris
1920 1577 1977 1600 uo-

1224 1620 1291 1664 stri,
1313 1628 1343 1655 et
1366 1619 1435 1654 aliis
1451 1620 1563 1665 literis,
1579 1619 1859 1655 constitutionibus
1880 1627 1909 1655 et
1924 1632 1977 1655 or-

1224 1674 1439 1710 dinationibus
1465 1674 1668 1722 apostolicis,
1701 1673 1792 1709 etiam
1821 1686 1976 1721 quorum-

1224 1741 1361 1778 cumque
1383 1731 1514 1766 aliorum
1531 1729 1715 1778 pontificum
1731 1729 1876 1764 similiter
1891 1742 1977 1777 prae-

1223 1784 1426 1821 deeessorum
1452 1794 1643 1828 nostrorum,
1664 1783 1710 1819 vel
1733 1784 1825 1819 etiam
1855 1784 1885 1818 in
1903 1797 1976 1831 pro-

1225 1839 1412 1875 vincialibus
1433 1849 1463 1874 et
1484 1838 1687 1888 synodalibus
1707 1839 1852 1874 conciliis
1870 1839 1975 1880 editis,

1225 1907 1347 1930 necnon
1375 1895 1566 1942 specialibus
1587 1893 1633 1929 vel
1656 1893 1858 1940 generalibus
1879 1893 1978 1929 eccle-

1224 1950 1354 1991 siarum,
1377 1950 1653 1990 monasteriorum,
1673 1949 1870 1996 prioratuum
1890 1956 1919 1984 et
1940 1960 1977 1984 a-

1225 2004 1338 2039 liorum
1363 2004 1553 2051 regularium
1578 2004 1738 2045 locorum,
1760 2003 1855 2038 etiam
1875 2003 1976 2038 dictae

1225 2066 1406 2105 congregat.
1432 2059 1604 2100 unitorum,
1627 2067 1657 2093 et
1680 2058 1804 2094 illorum
1823 2070 1859 2094 ac
1887 2070 1977 2106 prae-

1224 2112 1392 2154 dictorum,
1419 2121 1448 2148 et
1467 2126 1602 2161 quorum
1626 2114 1691 2161 ipsa
1715 2114 1799 2148 unita
1815 2120 1977 2148 monaste-

1225 2168 1282 2213 ria,
1304 2167 1460 2215 prioratus
1474 2176 1504 2203 et
1526 2168 1591 2204 loca
1611 2167 1782 2213 extiterint,
1804 2166 1977 2212 Ordinum,

1225 2230 1256 2258 et
1285 2223 1365 2258 inter
1391 2235 1612 2271 quoscumque
1635 2222 1776 2258 eiusdem
1799 2233 1974 2269 congrega-

1225 2278 1320 2314 tionis
1341 2278 1448 2313 Sancti
1479 2278 1650 2314 Salvatoris
1671 2277 1842 2313 canonicos
1865 2289 1902 2312 ac
1928 2276 1976 2312 lo-

1225 2346 1333 2369 corum
1358 2333 1536 2369 ordinarios
1557 2345 1613 2368 seu
1637 2340 1774 2368 rectores
1797 2330 1976 2380 praedictos

1226 2389 1312 2424 initis
1334 2397 1365 2424 et
1385 2387 1544 2424 conclusis
1564 2400 1600 2423 ac
1623 2387 1776 2423 hactenus
1798 2386 1974 2422 observatis

1226 2444 1325 2492 pactis
1338 2451 1368 2480 et
1382 2442 1657 2485 conventionibus,
1672 2442 1766 2478 etiam
1787 2442 1975 2486 iuramento,

1225 2498 1465 2534 confirmatione
1487 2497 1656 2546 apostoliea
1680 2496 1725 2532 vel
1748 2497 1857 2544 quavis
1875 2495 1975 2530 firmi-

1224 2561 1286 2588 tate
1308 2553 1364 2589 alia
1393 2552 1547 2589 roboratis
1562 2579 1571 2597 ,
1599 2551 1721 2587 statutis
1747 2558 1778 2586 et
1799 2557 1975 2586 consuetu-

1224 2607 1373 2652 dinibus,
1413 2607 1585 2656 privilegiis
1621 2618 1747 2654 quoque
1774 2613 1804 2640 et
1843 2604 1974 2639 indultis

1224 2662 1406 2711 apostolicis
1449 2661 1616 2710 quibusvis
1669 2659 1950 2697 communitatibus
1964 2685 1974 2704 ‚

1994 253 2045 277 An.
2064 249 2091 277 C.
2112 251 2178 278 ¹5¹2

2005 769 2116 795 nerogauo
2127 775 2179 796 quo<

1995 807 2110 828 rumcumq.
2127 807 2178 822 cou-

1996 832 2113 853 [rariorum.
