2281 3251
128 276 178 305 An.
199 276 225 303 C.
245 275 313 302 tanti

137 386 165 407 De
177 386 262 406 clericis
276 390 312 405 nn-

135 416 299 444 prnnunicrnriis

128 447 271 469 admittendis.

940 268 1098 291 sonamus
1120 268 1152 290 lv
1177 268 1225 290 ιη).
1775 258 1818 289 79

377 328 451 375 §8-
480 326 681 373 Quicumque
713 325 751 359 ab
779 325 958 371 Apostolica
992 324 1074 358 Sed<

328 377 432 412 clerici
466 376 532 410 fisci
567 375 718 421 designati
742 374 869 417 sttetint,
898 386 958 408 non
989 373 1074 420 prius

327 439 343 462 a
371 425 503 471 collegio
534 424 749 465 admittantur,
772 436 864 470 quam
893 435 1005 457 aureos
1028 423 1075 455 xi—

327 476 404 523 ginti
428 488 481 510 sex
505 474 637 520 collegio
655 473 807 508 Gamerae
830 472 1074 513 nunteravniiinu

326 525 482 560 admissos
515 532 619 559 autem
657 523 725 557 illos
748 522 971 568 intelligimus,
1008 522 1074 568 qui,

326 575 418 609 etiam
437 574 514 608 uitia
535 585 715 616 numerum,
730 573 765 606 ad
783 572 890 606 sedem
915 571 1075 605 habitum—

327 636 389 672 que
418 624 622 670 recipiuntur.
650 622 820 657 Memorata
853 633 923 655 vero
952 633 1074 654 summa

327 674 386 708 hoc
414 682 503 720 pacto
537 672 759 712 distribuatur,
788 680 819 705 ut
854 671 939 704 aurei
969 670 1074 716 virinti

327 723 364 757 ad
383 734 473 757 usum
490 722 594 757 altaris
609 721 733 765 cedant,
756 733 810 755 sex
830 728 931 754 autem
951 719 1074 765 ιιΙιιμιί,

327 784 382 819 pro
406 771 500 807 veteri
525 784 621 812 more,
650 771 716 805 iure
750 770 895 804 iocalium
931 768 1076 802 dividan-

328 830 387 856 tur
417 821 498 856 Cum
533 830 638 856 autem
675 820 860 855 clericorum
898 819 986 872 loca,
1022 817 1075 864 qui

328 871 406 905 intra
431 883 596 905 numerum
625 879 712 911 sunt,
735 869 921 908 vacaverint,
939 868 1075 913 priorem

327 932 364 955 ex
393 920 458 960 liis,
485 921 537 966 qui
569 928 691 966 praeter
724 929 888 952 numerum
911 924 998 957 sunt,
1024 923 1078 950 ant

328 982 420 1017 quem
449 969 602 1004 Summus
637 967 780 1003 pontufex
809 966 943 1006 iusserit,
970 966 1000 999 in
1028 965 1077 1000 lo-

328 1031 400 1054 cum
433 1031 563 1053 vacuum
592 1018 760 1064 collegium
796 1016 956 1061 subroget
986 1014 1078 1062 isque

327 1069 470 1103 omnium
495 1068 652 1102 lucrorum
675 1065 852 1109 commoda,
875 1064 1079 1112 quemadmo-

328 1118 403 1152 dum
427 1126 457 1152 et
479 1117 608 1163 reliqui,
634 1116 796 1164 percipiat.
816 1114 876 1156 Qui
900 1123 1002 1149 autem
1023 1113 1079 1147 ad-

329 1167 463 1202 mittitur
489 1166 525 1200 ad
550 1165 731 1212 collegium,
755 1163 956 1198 iureiurando
985 1163 1079 1210 polli-

308 1220 435 1251 'ceatur
469 1227 593 1250 servare
637 1214 862 1260 custodire-que
895 1220 1009 1248 statuta
1049 1220 1079 1246 et

143 1421 172 1443 Dc
188 1421 273 1442 clericis
287 1420 313 1440 81¹

129 1452 252 1479 ampliorem
281 1451 313 1471 di-

129 1484 230 1509 gott-tem
261 1487 314 1503 eve-

129 1517 177 1536 ctis.

145 2172 173 2193 De
229 2172 316 2193 infirmis

132 2207 215 2230 quoque
236 2206 257 2224 ct
278 2203 316 2223 ub-

132 2235 239 2258 semibus,

329 1265 477 1313 probatos
504 1276 607 1298 mores
635 1264 728 1298 liuius
762 1263 897 1297 celebris
926 1274 1080 1296 veneran-

328 1315 424 1361 dique
446 1313 580 1359 collegii.

377 1363 397 1411 S
418 1367 451 1397 9.
475 1363 563 1405 Quos
585 1363 665 1396 vitae
688 1361 889 1409 praestantia,
912 1360 986 1396 clari
1012 1373 1079 1395 mo-

330 1425 380 1448 res
406 1422 459 1448 aut
482 1412 668 1447 excellentia
698 1411 859 1446 doctrinae
895 1411 932 1445 ad
956 1411 1081 1457 episco-

330 1462 407 1510 palis
430 1462 476 1497 vel
496 1462 626 1497 alterius
648 1461 878 1516 dignitatum
860 1460 991 1495 oradnm
1014 1472 1082 1494 eve-

329 1513 425 1556 xerit,
459 1524 584 1546 summa
612 1511 810 1545 veneratione
832 1518 863 1543 et
894 1509 1081 1544 libiralitate

331 1562 477 1608 prosequi
500 1561 658 1605 convenit,
683 1559 942 1607 quandoquidem
969 1559 1080 1594 lionori

330 1610 703 1659 etamplitudiniuostrae
714 1610 887 1657 plurimum
907 1609 1006 1644 cedat.
1027 1608 1081 1643 llle

330 1668 451 1705 autem,
485 1662 539 1707 qui
572 1672 590 1694 e
613 1668 720 1695 nostro
751 1659 884 1705 collegio
918 1667 1082 1706 promotus

331 1709 538 1745 translatusve
561 1709 652 1744 etiam
675 1710 802 1757 saepius
825 1708 934 1752 suerit,
957 1720 1083 1755 semper

330 1759 480 1806 quicquid
509 1759 621 1794 caeteri
645 1758 760 1793 debent
784 1758 978 1792 ιιιίιιιιιοιιιιιι
1002 1758 1081 1792 sacri

328 1808 421 1863 sigilli
444 1810 612 1856 omnisque
635 1809 765 1843 alterius
786 1808 954 1842 solutionis
976 1820 1082 1842 came-

329 1870 428 1913 rarto,
463 1858 678 1901 thesaurario,
712 1857 836 1892 clericis
871 1865 902 1891 et
941 1858 1080 1897 uotar,iis

331 1907 458 1942 minime
489 1908 599 1951 solvat,
621 1907 675 1942 sed
704 1920 738 1942 ea
762 1907 866 1941 omnia
900 1906 996 1941 libera
1026 1919 1083 1953 pa-

329 1966 412 1992 trum
430 1957 600 1992 donatione
617 1957 778 2004 suscipiat.
795 1956 954 2002 Quicquid
974 1965 1081 1990 autem

330 2005 373 2040 illi
396 2019 434 2041 ex
457 2007 617 2041 communi
643 2007 730 2041 lucro
760 2007 939 2047 deberetur,
974 2015 1082 2041 exacto

332 2068 457 2097 mense,
491 2069 583 2100 omne
606 2055 642 2090 ad
667 2056 772 2090 altaris
795 2068 884 2090 usum
911 2056 1081 2102 perveniat.

380 2114 395 2153 ξ
425 2113 479 2145 10.
509 2110 653 2145 lulirmos
675 2122 806 2157 corpore
829 2110 954 2157 pietatis
982 2110 1082 2144 officio

331 2163 478 2211 amplecti
495 2164 668 2199 humanum
690 2165 839 2211 piumque
856 2164 988 2199 videtur:
1009 2177 1083 2211 pro-

333 2226 451 2265 pterea,
474 2219 498 2253 si
521 2230 614 2265 quem
640 2218 668 2252 in
691 2218 786 2252 Curia
807 2226 1003 2264 praesentem
1028 2231 1085 2253 ve-

331 2273 447 2307 xaverit
467 2272 609 2312 morbus,
625 2285 640 2307 a
659 2271 871 2319 percipiendis
885 2271 980 2306 lucris
995 2284 1084 2307 com-

331 2326 500 2368 munibus,
534 2326 620 2362 velut
655 2326 769 2362 caeteri
805 2325 879 2360 fisco
914 2326 1084 2362 servientes

333 2381 464 2416 minime
492 2381 688 2416 excludatur.
722 2380 814 2422 Quod
856 2380 879 2414 si
908 2380 944 2414 ad
974 2380 1082 2415 balnea

333 2435 380 2470 vel
402 2436 459 2471 alia
482 2435 549 2470 loca
573 2435 757 2470 salubrioris
779 2435 861 2469 aeris
884 2434 979 2468 alium
993 2447 1084 2482 opor-

333 2491 426 2526 tuerit
447 2490 608 2530 secedere,
631 2489 798 2524 cuiuslibet
821 2489 979 2524 commodi
1005 2502 1083 2536 par-

334 2545 432 2592 ticeps
454 2545 505 2584 sit,
528 2544 649 2590 integro
666 2556 785 2578 mense.
810 2543 891 2577 Cum
916 2555 989 2578 vero
1011 2543 1084 2578 diu-

334 2599 456 2634 turnior
475 2598 568 2633 fuerit
589 2597 773 2644 aegrotatio,
791 2597 930 2631 bimestri
953 2604 1085 2631 tantum-

335 2653 452 2695 modo,
484 2652 655 2689 accedente
692 2651 839 2698 suffragio
870 2651 1008 2699 plurium
1049 2663 1086 2687 ex

1117 323 1263 368 collegio,
1295 321 1380 355 lucra
1409 320 1608 354 obvenientia
1631 319 1774 366 excipiat.
1804 321 1873 355 Ab·

1118 381 1224 406 sentes
1258 378 1362 405 autem
1397 369 1541 416 publicae
1577 369 1622 403 vel
1658 370 1793 416 privatae
1830 371 1871 404 rei

1117 434 1222 463 causa,
1247 420 1323 455 uiliil
1347 420 1477 454 omnino
1506 419 1668 466 percipere
1691 427 1743 453 aut
1767 427 1873 466 petere

1119 471 1257 510 valcant,
1280 470 1338 504 nisi
1374 468 1508 504 duarum
1536 480 1571 503 ex
1606 468 1706 503 tribus
1734 468 1873 515 partibus

1119 521 1197 555 votis
1225 519 1424 554 decernatur.

1167 574 1182 611 ξ
1214 572 1268 603 11.
1293 569 1479 603 Extremum
1503 567 1598 601 liuius
1626 566 1705 601 vitae
1737 566 1819 600 diem
1843 575 1872 600 et

1119 627 1250 652 mortem
1281 618 1442 652 indubiam
1468 616 1629 663 prudentis
1657 624 1703 650 est
1731 627 1873 663 praeme-

1118 668 1220 702 ditari.
1257 668 1403 714 Cumque
1437 666 1587 701 omnibus
1629 666 1668 700 sit
1695 666 1874 700 communis

1119 729 1188 751 sors
1215 725 1244 751 et
1273 716 1426 751 moriendi
1456 716 1517 756 lex,
1541 716 1688 763 pietatem
1717 727 1873 749 summam

1120 774 1276 812 praestare
1310 766 1466 800 defunctis
1505 764 1542 800 ad
1581 777 1638 799 uos
1674 764 1873 810 potissimum

1121 816 1268 862 pertinet,
1289 816 1341 862 qui
1366 816 1395 849 in
1419 823 1535 849 sortem
1556 813 1685 849 Domini
1710 814 1808 849 vocati
1827 826 1876 848 su-

1121 877 1199 898 mus.
1229 865 1262 900 Si
1289 877 1383 911 quem
1412 865 1505 910 igitur
1533 875 1570 898 ex
1600 871 1707 898 nostro
1740 863 1875 908 collegio

1121 914 1198 948 mori
1235 915 1414 961 contingat,
1445 921 1641 960 praesentem
1679 922 1733 948 aut
1760 912 1875 947 absen-

1121 971 1194 1007 tem,
1220 976 1280 1010 qua
1304 964 1354 997 die
1381 963 1550 1010 sepnlcliro
1574 962 1757 1005 mandatur,
1780 962 1876 996 funus

1121 1022 1172 1047 aut
1207 1014 1353 1048 nuntium
1379 1012 1488 1046 mortis
1516 1012 1689 1053 advenerit,
1718 1012 1764 1046 vel
1796 1012 1875 1046 intra

1122 1062 1254 1096 biduum
1291 1063 1482 1109 proximum,
1506 1062 1657 1108 exequiae
1692 1061 1876 1096 solemniter

1120 1111 1331 1151 celebrentur,
1358 1111 1475 1158 quibus
1506 1111 1627 1145 intersit
1654 1123 1747 1145 omne
1775 1110 1876 1145 colle-

1121 1161 1221 1207 gium,
1237 1168 1266 1194 et
1285 1161 1398 1195 missae
1415 1161 1541 1206 triginta
1557 1160 1713 1199 dicantur,
1736 1172 1876 1194 omnem-

1121 1222 1183 1257 que
1198 1211 1279 1245 lianc
1302 1211 1476 1257 impensam
1494 1222 1550 1256 pro
1565 1209 1717 1255 dignitate
1732 1217 1762 1243 et
1777 1209 1874 1255 gradu

1122 1259 1261 1294 defuncti
1285 1260 1453 1306 collegium
1478 1259 1627 1293 exsolvat.
1651 1258 1802 1293 Liberum
1820 1270 1876 1293 an-

1123 1317 1186 1343 tem
1212 1310 1252 1344 sit
1279 1309 1471 1345 haeredibus
1497 1316 1551 1343 aut
1579 1308 1877 1343 fideicommissariis

1123 1358 1275 1399 defuncti,
1295 1367 1418 1406 praeter
1440 1371 1508 1393 eam
1531 1370 1703 1402 summam,
1724 1357 1875 1405 quicquid

1124 1409 1153 1443 in
1178 1409 1260 1455 piam
1289 1421 1415 1443 causam
1445 1408 1601 1442 volueriut
1627 1419 1766 1453 erogare.

1172 1458 1192 1505 ἓ
1214 1460 1268 1492 12
1293 1457 1470 1504 Religionis
1484 1469 1610 1492 causam
1627 1469 1753 1512 semper
1767 1465 1796 1491 et
1813 1455 1878 1491 ubi-

1123 1520 1184 1554 que
1201 1508 1402 1555 praecipuam
1419 1507 1560 1542 extitisse
1582 1518 1676 1540 nemo
1695 1507 1752 1541 nisi
1774 1507 1877 1553 impe-

1124 1558 1203 1591 ritus
1227 1558 1359 1603 ignorat,
1379 1557 1579 1603 legimusque
1607 1555 1809 1590 Salomonem
1825 1568 1877 1590 sa-

1126 1606 1359 1653 pientissimum
1397 1618 1503 1653 regem
1525 1606 1617 1652 longe
1645 1605 1876 1651 diligentiorem

1125 1656 1221 1691 l'uisse
1236 1656 1265 1690 in
1280 1656 1462 1691 aedificanda
1477 1655 1572 1690 domo
1588 1655 1657 1696 Dei,
1672 1667 1766 1702 quam
1781 1656 1875 1701 regia.

1124 1705 1214 1740 Hanc
1228 1718 1303 1753 ergo
1334 1714 1365 1741 ut
1393 1718 1465 1740 cum
1481 1705 1629 1752 singulari
1645 1705 1712 1739 zelo
1734 1713 1764 1739 et
1782 1705 1876 1739 animi

1125 1756 1244 1790 fervore
1279 1767 1524 1802 prosequamur,
1553 1754 1755 1789 decernimus
1781 1754 1878 1789 colle-

1124 1805 1212 1851 gium
1223 1814 1366 1840 nostrum
1381 1804 1496 1840 babere
1507 1804 1603 1839 altare
1614 1804 1801 1839 instructum
1816 1816 1880 1838 om-

1126 1854 1229 1899 nibus,
1244 1854 1530 1902 decenterquidem
1549 1866 1584 1888 ac
1599 1861 1719 1898 ornate,
1742 1865 1822 1901 quae
1841 1853 1878 1887 ad

1125 1904 1313 1939 sacrificium
1337 1903 1562 1939 celebrandum
1587 1903 1762 1938 necessaria
1792 1911 1879 1946 sunt,

1126 1954 1255 2001 illaque,
1280 1963 1312 1988 ut
1335 1954 1364 1988 in
1388 1952 1598 1989 anterioribus
1634 1952 1787 1996 diximus,
1823 1952 1879 1986 de-

1125 2004 1192 2037 cani
1234 2004 1418 2050 diligentiae
1458 2002 1666 2046 mandentur,
1701 2002 1792 2036 cuius
1832 2002 1877 2035 vi-

1125 2052 1252 2098 gilantia
1281 2062 1311 2087 et
1345 2053 1450 2087 studio
1485 2063 1612 2099 semper
1647 2053 1876 2086 incrementum

1125 2105 1232 2142 divino
1263 2107 1360 2142 cultui
1390 2107 1533 2141 dedicata
1565 2105 1752 2152 suscipiant.
1775 2104 1878 2139 Omne

1125 2169 1228 2195 antem
1263 2161 1431 2207 collegium
1462 2169 1623 2203 nostrum,
1647 2166 1768 2206 praeter
1802 2159 1876 2192 festa

1125 2227 1205 2262 quae
1228 2215 1266 2250 ab
1293 2215 1433 2250 Ecclesia
1457 2214 1676 2257 observantur,
1708 2212 1876 2260 praecipua

1128 2271 1329 2304 veneratione
1352 2269 1484 2315 singulis
1511 2268 1602 2303 aunis
1623 2266 1760 2302 celebret
1793 2266 1875 2300 diem

1126 2324 1371 2358 constantissimi
1393 2336 1429 2358 ac
1452 2323 1549 2357 seticis
1574 2321 1716 2369 martyris
1738 2320 1878 2355 Lauren-

1127 2378 1176 2417 ui,
1200 2379 1239 2413 ita
1263 2387 1295 2413 ut
1318 2389 1462 2425 vesperas
1485 2385 1515 2411 et
1537 2376 1710 2411 solemnem
1735 2376 1877 2415 missam,

1127 2431 1322 2467 adstantibus
1346 2430 1614 2466 reverendissimis
1640 2429 1776 2464 dominis
1810 2440 1878 2462 car-

1127 2486 1287 2521 dinalibus
1314 2495 1343 2520 et
1377 2486 1510 2520 caeteris
1538 2483 1696 2532 praelatis,
1728 2481 1878 2517 celebrari

1127 2550 1249 2575 curent.
1277 2539 1478 2574 Sacerdotem
1511 2549 1647 2585 quoque,
1680 2536 1734 2583 qui
1767 2534 1878 2569 diebus

1129 2595 1236 2636 festis,
1258 2602 1288 2629 et
1310 2593 1424 2640 quibus
1451 2592 1620 2638 collegium
1648 2588 1794 2624 convenit
1822 2600 1878 2635 pro

1128 2649 1195 2684 iure
1211 2647 1386 2688 reddendo,
1403 2647 1530 2682 missam
1549 2644 1696 2687 celebret,
1710 2641 1877 2687 collegium

1889 265 1937 291 An.
1952 265 1978 290 C.
2002 266 2067 291 inm

1911 575 2074 596 Dormientium-

1891 613 1930 633 1]υῦ
1946 613 2041 633 eleqillti

1906 1464 1934 1485 De
1950 1464 2023 1484 attari·
2041 1470 2078 1484 or-

1893 1498 1999 1516 namentis
2057 1499 2078 1515 et

1892 1528 1970 1551 missis,
1988 1526 2077 1553 aliisque

1892 1557 1967 1579 officiis
2018 1558 2077 1578 cete-

1893 1589 1986 1609 bruneis,
