2281 3251
251 258 299 286 An.
316 257 343 285 C.
363 257 432 284 into

262 1472 374 1493 Confirmat
386 1477 437 1492 con-

254 1505 296 1524 nit.
325 1503 436 1524 Atenndrt
454 1508 458 1514 ·

254 1534 281 1556 Vl
301 1534 335 1561 (1),
354 1539 436 1555 necnon

263 1568 431 1589 tui-indictionem

254 1600 334 1625 magist,
344 1599 437 1619 extendit
473 1609 478 1613 -

254 1632 316 1650 etiarn
337 1631 361 1651 ad
383 1630 438 1650 bona

256 1661 348 1682 locorum
395 1661 438 1688 pio-

253 1698 309 1717 rum,

498 247 568 280 65ss

449 311 600 348 dictarum
624 319 740 351 status,
768 307 942 344 necessaria
970 316 1015 343 est
1046 316 1195 356 perpetua

449 370 478 397 et
514 361 700 396 inviolabilis
727 361 881 395 dictarum
920 371 994 393 usus
1025 367 1053 393 et
1086 358 1196 393 obser-

449 413 550 447 vanua
585 412 754 454 literarum,
782 421 953 455 earumque
972 409 1000 442 in
1025 408 1196 456 aliquibus

449 474 528 509 quae
552 461 701 507 ipsarum,
729 461 822 495 etiarn
848 459 876 492 in
902 458 1062 493 suburbiis
1084 466 1113 493 et
1129 458 1197 493 aliis

451 511 526 546 locis
557 511 657 544 dictae
688 510 792 549 urbis,
815 516 847 542 ut
877 508 1102 555 praemittitur,
1127 508 1197 543 cir-

449 559 634 596 cumvicinis
653 559 798 594 effectum
824 558 939 606 passim
965 557 1118 605 impedire
1138 569 1198 592 no-

449 618 589 648 scuutur
612 609 755 644 extensio
792 616 823 643 et
856 607 1033 655 ampliati0;
1063 607 1198 655 cupien-

449 669 556 707 tesque
580 659 608 693 in
633 658 824 706 praemissis,
841 669 897 705 pro
914 657 991 691 ιιιίΙί
1010 665 1127 702 nostra,
1144 669 1198 713 op-

449 718 617 758 portunum
645 708 794 743 adhibere
817 706 990 742 remedium
1009 735 1016 748 ,
1045 716 1132 742 motu
1155 708 1200 742 si-

449 759 526 799 mili,
553 771 614 793 non
650 758 687 792 ad
723 758 856 793 alicuius
891 757 981 793 nobis
1015 769 1112 804 super
1140 758 1199 792 hoc

448 808 569 844 oblatae
597 807 756 856 petitionis
778 807 969 852 instantiam,
997 807 1050 842 sed
1075 807 1113 841 de
1139 820 1199 841 no-

448 868 509 894 stra
533 870 615 893 mera
638 866 667 892 et
685 866 804 892 matura
820 836 1042 892 deliberaiione
1065 869 1100 892 ac
1116 866 1200 892 certa

448 909 603 948 scientia,
638 909 823 943 auctoritate
859 908 1052 954 apostolica,
1091 916 1199 942 tenore

450 958 687 1007 praesentium,
722 969 832 993 omnes
867 965 898 992 et
927 957 1068 1004 singulas
1096 958 1201 993 literas

449 1008 637 1056 praedictas,
650 1020 721 1043 cum
745 1007 894 1043 omnibus
917 1007 947 1042 in
972 1008 1018 1042 eis
1041 1008 1201 1042 contentis

449 1057 611 1097 clausulis,
646 1058 858 1105 approbamus
881 1065 911 1092 et
944 1057 1143 1102 innovamus,
1171 1065 1202 1093 et

450 1107 624 1156 praesentis
659 1108 766 1155 scripti
807 1107 980 1155 patrocinio
1021 1107 1202 1142 communi-

451 1171 530 1193 mus.
554 1157 770 1193 Deceruentes
792 1169 844 1192 eas
864 1158 893 1191 in
911 1157 1046 1203 siugulis
1061 1158 1200 1204 ipsarum

450 1206 602 1254 partibus,
624 1207 717 1242 etiam
741 1207 770 1242 in
798 1206 916 1254 quibus
941 1207 1019 1242 sorte
1047 1208 1203 1243 hactenus

451 1259 482 1292 in
519 1269 610 1292 usum
641 1267 785 1304 receptae
819 1269 879 1291 non
917 1257 989 1298 sint,
1025 1256 1141 1293 debere
1164 1257 1203 1292 ab

452 1307 612 1350 omnibus,
628 1308 790 1355 perpetuis
804 1307 915 1343 suturis
935 1308 1143 1355 temporibus,
1161 1308 1203 1342 in-

453 1357 637 1392 violabiliter
659 1357 829 1392 observari.

501 1407 520 1455 S
541 1411 573 1442 4.
597 1407 637 1443 Et
660 1407 868 1442 nihilominus
890 1407 1045 1442 dictorum
1070 1407 1204 1455 praede-

452 1469 611 1493 cessorum
642 1457 834 1492 inhaerendo
862 1458 1017 1504 vestigiis,
1041 1458 1205 1505 cupientes

454 1520 591 1555 ipsorum
615 1507 727 1543 civium
757 1516 786 1542 et
808 1506 974 1543 curialium
1009 1515 1038 1542 et
1069 1508 1202 1543 aliorum

452 1558 616 1593 aedificare
637 1557 807 1592 volentium
830 1557 1108 1593 commoditatibus
1131 1570 1206 1606 pro-

453 1608 570 1652 videre,
587 1615 620 1642 ut
637 1617 755 1655 quanto
769 1608 862 1643 citius
883 1608 957 1642 urbs
980 1609 1046 1656 ipsa
1062 1620 1098 1643 ac
1114 1621 1207 1656 prae-

452 1658 516 1704 dia,
544 1659 657 1693 nostris
679 1659 863 1706 praesertim
888 1658 1094 1705 temporibus,
1117 1658 1206 1693 aedi-

454 1709 533 1744 liciis
555 1721 590 1744 ac
612 1708 749 1756 praediis
771 1711 984 1750 instauretur;
1007 1708 1208 1743 consideran-

452 1768 499 1794 tes
520 1758 604 1806 quod
629 1759 659 1793 in
683 1758 791 1793 eadem
825 1758 901 1792 urbe
924 1765 954 1792 et
976 1758 1046 1793 eius
1063 1759 1206 1794 districtu

452 1816 525 1843 sunt
552 1807 667 1843 multae
690 1807 804 1843 domus
826 1816 855 1842 et
877 1808 956 1851 loca,
979 1808 1039 1843 sub
1063 1809 1208 1856 proprie-

453 1866 514 1893 tate
548 1866 609 1893 tam
646 1857 840 1892 diversarum
871 1858 1071 1893 basilicarum
1097 1867 1127 1893 et
1153 1871 1209 1894 ec-

453 1909 617 1944 clesiarum
653 1920 747 1955 quam
783 1908 987 1955 hospitalium
1016 1917 1046 1943 et
1073 1908 1206 1943 aliorum

455 1970 729 2006 quorumcumque
762 1959 885 2005 piorum
911 1958 1072 1999 locorum,
1097 1959 1126 1993 in
1155 1972 1208 1994 ca-

455 2021 523 2044 sum
549 2009 579 2043 in
603 2020 698 2056 quem
721 2008 854 2049 domini,
877 2008 994 2055 quibus
1018 2009 1047 2042 iu
1076 2021 1206 2044 censum

455 2067 508 2093 aut
529 2058 763 2106 emphyteusim
787 2070 841 2093 seu
869 2059 946 2093 alias
971 2059 1209 2105 quomodolibet

456 2109 554 2144 locata
577 2117 629 2144 aut
652 2109 766 2143 domus
787 2120 957 2144 concessae
984 2117 1073 2150 suut,
1092 2110 1121 2143 in
1148 2110 1209 2145 illis

456 2159 620 2194 aedificare
647 2158 776 2200 vellent;
805 2158 852 2193 vel
881 2170 951 2193 cum
975 2158 1044 2193 aliis
1065 2159 1102 2193 ad
1127 2159 1209 2195 huuc

457 2208 602 2244 effectum
627 2216 760 2248 tantum,
783 2216 876 2256 prout
899 2208 1015 2243 melius
1038 2210 1208 2256 potuerint,

458 2258 663 2299 concordare,
688 2259 769 2293 iuxta
793 2259 906 2293 seriem
929 2267 959 2292 et
982 2266 1121 2293 tenorem
1139 2259 1211 2294 lite-

459 2320 563 2343 rarum
597 2308 647 2342 sel.
683 2308 803 2343 record.
838 2307 1007 2343 Alexandri
1033 2308 1134 2355 Papae
1157 2309 1210 2350 Vl,

458 2358 549 2394 etiarn
569 2358 821 2405 praedecessoris
838 2359 948 2399 nostri,
968 2370 1062 2406 super
1083 2359 1126 2393 ria
1142 2359 1212 2394 Alc-

459 2408 611 2443 xandriua
629 2417 854 2449 emanatarum,
870 2421 950 2457 quas
971 2420 1043 2443 curn
1064 2409 1212 2444 omuibus

460 2458 584 2493 illarum
609 2457 864 2504 inhibitionibus,
893 2459 1040 2503 decretis,
1063 2460 1213 2494 clausulis

460 2517 490 2543 et
514 2508 669 2543 mandatis
684 2508 897 2555 approbamus
916 2517 945 2544 et
962 2509 1161 2550 innox-,amus
1177 2522 1213 2544 ac

461 2558 497 2593 ad
513 2570 732 2606 quaecumque
751 2557 846 2594 Urbis
869 2567 899 2594 et
919 2558 1118 2606 praediorum
1135 2560 1213 2600 loc.,i

1019 252 1207 277 nummuli
1234 252 1396 277 Roqumt

1239 322 1320 344 mus.
1345 308 1537 344 Earumdem
1571 316 1673 344 tamen
1697 309 1910 349 basilicarum,
1939 322 1991 345 ec-

1237 359 1403 394 clesiarum
1416 367 1445 394 et
1458 359 1589 394 aliorum
1605 372 1881 407 quorumcumque
1897 360 1990 395 etiam

1239 409 1362 456 piorum
1393 409 1532 444 locorum
1556 422 1618 444 non
1642 410 1745 445 solum
1775 410 1990 450 indemnitati,

1238 459 1291 493 sed
1317 459 1437 494 utilitati
1463 459 1626 507 ριοιὶἀθιε
1649 460 1801 500 volentes,
1824 468 1915 507 prout
1936 471 1993 508 per

1240 517 1421 555 praesentes
1446 509 1662 556 proiidemus3
1685 518 1714 545 et
1729 518 1763 544 ut
1782 510 1855 545 dicti
1871 509 1992 544 domini

1240 559 1285 593 sel
1314 558 1364 593 alii
1388 559 1425 594 ad
1448 559 1679 594 aedificandum
1703 559 1824 594 facilius
1847 567 1876 594 et
1895 559 1993 594 liben-

1241 609 1302 643 tius
1330 608 1533 654 inducantur,
1555 608 1705 644 volumus
1731 618 1761 644 et
1791 609 1994 644 decernimus

1240 658 1337 705 quod,
1364 659 1389 693 si
1419 671 1534 694 census
1560 658 1608 693 vel
1628 659 1793 706 responsio
1821 666 1851 694 et
1883 659 1994 706 pensio

1240 720 1344 743 annua
1359 710 1418 743 erit
1435 709 1463 743 in
1480 708 1710 756 emphyteusim
1737 717 1919 755 perpetuam
1935 708 1995 743 ali-

1240 759 1331 793 cuius
1354 758 1500 802 simili-ae,
1522 758 1607 805 quod
1636 758 1687 793 tali
1710 770 1784 793 casu
1808 759 1912 799 liceat,
1935 759 1996 793 illis

1241 808 1280 843 de
1307 808 1424 843 familia
1449 787 1658 851 tariturudem,
1681 820 1810 843 censum
1827 808 1891 842 sive
1907 808 1998 843 simi-

1242 859 1301 893 lem
1326 859 1566 906 responsionem
1592 858 1621 892 iu
1645 857 1737 893 aliam
1765 858 1894 893 domum
1932 858 1997 894 sive

1242 909 1355 943 domos
1372 917 1423 943 ant
1448 908 1682 955 possessionem
1703 916 1756 942 aut
1775 920 1997 956 quaecumque

1242 959 1300 993 alia
1330 959 1410 993 bona
1434 959 1566 999 stabilia,
1581 957 1619 992 ad
1643 958 1764 992 dictum
1793 970 1924 993 censum
1951 958 1995 993 vel

1243 1009 1482 1056 responsionem
1511 1008 1938 1053 convenientia,transferre,
1963 1020 1998 1044 e-

1243 1059 1316 1093 tiarn
1337 1066 1625 1105 permutare,aucta
1642 1066 1743 1092 tamen
1761 1057 1884 1092 decima
1900 1066 1996 1105 parte.

1242 1108 1336 1150 Quod
1365 1109 1457 1143 etiam
1490 1108 1637 1143 volumus
1671 1116 1701 1142 et
1729 1107 1931 1143 decernimus
1957 1107 1998 1143 de

1243 1158 1392 1193 domibus
1428 1167 1458 1192 et
1485 1158 1575 1197 locis,
1598 1166 1659 1191 tam
1689 1158 1767 1192 intra
1796 1170 1889 1205 quam
1913 1166 1998 1193 extra

1247 1210 1345 1256 ipsam
1370 1208 1487 1244 Urbem
1510 1208 1586 1242 infra
1605 1207 1747 1242 milliaria
1768 1207 1923 1263 praedicta
1940 1207 2000 1243 hu-

1245 1259 1382 1293 iusmodi
1407 1257 1680 1298 consistentibus,
1703 1266 1733 1291 et
1755 1257 1886 1292 caeteris
1909 1258 2001 1293 bonis

1245 1309 1398 1343 dictarum
1424 1308 1638 1347 basilicarum,
1661 1307 1866 1342 ecclesiarum
1882 1308 2000 1343 etalio

1246 1371 1314 1393 rum
1344 1359 1436 1393 etiam
1467 1359 1590 1406 piorum
1615 1357 1771 1396 locorum,
1795 1357 1929 1393 diversis
1952 1358 2001 1392 in-

1245 1408 1387 1456 quilinis,
1405 1420 1460 1456 pro
1483 1420 1584 1442 annua
1608 1408 1814 1454 responsione
1835 1407 1881 1442 vel
1901 1407 2001 1449 aliter,

1246 1459 1338 1493 etiam
1354 1459 1391 1493 ad
1416 1458 1520 1505 plures
1542 1457 1832 1513 annos,quibusvis
1847 1458 2002 1493 locatariis

1247 1509 1367 1551 locatis,
1385 1521 1439 1543 seu
1460 1508 1496 1542 ad
1521 1508 1627 1555 plures
1650 1509 1726 1543 vitas
1745 1516 1796 1541 aut
1815 1520 1887 1542 cum
1904 1507 2003 1543 ficul-

1247 1567 1309 1594 tate
1343 1558 1569 1594 denominandi
1607 1570 1699 1592 unam
1728 1557 1776 1592 vel
1800 1557 1906 1604 plures
1929 1570 2003 1605 per-

1247 1622 1342 1645 sonas
1369 1608 1546 1644 concedere
1569 1608 1670 1643 solitis·
1694 1620 1749 1643 seu
1774 1608 1935 1643 concessis
1951 1615 2004 1643 aut

1249 1660 1278 1693 in
1308 1659 1449 1694 futurum
1479 1658 1706 1701 concedendis,
1734 1670 1796 1704 quo
1825 1659 1946 1704 possint
1973 1658 2003 1693 in

1249 1709 1311 1744 illis
1330 1709 1577 1749 aediticare;se11
1603 1708 1652 1743 illa
1675 1720 1803 1755 quoquo
1828 1707 1922 1742 modo
1940 1720 2005 1742 am-

1250 1759 1346 1807 pliare
1375 1760 1513 1794 volentes
1551 1758 1627 1793 dare
1648 1766 1679 1792 et
1701 1759 1890 1804 consignare
1912 1758 2004 1793 dictis

1249 1809 1389 1844 dominis
1416 1818 1446 1843 et
1471 1808 1684 1856 proprietariis
1706 1808 1781 1842 alias
1809 1808 1920 1842 domos
1948 1820 2004 1843 seu

1250 1861 1466 1906 possessiones
1482 1859 1526 1892 vel
1542 1870 1753 1905 quaecrrmque
1767 1858 1824 1892 alia
1842 1858 1935 1899 bona,
1948 1866 2008 1893 sta-

1250 1910 1323 1944 bilia
1352 1909 1560 1948 tantumdem
1589 1909 1721 1943 dirersis
1750 1908 1914 1954 inquilinis
1950 1920 2006 1955 pro

1249 1972 1354 1994 annua
1391 1960 1567 2008 pellSlOlle,
1591 1971 1665 1993 cum
1695 1966 1865 2004 dungGHIO
1900 1966 2005 1993 lamen

1250 2010 1390 2045 decimae
1425 2022 1480 2044 seu
1511 2009 1638 2043 maioris
1663 2008 1771 2055 partis,
1794 2007 1923 2043 arbitrio
1951 2020 2008 2044 ca-

1251 2061 1374 2095 merarii
1400 2069 1429 2095 et
1452 2059 1676 2103 mansu-orum
1701 2066 1868 2092 stratarum
1894 2058 2007 2094 huius-

1252 2114 1361 2159 modi,
1384 2114 1469 2162 quod
1504 2115 1671 2148 honestum
1705 2113 1809 2148 visum
1839 2112 1944 2154 suerii,
1972 2124 2008 2148 ac

1251 2169 1338 2210 alias;
1362 2181 1417 2203 seu
1442 2168 1563 2202 illarum
1595 2176 1625 2202 et
1649 2167 1773 2202 illorum
1804 2167 1916 2214 pretia,
1933 2180 2006 2203 cum

1251 2224 1335 2259 dicto
1357 2232 1541 2271 augmento,
1565 2223 1650 2258 iuxta
1673 2222 1803 2258 sormam
1821 2231 1851 2257 et
1866 2230 2006 2258 tenorem

1252 2279 1407 2314 dictarum
1432 2278 1593 2313 literarum
1614 2276 1797 2317 Alexandri,
1812 2284 1841 2311 et
1859 2277 2009 2324 pecunias

1254 2333 1326 2368 inde
1346 2335 1569 2381 provenientes
1592 2332 1621 2366 in
1644 2331 1721 2366 alias
1745 2332 1962 2377 possessiones
1978 2339 2009 2367 et

1254 2389 1334 2424 bona
1350 2388 1396 2423 vel
1413 2389 1616 2423 necessitates
1634 2387 1773 2435 ipsarum
1787 2387 2008 2432 ecclesiarum,

1255 2452 1345 2491 prout
1375 2443 1405 2477 in
1430 2442 1521 2478 dictis
1556 2442 1653 2476 literis
1688 2441 1782 2476 latins
1815 2441 2008 2482 continetur,

1255 2507 1449 2533 convertere.
1478 2496 1572 2540 Quod
1595 2497 1619 2531 si
1647 2495 1718 2543 quis
1742 2495 1772 2529 id
1800 2494 1923 2530 efficere
1957 2508 2008 2530 re-

1255 2553 1394 2594 cusabit,
1423 2553 1545 2600 possint
1580 2551 1772 2587 camerarius
1804 2558 1834 2584 et
1869 2550 2008 2596 magistri

463 2608 499 2644 ad
523 2609 608 2644 hunc
630 2609 794 2648 effectum,
817 2610 1019 2645 extendimus
1033 2617 1062 2645 et
1083 2610 1215 2657 amplia·
1258 2607 1405 2653 praefati,
1434 2607 1518 2641 iuxta
1552 2605 1745 2642 facultates
1739 2617 1769 2640 m
1792 2604 1884 2640 dictis
1911 2605 2010 2640 literis

496 2672 538 2708 (l)
553 2674 585 2703 V.
607 2681 667 2709 pag.
685 2673 736 2700 377
757 2672 836 2701 huius
857 2673 930 2700 tomi.

1258 2660 1336 2696 Sixti
1359 2670 1389 2696 et
1404 2661 1572 2697 Alexandri
1591 2673 1769 2706 concessas,
1787 2671 1899 2707 cogere
1911 2671 2010 2708 quae-

2006 253 2057 282 Αιι.
2075 254 2103 281 C.
2122 254 2191 282 ¹516
