2281 3251
121 276 172 304 An.
185 275 214 303 C.
234 275 302 302 tum

135 682 157 703 ln
182 681 245 703 rebus
266 681 304 702 hac

123 714 233 734 constitut.
254 718 306 740 pro-

122 744 194 765 hibitis
217 744 304 771 procedi

122 778 192 803 potest
208 780 245 802 per
255 776 307 795 sim-

122 807 198 835 plicem
224 807 307 827 denun-

121 839 241 860 tel-tionem,

137 1274 165 1303 tte
178 1278 306 1301 luneralibus

124 1315 145 1333 et
160 1311 275 1338 sepultura.

943 273 1099 296 EUGENlUS
1121 273 1153 295 lV
1177 274 1224 296 Pr‘.
1786 268 1807 299 9

317 330 426 374 fuerit,
454 329 484 364 in
513 328 608 364 laicos
634 328 814 376 deputando
841 336 870 363 ct
905 328 1065 383 ponendo,

317 387 382 414 acta
417 378 571 414 dictorum
615 379 806 414 notariorum
848 378 996 413 laicorum
1035 379 1065 412 in

317 429 398 463 dicta
423 427 525 471 ,Curia
564 429 706 463 conlecta
745 441 805 462 non
847 428 984 466 valeant
1009 440 1067 462 uec

317 486 445 513 teneant
464 479 532 525 ipso
557 478 635 522 iure,
651 477 828 525 nullibiqne
844 477 937 512 fidem
952 478 1067 512 saciant

319 529 349 563 in
373 528 477 576 aliquo
506 527 621 563 iudicio
643 535 696 562 aut
718 527 817 568 fact0;
845 527 899 562 sed
928 528 1001 571 sint,
1029 539 1066 562 eo

319 578 400 625 ipso,
412 578 529 613 nullius
543 577 700 617 ellicaciae,
714 577 834 612 roboris
844 578 888 612 vel
900 578 1064 612 momenti.

367 632 382 671 ἓ
419 630 474 663 19,
511 627 599 668 Item,
634 627 719 674 quod
748 627 778 661 in
814 627 1002 672 supradictis
1036 634 1067 660 et

321 677 515 725 propedictis
536 676 685 712 omnibus
699 684 729 711 et
759 677 895 723 singulis
921 675 1067 724 capitulis

321 735 350 761 et
373 726 650 775 prohibitionum,
668 738 723 773 per
746 738 803 761 nos
819 735 849 761 et
864 737 1067 761 successores

323 785 458 817 nostros,
477 776 529 824 qui
549 784 640 811 erunt
657 789 710 823 pro
725 784 878 823 tempore,
892 786 1067 821 eorumque

322 826 481 871 officiales,
498 825 623 873 procedi
642 825 739 873 possit
755 834 862 860 contra
878 825 1068 871 delinquen-

324 885 369 911 tes
389 885 420 911 et
442 875 729 911 contrafacientes
724 887 754 909 in
779 874 944 922 praedictis
958 874 1068 930 etqui-

322 924 808 973 buscumquealiiscriininibus,
819 933 880 959 tam
897 936 951 971 per
968 924 1069 970 inqui-

321 976 479 1015 sitionem,
493 988 587 1023 quam
611 975 843 1009 accusationem
869 985 923 1008 seu
941 972 1069 1007 denun—

321 1026 502 1065 ciatiouem
519 1033 549 1059 et
571 1025 748 1072 praedictos
774 1023 993 1071 delinquentes
1022 1021 1067 1056 vel

321 1076 410 1131 quasi
448 1075 560 1122 punire
594 1084 624 1109 et
658 1073 891 1113 con‹le1nnar,e
919 1079 1011 1119 prout
1039 1079 1068 1106 et

321 1126 403 1159 sicut
426 1124 455 1159 in
478 1124 668 1171 supradictis
690 1123 836 1171 capitulis
864 1130 911 1157 est
937 1133 1069 1169 expres-

321 1187 391 1209 sum
419 1183 450 1209 et
470 1174 673 1209 declaratum.

369 1224 467 1271 §20
491 1223 580 1264 Item,
595 1223 674 1278 ‘quia
703 1221 880 1257 secundum
908 1233 1068 1256 sacrorum

320 1285 478 1308 canonum
504 1272 692 1315 sanctiones,
714 1272 766 1320 qui
789 1272 876 1307 altari
905 1271 1011 1314 servit,
1030 1271 1069 1306 de

320 1323 407 1358 altari
425 1323 528 1358 vivere
551 1322 656 1367 debet,
665 1331 694 1357 et
713 1322 767 1369 qui
781 1322 819 1357 ad
836 1334 916 1357 onus
929 1321 1068 1368 eligitur,

322 1385 383 1408 non
406 1372 498 1408 debet
521 1385 536 1408 a
559 1371 705 1407 mercede
727 1372 853 1420 repelli,
880 1370 1069 1406 authoritate

320 1422 503 1471 apostolica,
530 1421 733 1468 irrefragabili
774 1421 998 1457 constitutione
1038 1421 1068 1455 in

321 1480 509 1520 perpetuum
539 1472 666 1507 valitura
689 1472 858 1507 statuimus
885 1479 915 1506 et
941 1470 1070 1506 ordina-

321 1535 403 1564 mus,
430 1522 514 1570 quod
541 1522 733 1577 quicumque
756 1521 925 1569 praelatus,
953 1521 1069 1556 cuius-

322 1584 459 1619 cumque
481 1571 746 1619 praeeminentiae,
768 1571 941 1618 dignitatis,
971 1578 1070 1605 status

323 1631 353 1658 et
383 1621 576 1657 conditionis
609 1621 730 1663 existat,
769 1622 833 1656 sive
873 1620 1068 1675 peregrinus,

322 1672 497 1707 cortisanus
518 1680 548 1707 et
563 1671 694 1713 advena,
711 1672 875 1719 utriusque
893 1683 999 1712 sexus,
1015 1683 1068 1718 qui

322 1721 368 1755 vel
391 1733 472 1768 quae
499 1722 529 1756 in
558 1721 705 1769 parochia
738 1720 872 1757 alicuius
908 1720 1070 1756 Ecclesiae

321 1770 417 1806 Urbis
439 1783 558 1806 moram
586 1771 724 1813 traxerit,
747 1772 778 1805 in
801 1782 900 1818 eaque
924 1769 1069 1818 parochia

322 1820 404 1856 diem
433 1820 580 1856 clauserit
617 1828 805 1865 extremum,
833 1820 920 1855 nullo
942 1819 1070 1855 condito

322 1878 520 1917 testamento,
542 1870 712 1918 sepeliatur
744 1871 773 1905 in
796 1870 938 1905 Ecclesia
970 1869 1071 1905 dictae

323 1920 500 1967 parochiae,
527 1920 582 1956 ubi
619 1920 816 1962 morabatur;
852 1919 1071 1966 funeraliaqne

322 1970 514 2017 integraliter
552 1969 665 2006 habeat
699 1978 729 2005 et
768 1970 921 2018 percipiat
959 1970 1069 2005 eadem

322 2019 480 2065 Ecclesia,
503 2021 570 2056 sive
597 2020 683 2055 illius
712 2028 826 2063 rector,
849 2032 920 2055 cum
950 2020 982 2054 in
1010 2020 1071 2054 vita

322 2078 352 2104 et
380 2069 410 2104 in
438 2078 538 2105 morte
564 2069 669 2105 dictus
689 2079 802 2116 rector,
830 2070 860 2104 in
889 2070 982 2105 cuius
1015 2081 1072 2117 pa-

322 2119 427 2155 rochia
443 2119 512 2161 suit,
534 2127 564 2155 et
579 2132 642 2155 non
658 2119 750 2162 alius,
763 2132 819 2168 per
841 2131 969 2155 manum
985 2121 1072 2155 salu-

323 2177 420 2204 tarem
439 2169 541 2205 eidem
564 2178 594 2205 et
616 2170 722 2205 omnia
739 2166 950 2206 ecclesiastica
967 2181 1073 2205 sacra-

322 2228 425 2255 menta
455 2219 641 2268 impendere
677 2231 712 2256 ac
735 2220 808 2256 dare
829 2219 953 2262 debeat,
977 2220 1070 2256 etiam

321 2269 348 2305 si
375 2269 476 2306 solum
519 2282 574 2318 per
613 2278 677 2306 tres
712 2269 779 2306 dies
811 2270 840 2305 in
868 2269 954 2306 dicta
981 2270 1073 2306 suerit

323 2321 471 2368 parochia
497 2328 727 2357 commoratus:
751 2321 775 2356 si
805 2332 879 2355 vero
903 2320 1073 2356 decesserit

322 2370 450 2407 condito
473 2378 673 2411 testamento,
690 2379 719 2406 et
731 2371 802 2406 alibi
819 2370 949 2417 elegerit
963 2371 1074 2419 sepul-

323 2428 436 2466 turam,
464 2421 616 2466 Ecclesia,
643 2420 682 2456 de
709 2422 800 2456 cuius
842 2420 987 2468 parochia
1021 2433 1074 2456 as-

322 2479 471 2519 sumptus
497 2471 647 2513 extiterit,
674 2471 791 2507 habere
816 2469 929 2506 debeat
942 2471 1073 2506 canoni-

322 2533 390 2555 cam
439 2521 614 2569 portionem
661 2529 691 2556 et
730 2520 931 2557 medietatem
971 2533 1072 2562 cerae,

322 2570 497 2606 secundum
534 2571 636 2606 dietae
669 2571 757 2606 urbis
789 2570 1071 2606 consuetudinem:

322 2620 578 2669 quibuscumque
602 2621 781 2669 privilegiis,
797 2620 907 2669 gratiis
942 2621 1007 2656 sive
1029 2621 1075 2655 in-

321 2671 416 2706 dultis
439 2672 471 2706 in
487 2671 678 2707 contrarium
702 2671 912 2720 allegantibus
934 2670 1073 2708 nullate-

401 2728 476 2760 Bull.
494 2728 572 2760 Rom.
599 2728 655 2761 Vol.
677 2729 707 2761 V.
889 2728 907 2758 2

1112 342 1171 364 nus
1194 330 1383 377 profuturis:
1404 342 1474 365 cnm
1504 330 1650 365 nimirum
1673 330 1784 367 debeat
1808 345 1857 368 re-

1112 380 1323 426 prehensibile
1352 380 1499 424 iudicari,
1531 389 1562 414 ut
1592 381 1695 415 clerici
1724 382 1856 418 aliorum

1110 430 1296 465 clericorum
1313 430 1435 466 labores
1452 439 1480 465 et
1497 431 1626 472 fructus,
1640 444 1695 478 per
1710 432 1858 480 improba:

1110 480 1292 516 ambitionis
1309 480 1705 529 temeritatem,subripere
1724 482 1859 518 debeant

1110 538 1139 564 et
1162 530 1289 576 habere,
1312 544 1392 579 quos
1413 532 1491 566 sacri
1521 543 1670 573 canones,
1687 532 1749 579 pie,
1778 533 1858 567 inste

1111 580 1277 628 debitaque
1300 580 1492 627 benignitate
1517 582 1859 629 pensata,pauperibus

1110 630 1233 665 clericis
1249 631 1620 667 landabiliterAltissimo
1634 632 1860 668 famulantibus

1110 682 1476 729 concesserinterogari:
1498 682 1683 718 mandantes
1712 682 1860 718 omnibus

1110 738 1140 763 et
1167 731 1299 777 singulis
1328 732 1452 767 clericis
1483 741 1513 767 et
1536 731 1683 780 personis
1705 732 1861 768 ecclesia-

1111 779 1208 820 sticis,
1224 782 1455 830 cuiuscumque
1474 790 1583 823 status,
1599 781 1727 829 gradus
1743 781 1861 817 ordinis

1110 829 1257 870 existant,
1280 843 1309 865 in
1327 830 1412 867 Urbe
1427 832 1540 867 eteius
1559 831 1700 867 districtu
1718 844 1862 867 commo·

1113 879 1263 924 rantibus,
1287 888 1319 914 ut
1355 881 1514 928 praedicta
1548 881 1652 916 omnia
1680 889 1710 916 et
1738 881 1862 928 singula

1111 936 1270 974 contenta,
1293 930 1449 979 descripta
1485 941 1514 966 et
1552 939 1674 966 narrata
1712 931 1741 965 in
1772 931 1862 966 dictis

1111 979 1389 1015 constitutionibus
1422 989 1451 1015 et
1480 981 1625 1028 capitulis
1647 992 1704 1028 per
1726 992 1783 1015 nos
1810 993 1863 1015 or-

1112 1027 1237 1069 dinatis
1255 1028 1314 1063 sub
1333 1042 1431 1077 poena
1455 1038 1484 1065 et
1507 1031 1544 1065 ad
1565 1043 1698 1077 poenam
1723 1030 1751 1064 in
1770 1030 1863 1065 dictis

1112 1057 1257 1124 capitulis
1279 1086 1309 1113 et
1343 1080 1623 1115 constitutionibus
1657 1080 1798 1127 apposita
1833 1089 1863 1114 et

1112 1128 1300 1175 appositam,
1317 1129 1485 1165 observent
1504 1139 1533 1166 et
1555 1130 1713 1164 observari
1737 1129 1862 1169 saciant,

1113 1190 1175 1212 non
1204 1177 1384 1224 derogando
1412 1180 1482 1215 aliis
1514 1179 1796 1215 constitutionibus
1834 1188 1863 1214 et

1112 1227 1363 1264 ordinationibus
1398 1229 1551 1265 hactenus
1590 1230 1619 1264 in
1659 1229 1743 1264 (licto
1780 1229 1864 1264 clero

1112 1278 1286 1325 antiquitus
1313 1279 1486 1315 observatis
1502 1307 1511 1325 ,
1538 1279 1592 1315 sed
1618 1279 1722 1327 potius
1745 1278 1814 1314 illas
1836 1287 1866 1313 et

1113 1327 1162 1362 illa
1181 1328 1410 1364 confirmando.
1427 1329 1460 1364 In
1478 1330 1571 1365 cuius
1588 1329 1629 1364 rei
1646 1329 1863 1364 testimonium

1113 1385 1295 1424 praesentes
1311 1378 1429 1414 litteras
1443 1380 1521 1421 fieri,
1537 1388 1565 1415 et
1579 1391 1633 1426 per
1646 1379 1863 1414 honorabilem

1114 1427 1214 1462 virum
1232 1427 1361 1463 Petrum
1380 1429 1513 1465 Paulum
1531 1429 1705 1470 Laurentii,
1722 1438 1864 1464 nostrum

1111 1486 1141 1512 et
1177 1476 1294 1514 Curiae
1329 1487 1452 1514 nostrae
1496 1480 1666 1520 notarium,
1693 1478 1865 1523 subscribi,

1114 1527 1278 1583 nostrique
1304 1528 1399 1576 sigilli
1423 1529 1556 1565 fecimus
1582 1530 1779 1577 appensione
1793 1541 1865 1563 rnu-

1112 1589 1183 1612 niri.

1161 1628 1480 1671 §21.Actal'11erunt
1497 1628 1573 1664 haec
1590 1629 1722 1669 Romae,
1743 1629 1773 1664 in
1797 1628 1865 1664 Pa-

1113 1728 1279 1765 millesimo
1294 1730 1608 1786 quadringentesimo
1625 1731 1785 1776 trigesimo
1806 1730 1865 1777 pri-

1113 1792 1177 1822 mo,
1204 1779 1254 1815 die
1277 1780 1416 1815 secunda
1439 1780 1559 1815 mensis
1581 1779 1772 1820 novembris,
1789 1779 1867 1814 indi-

1113 1830 1215 1865 ctione
1243 1843 1337 1871 nona,
1364 1830 1565 1878 pontificatus
1603 1829 1792 1865 sanctissimi
1834 1830 1864 1863 in

1113 1878 1241 1915 Christo
1258 1880 1353 1928 patris
1375 1889 1408 1916 et·
1421 1880 1542 1915 domini
1559 1880 1656 1915 nostri
1670 1879 1789 1915 domini
1806 1879 1867 1914 Eu-

1113 1930 1196 1977 genii
1213 1930 1324 1966 Divina
1339 1930 1541 1966 Providentia
1558 1929 1651 1977 l‘apae
1666 1930 1766 1977 quarti
1784 1941 1866 1964 anno

1115 1980 1232 2027 primo:
1258 1979 1608 2028 praesentibusibidem
1632 1979 1770 2027 egregiis
1793 1979 1866 2013 viris

1114 2030 1244 2066 domino
1266 2030 1380 2066 Iacobo
1404 2030 1442 2065 (le
1460 2029 1613 2073 Tuderto,
1632 2029 1773 2064 auditore
1795 2041 1867 2064 cau-

1115 2092 1220 2115 sarum
1254 2079 1370 2115 Curiae
1403 2080 1502 2128 ipsius
1537 2079 1656 2114 domini
1693 2079 1811 2118 vicarii,
1836 2085 1867 2112 et

1116 2130 1298 2187 presbytero
1311 2130 1430 2165 Ioanne
1446 2129 1569 2177 Angelo
1592 2129 1632 2164 de
1653 2129 1776 2164 civitate
1789 2128 1866 2163 Pen-

1116 2180 1216 2221 nensi,
1240 2181 1340 2229 ipsius
1363 2180 1483 2215 domini
1507 2179 1612 2214 vicarii
1635 2179 1815 2226 capellano
1838 2186 1866 2212 et

1116 2235 1300 2283 presbytero
1318 2234 1498 2279 Valentino,
1526 2234 1678 2269 canonico
1706 2232 1866 2268 Ecclesiae

1115 2288 1222 2325 Sancti
1256 2290 1376 2326 Nicolai
1412 2291 1442 2325 in
1481 2289 1615 2325 Carcere
1653 2287 1799 2323 Tulliano
1827 2287 1866 2322 de

1116 2343 1214 2391 Urbe,
1241 2346 1374 2381 testibus
1401 2345 1439 2381 ad
1463 2344 1632 2392 praemissa
1656 2343 1773 2379 vocatis
1800 2353 1864 2388 spe-

1116 2399 1236 2435 cialiter
1262 2409 1292 2436 et
1315 2401 1440 2447 rogatis.
1463 2399 1504 2435 Et
1525 2412 1584 2447 ego
1606 2398 1719 2434 Petrus
1746 2397 1865 2432 Paulus

1116 2453 1276 2490 Laurentii
1299 2455 1377 2491 Lelli
1400 2455 1502 2500 Pauli,
1521 2454 1686 2490 Romanus
1707 2453 1796 2492 civis,
1811 2463 1864 2486 ca-

1117 2511 1249 2545 nonicus
1284 2509 1498 2545 Ecclesiarum
1535 2508 1642 2544 Sancti
1677 2506 1794 2541 Nicolai
1831 2506 1862 2539 in

1116 2563 1249 2600 Carcere
1283 2563 1442 2608 Tulliano,
1475 2571 1506 2598 et
1544 2561 1649 2597 Sancti
1687 2560 1782 2595 Marci
1823 2558 1862 2593 de

1118 2619 1213 2660 Urbe,
1246 2619 1302 2654 Dei
1330 2619 1426 2666 gratia
1454 2617 1599 2666 publicus
1627 2615 1793 2663 apostolica
1813 2626 1864 2648 au-

1116 2674 1261 2710 thoritate
1283 2673 1435 2719 notarius,
1452 2680 1482 2708 et
1495 2684 1578 2708 nunc
1594 2670 1733 2706 notarius
1747 2668 1863 2704 Curiae

1873 279 1922 306 Αη,
1940 281 1968 309 C.
1988 282 2055 310 ¹113ae

1907 1644 1976 1672 Legati
1971 1653 2000 1666 iaz
1991 1647 2032 1667 atio

1113 1677 1185 1712 latio
1201 1679 1396 1726 Apostolico
1411 1692 1493 1715 anno
1515 1692 1531 1714 a
1554 1680 1714 1715 nativitate
1736 1679 1863 1714 Domini
1879 1682 1942 1730 21¹5&
1945 1679 2000 1698 ‘⁰¹¹⁵
2017 1677 2063 1697 ⁰¹¹¹
