2281 3251
98 242 146 270 An.
167 243 195 270 C.
214 245 275 272 1511

112 1948 171 1974 Quod
182 1947 238 1967 hutta
253 1946 284 1966 A·

99 1979 182 2000 letand,
200 1977 226 1998 Vl
247 1984 284 1998 su-

101 2017 137 2038 per
145 2010 283 2031 dietauniono

101 2043 128 2062 sii
143 2043 246 2062 restituta.

114 2474 141 2495 De
159 2475 255 2502 capitulo,
267 2481 286 2496 e-

106 2508 138 2528 ins
148 2507 246 2533 formam
254 2512 288 2527 eo-

107 2544 146 2565 que
155 2539 287 2565 peragendi..

951 244 1054 267 murs
1076 245 1097 267 ῐΙ
1124 245 1168 266 ΡΡ.

296 300 468 335 vinciat-um
484 308 513 334 et
533 299 808 346 congregationum
830 298 990 339 unionem3
1003 311 1038 333 ac

295 362 331 385 ex
346 350 407 385 illis
427 349 473 384 sic
496 349 629 384 invicem
644 349 741 383 unitis
763 349 1035 395 congregationem

295 399 556 434 monasteriorum
572 407 602 433 et
623 407 835 433 conventuum
858 398 1038 433 dictiOrdi-

292 449 353 493 nis,
369 449 399 483 in
415 448 572 483 Thusciae
595 457 625 482 et
647 448 854 482 Lombardiae
870 448 1038 494 provinciis

292 498 505 542 existentium,
527 498 560 532 S.
579 497 726 531 Bernardi
757 498 784 531 in
814 497 898 532 ltalia
928 497 1038 531 liuius-

293 547 376 582 modi
392 547 595 588 creationem;
610 559 732 582 necnon
754 547 857 581 onmia
871 556 900 581 et
915 546 1038 593 singula

292 597 427 641 decreta,
441 605 554 631 statuta
569 606 599 631 et
614 596 826 631 ordinationes
844 596 873 631 in
888 597 948 631 illis
961 608 1038 631 con-

294 654 376 681 tenta
403 654 599 681 revocaverat
626 654 655 681 et
678 654 852 680 cassaverat
867 656 897 680 et
922 645 1038 681 annul-

292 695 418 736 laverat,
441 707 476 730 ac
498 696 617 730 viribus
638 703 852 736 evacuaverat;
877 696 1038 742 ipsamque

292 745 566 791 congregationem
587 745 621 780 S.
645 745 796 779 Bernardi
821 745 849 779 in
873 744 958 779 ltalia
981 745 1040 778 dis-

292 794 438 836 solverat,
457 802 487 830 et
503 794 674 841 quamlibet
696 795 876 829 earumdem
905 805 1039 839 congre-

291 844 465 890 gationum,
487 844 589 891 quoad
613 845 813 887 monasteria,
829 844 906 883 loca,
923 855 1040 877 mona-

291 906 346 929 cos
361 903 391 928 et
406 906 567 941 personas,
584 894 744 941 privilegia
757 902 787 928 et
809 893 928 927 indulta
941 904 1040 939 quae-

292 955 446 990 cumque,
478 944 571 978 etiam
595 944 699 990 quoad
728 944 988 978 monasteriorum
1011 950 1041 977 et

292 993 433 1028 locorum
457 993 667 1040 quorumlibet
698 994 831 1027 uniones
861 993 907 1027 eis
933 1003 1040 1037 respe-

293 1043 374 1077 ctive
388 1042 495 1087 factas,
511 1044 540 1076 in
556 1043 723 1089 pristinum
743 1051 773 1076 et
794 1054 865 1076 eum
881 1049 995 1076 statum
1011 1042 1040 1074 in

293 1104 357 1139 quo
384 1100 455 1126 ante
485 1093 634 1126 unionem
660 1091 840 1126 huiusmodi
864 1090 1041 1138 quomodo-

294 1142 369 1176 libet
386 1141 574 1184 existebant,
599 1141 776 1175 restituerat
797 1149 825 1175 et
849 1147 1042 1187 reposuerat,

294 1203 330 1226 ac
359 1191 498 1237 plenarie
534 1191 814 1236 redintegraverat,
843 1191 872 1223 in
900 1189 1042 1224 Romana

294 1240 389 1275 Curia
418 1248 485 1274 orta
508 1240 618 1275 fuisset
639 1240 766 1274 materia
786 1239 992 1286 quaestionis,
1012 1246 1043 1272 et

293 1302 397 1324 coram
408 1298 494 1324 certo
502 1301 667 1324 causarum
683 1289 791 1323 Palatii
807 1289 978 1335 Apostolici
992 1300 1044 1322 au-

294 1339 405 1379 ditore,
420 1338 523 1373 forsan
535 1339 719 1385 aliquandiu
732 1337 945 1385 pependisset,
962 1349 1044 1384 prae·

295 1389 346 1423 fati
369 1388 495 1423 abbates
510 1397 539 1423 et
558 1388 699 1435 praelati,
721 1387 928 1422 suadentibus
953 1399 1044 1421 vene-

294 1438 445 1473 rabilibus
459 1438 607 1473 fratribns
627 1437 788 1484 Rapliaele
803 1438 953 1484 episcopo
966 1437 1045 1471 Por-

294 1489 411 1533 tuensi,
423 1489 606 1532 camerario,
620 1497 650 1524 et
662 1488 754 1522 totius
769 1487 909 1528 Ordinis,
924 1499 959 1521 ac
974 1486 1044 1520 dile-

295 1547 344 1573 cto
363 1538 447 1573 fratri
464 1538 648 1582 Francisco,
665 1538 810 1572 basilicae
833 1549 880 1571 xil
908 1537 1045 1583 Aposto-

294 1588 396 1623 lorum
423 1588 604 1635 presbytero
631 1587 792 1629 cardinali,
821 1587 946 1626 nostris,
969 1598 1046 1620 con-

294 1638 487 1684 gregationis
508 1637 614 1672 Sancti
637 1637 791 1672 Bernardi
816 1637 845 1670 iu
873 1636 961 1670 ltalia
989 1635 1045 1669 hu-

295 1687 430 1722 iusmodi
460 1687 702 1734 protectoribus,
725 1698 833 1733 pacem
862 1694 892 1720 et
913 1697 1048 1720 concor-

295 1737 377 1772 diam
402 1737 483 1771 inter
503 1737 631 1771 eosdem
653 1736 783 1770 abbates
799 1763 808 1780 ,
834 1736 988 1782 praelatos
1016 1744 1045 1769 et

295 1794 470 1822 conventus
493 1787 596 1832 vigere
623 1786 798 1833 cupientes,
820 1786 856 1819 ad
886 1785 1047 1819 infrascri—

297 1845 381 1884 ptam
405 1836 601 1870 devenerunt
620 1835 997 1878 concordiam,videlicet.

345 1891 360 1930 ἓ
383 1888 415 1920 5.
438 1885 531 1928 Quod
554 1897 645 1920 causa
675 1885 742 1931 ipsa
765 1898 779 1919 a
803 1885 885 1919 dicto
905 1884 1046 1919 auditore

297 1935 516 1980 advocaretur,
535 1944 565 1970 et
593 1935 631 1969 lis
649 1935 828 1969 huiusmodi
854 1935 977 1981 penitus
993 1947 1048 1969 ex-

299 1986 506 2032 tingueretur3
528 1997 563 2019 ac
590 1985 698 2019 literae
724 1984 944 2024 revocationis,
961 1996 1048 2018 crea--

298 2035 394 2070 tionis
408 2035 510 2069 dictae
525 2034 776 2081 congregationis
798 2034 832 2069 S.
849 2034 1001 2068 Bernardi
1020 2034 1048 2066 in

299 2088 385 2124 Italia
400 2088 650 2129 annullarentur;
666 2101 701 2123 ac
716 2088 836 2135 priores
850 2087 956 2122 literae
970 2099 1052 2121 crea-

299 2144 393 2178 tionis
421 2143 676 2189 congregationis
704 2142 738 2177 S.
763 2142 914 2176 Bernardi
939 2142 1051 2176 liuius·

300 2198 384 2233 modi
408 2198 436 2232 in
461 2198 628 2245 pristinum
650 2204 680 2231 et
701 2209 774 2231 eum
797 2204 923 2235 statum,
945 2195 974 2229 in
990 2207 1052 2242 quo

300 2261 372 2288 ante
388 2252 511 2287 illarum
535 2251 765 2286 revocationem
787 2259 888 2294 erant,
906 2250 1052 2284 restitue-

303 2315 421 2352 rentur,
441 2319 515 2342 cum
544 2305 750 2352 infrascriptis
774 2313 876 2339 tamen
899 2303 1053 2338 conditio-

301 2361 395 2396 nibus
409 2370 439 2396 et
454 2360 732 2403 declarationibus,
750 2358 905 2393 videlicet.

351 2415 371 2462 S
391 2419 424 2449 4.
447 2414 539 2457 Quod
562 2414 680 2448 dictum
697 2410 1054 2460 capitulum,alternatis

301 2469 435 2509 vicibus,
445 2469 475 2503 in
486 2468 577 2502 dictis
591 2467 759 2514 provinciis
768 2465 916 2501 celebrari
930 2464 1055 2508 debeat,

303 2524 446 2559 videlicet
460 2535 525 2557 uno
540 2534 623 2557 anno
637 2522 666 2555 in
683 2533 745 2555 uno
759 2519 947 2554 monasterio
961 2519 1055 2553 unius

304 2577 491 2625 provinciae,
507 2576 650 2611 videlicet
662 2575 826 2614 Thusciae3
840 2573 900 2608 alio
916 2585 986 2607 vero
1001 2585 1055 2608 an—

305 2643 357 2676 no,
375 2631 406 2665 in
420 2630 481 2665 alio
497 2638 644 2673 monast.,
667 2628 812 2664 videlicet
833 2626 1055 2667 Lombardiae,

387 2687 459 2718 Ball..
477 2686 552 2716 Rom.
580 2686 631 2715 Vol.
654 2685 681 2715 V.
900 2684 937 2713 03

1710 232 1776 263 497

1080 297 1228 333 celebrari
1257 297 1394 332 debete..
1425 298 1462 330 lit
1492 295 1673 343 piat‘fsidens
1699 296 1826 342 capituli

1081 350 1162 383 illins
1190 348 1376 395 provinciae,
1405 347 1433 380 in
1462 358 1520 392 qna
1543 346 1755 380 celebraretur
1776 357 1828 380 ca-

1081 398 1226 445 pitulum,
1249 409 1317 431 esse
1341 408 1401 430 non
1426 404 1540 442 possen
1557 404 1584 430 et
1599 395 1660 429 duo
1679 402 1828 429 scrutato-

1082 460 1129 482 res
1156 456 1185 482 et
1218 455 1337 493 septem
1366 446 1558 490 definitores,
1581 457 1617 479 ex
1641 456 1827 491 unaquaque

1082 497 1252 544 provincia,
1269 508 1322 542 per
1350 495 1502 542 praelatos
1524 503 1554 528 ct
1576 494 1750 529 visitatores
1768 494 1826 528 iam

1079 547 1239 581 absolutos
1254 554 1282 579 et
1296 545 1445 579 discretos
1459 545 1708 590 uniuscuiusque
1730 543 1828 578 dicta-

1081 609 1149 630 rum
1171 595 1398 642 provinciarum
1418 594 1583 640 separatim
1603 594 1687 639 eligi;
1705 594 1827 640 ipsique

1081 645 1316 693 quatuordecim
1340 643 1521 677 definitores
1547 644 1593 677 sic
1620 643 1710 677 electi
1733 650 1827 677 totam

1081 694 1355 740 congregationem
1371 693 1405 726 S.
1428 692 1579 726 Bernardi
1597 692 1702 726 Italiac
1720 692 1830 726 liuius—

1082 744 1164 778 modi
1180 751 1460 790 repraesentarent;
1474 751 1501 775 et
1513 750 1598 788 gesta
1613 753 1649 776 ac
1664 742 1829 776 terminata

1082 805 1136 840 per
1151 793 1229 827 duas
1247 801 1350 839 partes
1369 792 1510 825 omniurn
1528 791 1727 825 definitorum
1745 791 1830 825 firma

1082 852 1109 878 et
1134 842 1232 877 valida
1252 850 1368 882 essent,
1391 853 1425 875 ac
1447 842 1470 874 si
1494 853 1548 888 per
1569 853 1679 876 omnes
1702 840 1778 875 sacta
1801 848 1830 875 et

1082 900 1168 940 gesta
1198 892 1343 926 fuissent.

1131 947 1145 984 ς’
1174 946 1205 976 5.
1228 941 1407 976 Electiones
1431 952 1502 974 vero
1519 940 1724 987 praelatorum
1747 948 1777 974 et
1795 940 1834 973 vi-

1082 993 1164 1027 sitat.
1185 992 1404 1037 uniuscuiusq.
1432 991 1620 1036 provinciae,
1647 1002 1726 1036 quae
1754 990 1835 1023 fiunt

1084 1054 1138 1088 per
1159 1041 1236 1075 duas
1254 1049 1355 1087 partes
1377 1052 1413 1073 ex
1439 1040 1538 1073 tribus
1561 1040 1701 1073 omnium
1722 1039 1834 1073 delini-

1085 1099 1186 1125 torum
1203 1090 1285 1124 illius
1298 1089 1487 1136 provinciae,
1505 1088 1595 1123 cuius
1610 1088 1764 1134 praelatus
1777 1089 1836 1122 ele-

1083 1149 1152 1175 ctus
1175 1139 1279 1178 suerit,
1296 1139 1415 1173 validae
1434 1139 1578 1173 existant.
1598 1137 1644 1172 Ae
1665 1137 1751 1185 quod
1770 1138 1836 1172 dis-

1084 1190 1161 1224 creti
1181 1189 1222 1223 illi
1246 1189 1428 1228 dumtaxat,
1446 1188 1498 1235 qui
1517 1187 1696 1222 sacerdotes
1714 1195 1838 1226 essent,

1086 1252 1140 1286 per
1167 1247 1283 1273 sortem
1311 1239 1425 1284 eligere
1449 1245 1592 1284 possent,
1621 1246 1837 1283 praeterquam

1087 1290 1116 1322 in
1142 1289 1284 1335 proximo
1308 1288 1412 1322 futuro
1439 1286 1587 1332 capitulo.
1616 1286 1644 1320 in
1674 1298 1735 1332 quo
1759 1298 1838 1320 una-

1086 1350 1230 1385 quaeque
1243 1338 1413 1384 provincia,
1423 1338 1452 1370 in
1462 1337 1616 1371 electione
1628 1335 1837 1370 discretorum

1087 1387 1282 1430 huiusmodi,
1305 1388 1370 1421 sive
1393 1398 1449 1433 per
1483 1386 1667 1420 electionem
1696 1386 1760 1419 sive
1784 1397 1838 1432 per

1087 1446 1200 1473 sortem
1218 1465 1225 1476 ,
1251 1449 1324 1471 suas
1346 1436 1570 1479 ordinationes,
1590 1435 1692 1482 quoad
1709 1435 1837 1468 modum

1089 1488 1158 1522 illos
1180 1486 1330 1534 eligendi,
1350 1486 1510 1520 dumtaxat
1532 1497 1666 1528 servare,
1689 1493 1717 1518 et
1733 1484 1770 1518 ad
1788 1484 1840 1518 su-

1089 1547 1192 1572 turum
1203 1537 1373 1583 capitulum
1384 1534 1561 1570 huiusmodi
1573 1534 1724 1568 habentes
1732 1546 1837 1568 vocem

1089 1589 1119 1622 in
1137 1587 1274 1634 capitulo
1287 1593 1445 1633 tamquam
1458 1585 1584 1631 praelati
1602 1584 1658 1618 liac
1670 1584 1735 1618 vice
1751 1583 1840 1617 dum-

1089 1645 1170 1671 taxat
1192 1636 1342 1671 accedere
1366 1644 1504 1682 possent.

1137 1687 1211 1734 gss.
1241 1685 1400 1732 Quodque
1428 1697 1510 1719 unus
1538 1683 1720 1731 praesidens
1748 1681 1840 1729 capi—

1090 1736 1145 1770 tuli
1163 1745 1192 1770 et
1208 1736 1280 1770 anni
1297 1735 1457 1769 alternatis
1473 1734 1594 1768 vicibus
1611 1745 1647 1767 ex
1664 1732 1756 1766 dictis
1772 1744 1841 1778 pro-

1091 1786 1213 1826 vinciis,
1236 1785 1380 1819 videlicet
1400 1797 1464 1818 uno
1480 1796 1561 1818 anno
1583 1783 1621 1817 de
1639 1795 1711 1826 una,
1730 1789 1759 1816 et
1781 1781 1840 1815 alio

1090 1836 1129 1870 de
1143 1836 1200 1869 alia
1221 1835 1377 1882 provincia
1394 1833 1589 1873 huiusmodi,
1605 1832 1674 1879 eligi
1693 1844 1746 1879 per
1761 1830 1839 1865 duas

1090 1886 1199 1920 saltem
1224 1892 1328 1932 partes
1349 1884 1490 1918 omnium
1518 1882 1756 1930 quatuordecim
1783 1880 1841 1914 de-

1092 1936 1251 1969 finitorum
1281 1933 1472 1968 huiusmodi.

1140 1989 1155 2028 ξ
1183 1987 1213 2018 7.
1242 1984 1314 2018 Duo
1338 1996 1408 2018 vero
1435 1983 1610 2017 visitatores
1638 1994 1676 2016 ex
1698 1991 1843 2027 unaqua-

1092 2047 1154 2081 que
1178 2034 1334 2080 provincia
1358 2033 1440 2079 eligi,
1457 2033 1508 2080 qui
1528 2032 1713 2066 monasteria
1734 2041 1843 2064 mona-

1093 2100 1201 2122 corum
1218 2087 1470 2133 congregationis
1479 2086 1601 2120 visitare
1615 2084 1768 2119 deberent
1784 2083 1841 2117 lioc

1094 2141 1370 2181 modo,videlicet:
1391 2141 1529 2175 visitator
1550 2139 1728 2186 provinciae
1748 2137 1839 2172 Thu-

1094 2198 1187 2238 sciae,
1202 2197 1353 2243 dignitate
1372 2195 1417 2229 vel
1432 2195 1624 2242 professione
1643 2194 1753 2231 maior,
1771 2205 1841 2227 cum

1095 2252 1216 2286 iuniore
1247 2250 1425 2297 provinciae
1453 2247 1661 2282 Lombardiae
1691 2246 1788 2287 illius;
1815 2254 1843 2280 et

1095 2306 1193 2341 maior
1206 2306 1344 2340 visitator
1360 2302 1536 2351 provinciae
1547 2301 1755 2336 Lombardiae
1770 2313 1842 2335 cum

1096 2361 1216 2395 iuniore
1232 2360 1388 2393 visitatore
1403 2356 1580 2404 provinciae
1593 2355 1748 2390 Tliusciae
1764 2355 1845 2389 illius

1097 2414 1285 2449 monasteria
1313 2412 1447 2446 visitare.

1146 2469 1165 2516 g
1193 2470 1225 2502 8.
1263 2465 1445 2501 Monialium
1476 2476 1546 2499 vero
1573 2463 1760 2498 monasteria
1792 2474 1845 2507 per

1098 2523 1273 2557 visitatores
1292 2519 1545 2566 congregationis
1556 2516 1845 2566 provinciae,cuius

1098 2577 1147 2610 illa
1170 2576 1295 2618 suerint,
1319 2574 1454 2617 visitare,
1471 2581 1501 2607 et
1518 2581 1578 2607 tam
1596 2571 1645 2606 illa
1661 2582 1753 2617 quam
1768 2581 1843 2603 mo-

1101 2642 1248 2665 nacorum
1264 2628 1461 2667 monasteria,
1477 2638 1558 2674 quae
1577 2625 1615 2660 de
1635 2623 1786 2672 praesenti
1803 2635 1848 2658 re·

1843 243 1891 268 An.
1909 242 1937 268 C.
1959 242 2019 267 1511

1870 951 1898 971 De
1925 949 2032 976 praelato-

1849 988 1893 1003 rum
1909 981 2023 1004 eletione,

1868 1702 1900 1722 Ati
1911 1704 1996 1719 *rna'in
2017 1701 2035 1719 in

1855 1732 1960 1753 elerii-me
1975 1737 2037 1758 praee

1856 1765 1951 1787 sidenm,

1862 1993 2037 2015 x'iettitnrihusei

1857 2027 1933 2045 visitati
1945 2032 1976 2044 ine
2008 2025 2040 2044 la*

1858 2059 1939 2077 cienda,

1866 2475 1988 2495 111’“ιιι.ι1ι’·ιιε
2010 2480 2043 2493 Μ-

1860 2512 1945 2532 [ΙῚΙΙΙῚΙΙΡ
1970 2513 2015 2525 lusu]

1860 2541 1884 2557 st«
1896 2544 1911 2556 ri
1923 2543 1930 2556 ε
1955 2541 2043 2556 viz-itau-

1860 2570 1898 2588 db.
