2281 3251
194 251 244 278 Αιι.
262 249 292 277 C.
314 248 380 276 1256

217 2376 331 2398 Prusian
351 2383 399 2404 rup-

212 2408 269 2433 plica

213 2441 266 2461 simo
275 2445 313 2466 pro
322 2445 399 2466 oppor-

214 2474 264 2492 tuno
286 2470 381 2492 remedio

444 237 491 271 28

396 302 567 341 civttatum,
578 301 796 336 UsslVefSllsslQS
811 299 1012 347 oppidorum,
1028 306 1143 333 0351Γο-

978 242 1166 267 summm!
1189 241 1351 266 nomm!

1232 300 1247 340 g
1271 300 1302 331 3
1318 296 1384 331 Nos
1400 295 1506 341 igitur,
1522 294 1672 332 adversus
1694 295 1869 334 violatores,
1891 306 1942 330 oc-

1958 237 2008 265 Ᾰιι.
2025 235 2138 265 CAR-'16

1967 298 2007 326 Qut
2023 300 2094 320 corto·
2115 298 2141 319 nd

1955 329 1996 350 hoe
2010 329 2092 351 iudices
2101 329 2141 350 de-

397 365 479 393 rum,
513 352 653 386 villarum
690 359 720 385 et
754 350 886 384 aliorum
928 348 1081 389 locor-,um
1108 359 1143 381 ac
1184 354 1364 392 eupatores
1386 345 1578 384 detentores
1595 353 1861 392 praesumptores,
1877 355 1941 379 mo
1955 363 2022 388 ,um-

396 402 476 436 aliae
516 400 690 447 singulares
725 410 877 445 personae
913 398 1073 432 civitatum
1116 404 1145 430 et

397 451 577 485 dioecesum
594 458 622 484 et
635 449 767 484 aliarum
783 447 918 494 partium
937 446 1146 484 diiffeisaiQum

399 499 564 538 violarunt,
587 506 780 545 occuparunt
796 506 824 532 et
841 496 991 541 occupati
1007 495 1147 530 fecerunt

399 549 568 588 Ecclesius
591 558 702 587 cast·;,ii
732 547 817 580 iillas
845 554 874 580 et
896 546 954 579 alia
979 545 1058 584 loca,
1083 543 1148 577 sive

400 598 553 641 membra,
576 606 685 634 terras,
710 596 833 636 domos,
856 595 1011 640 grangias,
1027 593 1150 629 inolen-

400 648 488 687 dina,
504 647 654 685 decimas
668 645 876 688 obedientias,
891 644 1015 684 casalia
1033 644 1151 685 vineas,

402 706 500 743 prata,
524 708 664 733 nemora
689 694 891 741 piscationes,
924 694 1151 740 possessiones,

402 748 481 789 iuia,
505 745 666 792 priiilegia
694 752 723 778 et
752 742 1003 786 iurisdictiones,
1028 753 1151 777 necnon

402 796 535 834 fructus.
571 805 699 835 census,
737 792 880 827 redditus
915 799 945 826 et
980 802 1154 839 proventus

402 846 505 879 dictae
527 842 794 888 congregationis,
816 854 854 876 ac
876 842 1154 881 monasteriorum,

405 894 614 941 prioratuum
638 892 818 946 domorum,
845 891 1044 938 aliorumque
1066 891 1155 926 loco-

405 956 472 977 rum
496 942 556 977 sub
583 940 826 994 congregatione
853 939 1037 975 huiusmodi
1064 953 1155 975 com-

405 992 648 1039 prehensorum,
687 1002 752 1024 sive
789 989 830 1023 illi
863 989 1097 1030 subiectorum;
1125 998 1155 1025 et

405 1040 556 1077 nonnulla
579 1040 638 1075 alia
662 1039 744 1074 bona
767 1039 894 1074 mobilia
912 1046 943 1074 et
970 1017 1156 1083 immobilia,

405 1090 578 1136 spiritualia
601 1098 631 1124 et
654 1088 850 1135 temporalia,
874 1087 911 1122 ad
938 1088 1157 1135 congregatio·

406 1152 490 1183 nem,
505 1140 571 1174 sive
595 1138 797 1177 monasteria,
818 1138 986 1184 prioratus,
1002 1137 1156 1176 membra.

406 1201 530 1224 necnon
553 1187 705 1227 subiecta
719 1186 832 1222 domos
844 1194 874 1221 et
896 1186 963 1221 loca
976 1186 1156 1222 huiusmodi

405 1238 591 1286 spectantia,
606 1245 636 1272 et
662 1249 697 1271 ea
720 1236 861 1271 detinent
889 1235 1028 1271 indebite
1060 1248 1158 1271 occu-

406 1296 488 1333 pata,
515 1299 572 1322 seu
595 1298 630 1321 ea
653 1285 872 1320 detinentibus
895 1292 1053 1331 praestant
1075 1286 1157 1320 auxi-

405 1336 495 1379 lium,
533 1336 702 1370 consilium
744 1335 789 1369 vel
829 1334 978 1369 favorem.
1007 1334 1158 1369 Nonnulli

405 1386 498 1420 etiam
533 1384 707 1425 civitatum,
743 1384 926 1419 dioecesum
956 1391 986 1418 et
1023 1384 1157 1431 partium

407 1434 652 1487 praedictarum,
674 1433 729 1480 qui
749 1444 863 1467 nomen
887 1432 1014 1467 Domini
1045 1445 1075 1467 in
1098 1445 1159 1467 va-

404 1495 500 1517 enum
531 1494 671 1527 recipere
710 1494 772 1516 non
808 1480 993 1522 formidant,
1023 1480 1159 1526 eisdem,

406 1531 612 1578 praesidenti,
635 1529 863 1570 visitatoribus,
888 1542 1012 1565 necnon
1034 1530 1160 1566 dilectis

405 1580 479 1616 filiis
497 1579 666 1615 abbatibus
677 1580 942 1614 monasteriorum
957 1588 986 1614 et
1002 1580 1161 1626 prioribus

407 1630 602 1676 prioratuum
631 1629 878 1676 praedictorum,
904 1640 940 1664 ac
961 1628 1160 1670 eorumdem,

406 1690 530 1714 necnon
573 1678 847 1724 congregationis,
874 1690 910 1713 ac
942 1677 1159 1713 subiectorum

407 1727 576 1763 domorum
598 1735 627 1762 et
644 1728 784 1762 locorum
808 1726 991 1762 huiusmodi
1017 1728 1161 1774 personis

408 1777 487 1816 aliis,
515 1788 613 1824 super
646 1776 816 1822 praedictis
852 1776 975 1820 castris,
1012 1776 1094 1811 villis
1131 1786 1162 1811 et

409 1825 486 1861 locis
517 1826 597 1869 aliis,
631 1826 732 1869 terris,
773 1824 931 1864 domibus.
952 1824 1161 1873 pertinentiis,

410 1873 680 1921 possessionibus,
696 1873 818 1910 iuribus
832 1883 862 1909 et
877 1874 1161 1919 iurisdictionibus,

409 1923 576 1963 fructibus.
599 1922 761 1963 censibus,
781 1922 957 1958 redditibus
973 1929 1003 1958 et
1026 1936 1163 1970 proven-

410 1972 495 2008 tibus
516 1972 716 2013 eorumdem,
738 1984 774 2007 ac
795 1971 1054 2019 quibuscumque
1092 1973 1163 2007 aliis

410 2023 503 2059 bonis
519 2022 691 2058 mobilibus
706 2031 736 2058 et
758 2021 987 2064 immobilibus,
1009 2022 1163 2069 spiritua-

410 2074 496 2110 libus
518 2082 547 2108 et
571 2072 813 2121 temporalibus,
836 2080 866 2107 et
900 2072 971 2107 aliis
1000 2071 1096 2108 rebus
1123 2072 1162 2108 ad

411 2124 704 2171 congregationem,
748 2122 953 2161 monasteria,
993 2122 1162 2170 prioratus,

411 2185 534 2208 necnon
556 2172 697 2207 subiecta
715 2172 827 2207 domos
842 2179 872 2206 et
887 2171 954 2206 loca
979 2171 1160 2207 huiusmodi

411 2222 643 2277 spectantibus,
668 2221 863 2276 multiplices
886 2220 1047 2257 molestias
1068 2229 1098 2256 et
1121 2222 1166 2256 in-

413 2271 508 2306 iurias
531 2271 667 2306 inserunt
689 2283 724 2305 ac
747 2271 890 2305 iacturas.

461 2321 481 2367 g
507 2323 539 2355 2.
569 2320 674 2363 Quare
701 2320 775 2355 dicti
797 2319 979 2367 praesidens
1006 2328 1035 2355 et
1056 2320 1164 2356 visita-

413 2378 497 2406 tores
512 2371 603 2407 nobis
617 2371 780 2405 humiliter
792 2370 1026 2417 supplicarunt,
1044 2378 1077 2405 ut
1092 2383 1163 2405 curn

271 2411 294 2428 nt
305 2407 398 2429 Ssslclil-
434 2422 439 2427 -

413 2421 531 2456 eisdem
573 2420 660 2455 valde
696 2420 844 2455 reddatur
874 2420 1001 2455 ‹lillicile
1033 2428 1063 2455 et
1096 2421 1167 2455 aliis

392 2470 594 2513 ’abbatibus,
622 2470 780 2518 prioribus
814 2478 844 2505 et
876 2470 1023 2516 praelatis
1052 2469 1168 2505 liuius-

415 2520 500 2555 modi
525 2533 580 2567 pro
593 2520 727 2566 singulis
746 2520 885 2569 querelis
898 2519 935 2554 ad
951 2519 1166 2566 Apostolicam

415 2570 531 2606 Sedem
565 2569 681 2605 babere
716 2581 891 2613 recursum,
927 2569 1090 2616 providere
1123 2570 1169 2605 eis

416 2632 514 2670 super
540 2619 600 2656 boc
623 2627 752 2670 paterna
780 2618 946 2668 diligentia
973 2631 1168 2656 curaremus.

1187 395 1352 430 lestatores
1374 402 1403 428 et
1427 394 1629 429 iniuriatores
1663 393 1860 433 huiusmodi,
1888 393 1941 428 illo

1189 444 1329 479 volentes
1342 443 1462 478 eisdem
1478 441 1940 489 congregationi,praesidenti,

1191 492 1414 531 visitatoribus,
1442 491 1621 536 abbatibus,
1650 491 1808 539 prioribus
1822 500 1851 527 et
1868 504 1942 539 per-

1190 543 1279 577 sonis
1302 542 1371 577 aliis
1394 541 1533 576 remedio
1560 541 1742 582 subvenire,
1775 553 1830 588 per
1855 541 1942 588 quod

1193 593 1333 639 ipsorum
1366 598 1590 637 compescatur
1623 591 1795 634 temeritas,
1818 599 1849 625 et
1875 589 1944 626 aliis

1191 641 1296 676 aditus
1322 640 1542 676 committendi
1569 640 1682 675 similia
1712 639 1945 687 praecludatur;

1193 690 1376 726 discretioni
1401 697 1533 730 vestrae,
1555 702 1592 725 ex
1613 698 1696 725 certa
1717 689 1862 730 scientia,
1892 701 1946 736 per

1194 739 1364 787 apostolica
1399 739 1516 786 scripta
1557 739 1756 779 mandamus,
1789 747 1947 786 quatenus

1195 802 1261 834 vos,
1278 790 1322 824 vel
1345 789 1410 824 duo
1431 796 1483 824 aut
1501 788 1617 835 singuli
1642 797 1796 844 vestrum,
1808 800 1864 835 per
1892 800 1947 823 vos

1197 839 1242 874 vel
1264 839 1359 874 alium
1397 850 1452 873 seu
1475 837 1565 882 alios,
1591 838 1685 873 etiarn
1719 838 1744 873 si
1772 838 1835 873 sint
1861 846 1948 873 extra

1197 888 1304 932 loca,
1299 901 1329 923 in
1357 887 1475 935 quibus
1502 887 1643 943 deputati
1677 888 1753 923 estis
1779 899 1948 923 conserva-

1197 946 1281 973 tores
1303 946 1333 972 et
1356 937 1492 981 iudices,
1515 937 1593 984 ipsis
1617 936 1822 984 praesidenti,
1846 937 1948 972 visita·

1197 987 1331 1030 toribus,
1358 986 1536 1026 abbatibus,
1566 986 1726 1033 prioribus
1743 994 1773 1020 et
1793 987 1947 1033 personis,

1199 1049 1321 1072 necnon
1342 1035 1564 1080 conventibus,
1579 1035 1729 1071 domibus
1744 1047 1782 1071 ao
1796 1034 1950 1071 membris

1197 1086 1316 1120 eisdem
1365 1085 1531 1128 subieeiis,
1569 1085 1705 1120 efficacis
1752 1084 1950 1121 defensionis

1200 1135 1356 1182 praesidio
1377 1135 1574 1174 assistentes,
1592 1147 1655 1170 non
1672 1134 1862 1182 permittatis
1875 1145 1951 1170 eos-

1199 1184 1270 1219 dem
1293 1197 1390 1232 super
1409 1185 1447 1219 iis
1462 1191 1492 1218 et
1506 1184 1762 1231 quibuscumque
1777 1183 1849 1219 aliis
1859 1182 1952 1219 bonis

1199 1243 1228 1268 et
1247 1233 1378 1275 iuribus,
1393 1233 1431 1268 ad
1445 1234 1737 1280 congregationem,
1751 1233 1951 1277 monasteria,

1201 1283 1369 1330 prioratus,
1393 1295 1515 1318 necnon
1537 1283 1679 1318 subiecta
1694 1282 1808 1318 domos
1824 1290 1855 1317 et
1883 1282 1952 1318 loca

1201 1332 1358 1377 praedicta
1381 1332 1611 1379 spectantibus,
1624 1332 1664 1368 ab
1678 1332 1799 1367 eisdem
1818 1330 1866 1367 vel
1880 1331 1954 1379 qni-

1201 1380 1308 1416 busvis
1343 1381 1413 1417 aliis
1448 1381 1588 1416 indebite
1631 1381 1803 1424 molestari,
1832 1380 1879 1416 vel
1905 1381 1953 1416 eis

1200 1431 1391 1476 gravamina,
1413 1443 1468 1466 seu
1491 1430 1605 1466 damna
1629 1431 1674 1466 vel
1704 1431 1834 1466 iniurias
1870 1430 1953 1465 irro-

1200 1479 1278 1525 gari,
1287 1479 1412 1524 facturi,
1423 1480 1516 1515 dictis
1524 1479 1717 1527 praesidenti,
1725 1478 1952 1520 visitatoribus,

1201 1528 1381 1573 abbatibus,
1404 1528 1563 1576 prioribus
1576 1537 1608 1564 et
1630 1530 1789 1576 personis,
1801 1540 1899 1576 quum
1914 1528 1954 1564 ab

1201 1578 1247 1612 eis
1275 1579 1320 1613 vel
1351 1577 1608 1625 procuratoribus
1634 1579 1714 1618 suis.
1756 1586 1811 1613 aut
1843 1589 1953 1613 eornm

1201 1626 1309 1674 aliquo
1332 1627 1454 1663 fueritis
1487 1628 1629 1674 requisiti
1655 1627 1695 1663 de
1718 1627 1888 1675 praedictis
1917 1639 1954 1662 ac

1202 1675 1272 1711 aliis
1306 1677 1450 1724 personis
1471 1676 1667 1724 quibuslibet
1693 1688 1789 1723 snper
1821 1676 1955 1712 restitu-

1203 1725 1288 1761 tione
1301 1725 1484 1762 liuiusmodi
1501 1726 1712 1773 prioratuum,
1726 1725 1955 1771 Ecclesiarum,

1204 1775 1432 1819 membrorum,
1454 1775 1670 1822 grangiarum,
1693 1782 1883 1815 castrorum,
1902 1787 1957 1810 ca·

1202 1823 1329 1869 salium,
1352 1823 1509 1865 villarum,
1529 1833 1695 1869 terrarum,
1719 1824 1956 1880 possessionum
2000 1841 2006 1846 ·

1203 1881 1234 1908 et
1261 1872 1395 1908 aliorum
1423 1873 1582 1918 locorum,
1608 1873 1880 1912 iurisdictionum,
1906 1873 1958 1909 in-

1204 1922 1298 1967 rium,
1310 1922 1491 1957 reddituum
1511 1935 1638 1971 quoque
1653 1930 1683 1958 et
1701 1930 1911 1970 proventuum
1927 1930 1958 1959 et

1204 1970 1335 2006 aliorum
1371 1983 1650 2023 quorumcumque
1682 1971 1838 2007 bonorum
1861 1972 1958 2018 spiri-

1204 2020 1335 2055 tualium
1349 2028 1380 2056 et
1391 2019 1625 2068 temporalium,
1639 2033 1763 2057 necnon
1776 2021 1816 2056 de
1829 2020 1959 2068 quibus
1963 2032 1966 2036 ’

1204 2087 1343 2122 cumque
1366 2074 1537 2115 molestiis.
1564 2075 1688 2111 iniuriis
1709 2083 1804 2122 atque
1831 2075 1958 2111 damnis

1206 2128 1427 2175 praesentibus
1461 2136 1493 2164 et
1527 2128 1641 2164 suturis
1676 2130 1706 2164 in
1744 2129 1890 2176 personis
1928 2136 1961 2164 et

1206 2182 1302 2217 rebus
1325 2183 1478 2230 ipsorum,
1502 2183 1531 2217 in
1554 2183 1616 2218 illis
1637 2182 1784 2218 videlicet
1805 2194 1887 2230 quae
1909 2183 1960 2217 iu-

1206 2236 1337 2272 dicalem
1367 2238 1531 2284 requirunt
1565 2237 1760 2284 indaginem.
1787 2237 1960 2272 summarie
2003 2249 2008 2253 ·

1206 2298 1235 2325 et
1251 2290 1290 2325 de
1314 2291 1418 2337 plano,
1437 2292 1506 2327 sine
1522 2291 1656 2339 strepitu
1672 2298 1702 2325 et
1720 2290 1819 2337 figura
1837 2290 1960 2335 iudicii,

1207 2345 1272 2380 sola
1295 2346 1366 2380 facti
1390 2346 1517 2382 veritate
1542 2347 1696 2393 inspecta,
1723 2345 1755 2380 in
1778 2344 1848 2380 aliis
1875 2356 1964 2390 vero,

1209 2409 1301 2448 prout
1339 2401 1474 2449 qualitas
1512 2412 1622 2435 eorum
1645 2398 1797 2446 exegerit,
1824 2398 1963 2435 iustitiae

1209 2456 1488 2502 complementum.
1518 2453 1707 2497 Violatores,
1743 2459 1961 2500 occupatores,

1209 2520 1263 2543 seu
1288 2509 1480 2554 detentores,
1508 2515 1777 2556 praesumptores,
1806 2506 1963 2542 molesta—

1211 2573 1293 2599 tores
1315 2571 1345 2599 et
1373 2563 1573 2598 iniuriatores
1609 2560 1811 2605 huiusmodi,
1839 2571 1963 2597 necnon

1211 2618 1459 2654 contradictores
1473 2615 1633 2666 quoslibet
1646 2623 1676 2653 et
1691 2614 1839 2658 rebelle&
1853 2614 1964 2652 cuius·
