2281 3251
237 251 288 278 Λιι-
305 250 335 278 C.
353 250 420 279 1516

250 460 278 483 81
294 466 362 481 etun·
381 467 420 482 au-

237 496 278 513 tem
294 492 326 514 hie
336 498 420 520 expres-

256 1811 382 1832 Conceditur
392 1809 425 1830 ta-

243 1842 309 1864 eultu
324 1842 381 1864 utum
392 1847 427 1862 n-

338 1874 424 1901 exprim.

244 1905 297 1926 inin
320 1911 396 1926 annum
415 1910 427 1925 ι

245 1937 278 1958 dt·
298 1936 358 1957 dnae
377 1936 426 1958 tite-

245 1973 320 1989 nrum.

243 1874 309 1895 lot-ern

483 238 552 273 680

434 304 603 339 mationem
632 301 764 348 exprimi
793 299 934 344 deberet,
953 297 1090 345 alioquin
1105 309 1183 345 gra-

435 355 494 389 tiae
522 354 606 401 ipsae
629 359 732 387 essent
757 350 825 397 ipso
847 350 912 384 iure
937 347 1053 382 nullae.

483 404 549 451 3⁶2.
564 402 643 438 Cum
660 410 777 439 autem,
793 399 1073 445 sicutaccepimus,
1091 408 1185 443 saepe

437 454 631 499 contingeret
647 461 798 498 personas
823 449 910 495 regni
930 457 959 483 et
974 447 1185 494 Delpliinatus

435 516 470 539 ac
492 503 658 538 comitatus
684 499 878 542 huiusmodi,
904 498 1062 533 vacatione
1085 496 1184 531 bene-

435 554 577 588 ficiorum
606 551 636 585 in
665 550 741 585 locis
765 548 893 584 remotis
930 547 1015 594 regni
1045 559 1079 581 ac
1108 545 1185 580 Del-

435 603 582 651 plrinatus
597 608 627 635 et
648 600 814 635 comitatus
829 597 1025 637 eorumdem,
1042 608 1098 644 per
1112 595 1184 630 obi-

435 662 499 688 tum
516 663 570 700 pro
586 659 727 697 tempore
741 648 880 683 vacantia
891 647 1059 691 intellecta,
1073 657 1182 681 eorum

434 703 496 738 veri
519 700 630 736 valoris
653 699 796 734 notitiam
820 698 928 733 baberi
946 709 1008 732 non
1034 708 1139 744 posse,
1155 704 1184 730 et

435 752 496 787 veri
517 750 630 786 valoris
655 747 835 783 huiusmodi
861 748 967 782 notitia
987 758 1048 781 non
1067 745 1185 791 habita,

434 802 470 837 ad
497 801 546 836 illa
562 813 576 835 a
592 799 736 834 Romano
764 798 918 833 Pontifice
937 796 1184 844 impetrandum,

434 851 565 888 celerem
588 849 739 884 nuncium
749 848 787 883 ad
802 847 918 883 Sedem
936 846 1125 894 praedictam
1136 845 1184 881 de-

434 902 560 945 stinare,
578 908 607 934 et
625 900 818 945 signaturam
833 897 1075 945 supplicationis
1090 909 1186 943 super

435 952 557 987 illorum
575 949 806 996 impetratione,
823 960 897 983 cum
914 947 1058 982 facultate
1074 959 1181 981 verum

435 1013 575 1037 annuum
597 999 731 1034 valorem
756 998 981 1033 beneficiorum
1002 996 1184 1031 huiusmodi

435 1052 464 1086 in
488 1051 646 1086 literarum
663 1060 758 1096 super
784 1047 964 1083 huiusmodi
985 1046 1187 1095 supplicatio-

435 1101 528 1136 nibus
545 1099 746 1147 expeditione
757 1096 1122 1146 augendi,obtinere,ad
1140 1096 1186 1131 ef-

435 1151 552 1187 fectum
576 1149 808 1198 possessionem
833 1147 1056 1182 beneficiorum
1075 1147 1187 1181 liuius-

435 1201 517 1236 modi
552 1198 760 1248 assequendi,
796 1198 903 1233 literas
940 1210 1037 1245 super
1068 1197 1187 1232 liuius-

435 1251 519 1286 modi
549 1248 846 1297 impetrationibus,
874 1260 945 1284 cum
978 1247 1085 1282 minus
1115 1259 1187 1282 vera

436 1300 549 1336 valoris
576 1299 804 1335 beneficiorum
835 1297 1020 1334 eorumdem
1050 1309 1187 1344 expres-

435 1351 524 1387 sione
535 1349 695 1397 expedire,
710 1357 740 1383 et
752 1348 870 1396 absque
883 1360 991 1383 eorum
1006 1346 1111 1394 culpa,
1122 1347 1189 1381 dili-

435 1401 539 1448 gentia
558 1408 588 1435 et
603 1399 762 1446 expensis,
773 1411 828 1446 pro
841 1398 1060 1445 impetratione
1076 1397 1188 1432 liuius-

437 1450 520 1485 modi
543 1448 712 1484 obtinenda
736 1448 880 1489 factiS,et
895 1449 992 1494 gratia
1007 1449 1082 1483 eisa
1099 1447 1189 1483 nobis

436 1512 585 1536 concessa
603 1509 632 1534 et
656 1499 738 1533 illius
758 1498 869 1533 effectu
893 1498 1051 1542 frustrari,
1075 1509 1110 1533 ac
1134 1509 1190 1544 per

438 1551 626 1598 posteriores
638 1549 807 1597 (qui,nulla
824 1548 927 1583 hahita
945 1547 1119 1595 diligentia,
1133 1559 1190 1582 ex-

438 1601 599 1647 pressione
627 1600 690 1634 veri
714 1598 844 1643 valoris,
869 1598 979 1634 eadem
997 1597 1150 1633 beneficia
1173 1610 1190 1633 a

437 1650 520 1686 Sede
550 1649 708 1698 praedicta
738 1649 959 1696 impetrarunt)
988 1648 1127 1694 excludi,
1155 1660 1191 1684 ac

438 1700 575 1748 desuper
598 1708 763 1747 propterca
787 1699 957 1734 molestari.

487 1751 507 1798 ἓ
535 1754 566 1786 5.
594 1749 679 1791 Nos,
707 1749 760 1797 qui
783 1749 981 1784 subditorum
1010 1756 1190 1783 nostrorum

440 1799 605 1836 commoda
633 1799 767 1834 libenter
795 1811 1012 1846 procuramuS,
1035 1810 1071 1833 ac
1093 1811 1147 1833 eos
1175 1810 1190 1833 a

440 1850 548 1885 litibus
571 1858 601 1885 et
623 1849 781 1897 expensis,
798 1858 950 1896 quantum
967 1861 1037 1884 cum
1054 1848 1192 1884 Domino

442 1912 620 1947 possumuS,
643 1900 829 1944 relevamus,
845 1907 932 1933 motu
957 1898 1083 1946 proprio
1106 1911 1142 1933 ac
1156 1911 1192 1933 ex

441 1959 522 1986 certa
541 1957 646 1985 nostra
667 1949 793 1984 scientia
817 1961 851 1984 ac
869 1949 908 1983 de
925 1948 1112 1996 apostolicae
1142 1961 1194 1996 po-

442 2000 560 2035 testatis
585 1999 796 2047 plenitudine,
823 1999 990 2034 statuimus
1016 2007 1045 2033 et
1067 1999 1194 2034 ordina-

441 2062 511 2085 mus
522 2050 605 2097 quod
622 2049 660 2084 de
677 2057 794 2094 cetero,
810 2049 971 2096 perpetuis
986 2048 1099 2083 suturis
1115 2057 1194 2084 tem-

443 2104 584 2152 poribus,
599 2104 802 2150 impetrantes
819 2103 970 2138 benesscia
980 2103 1193 2139 ecclesiastica

443 2159 474 2193 in
487 2171 594 2205 regno,
606 2157 796 2205 Delphinatu
809 2167 838 2193 et
850 2158 1002 2193 comitatu
1017 2158 1195 2205 praedictis,

445 2224 500 2260 per
521 2213 640 2248 obitum
663 2212 827 2248 dumtaxat
856 2213 1013 2257 vacantia,
1040 2213 1065 2247 si
1089 2225 1193 2247 verum

446 2278 584 2302 annuum
615 2266 749 2302 valorem
785 2267 1011 2303 beneficiorum
1042 2267 1070 2301 in
1099 2267 1197 2302 literis

447 2321 640 2368 apostolicis,
666 2333 747 2368 quae
777 2334 872 2370 super
907 2321 998 2356 dictis
1033 2321 1196 2356 benefieiis

448 2374 612 2423 expeditae
635 2374 782 2418 fuerunt,
821 2388 882 2411 non
906 2376 1119 2423 expresserint
1143 2376 1198 2410 in—

450 2429 494 2465 sra
526 2441 644 2464 anuum
665 2442 679 2464 a
703 2429 754 2465 die
775 2431 863 2466 datae
881 2430 1040 2466 literarum
1067 2442 1199 2465 earum-

450 2483 522 2519 dem
545 2483 804 2531 computandum,
827 2484 963 2519 valorem
988 2485 1091 2532 ipsum
1117 2485 1198 2520 male

451 2550 636 2587 expressum
660 2539 771 2585 corrigi
797 2551 851 2587 per
877 2539 1037 2581 olliciales,
1059 2539 1096 2574 ad
1121 2552 1200 2587 quos

452 2593 607 2640 expeditio
626 2593 785 2629 literarum
808 2594 989 2630 huiusmodi
1014 2594 1148 2642 pertinet
1171 2604 1201 2629 et

453 2649 664 2686 correctiones
678 2648 837 2685 literarum
853 2649 1034 2686 earumdem
1050 2649 1116 2686 sieri
1131 2661 1203 2685 con-

1013 242 1202 268 namnum
1222 241 1387 266 nouAmm

1226 303 1408 340 sueverunt,
1424 302 1547 343 petere,
1571 295 1695 343 ipsique
1710 294 1872 339 officiales,
1895 294 1980 343 ipsa-

1227 359 1294 381 rum
1311 346 1472 381 literarum
1489 346 1681 393 expeditioni
1700 345 1928 392 praesidentes,
1941 346 1980 381 ad

1226 395 1410 431 eorumdem
1430 395 1606 442 simplicem
1631 396 1829 443 petitionem,
1845 395 1979 431 valorem

1227 448 1367 494 ipsorum
1396 446 1632 493 impetrantium
1655 445 1692 481 ad
1708 458 1815 481 verum
1839 457 1980 481 annuum

1226 496 1379 537 valorem,
1403 497 1489 531 iuxta
1517 496 1692 543 petentium
1717 496 1922 540 voluntatem,
1950 495 1982 530 in

1226 546 1346 581 eisdem
1370 546 1468 581 literis
1483 546 1635 581 reducere
1652 555 1682 581 et
1705 546 1876 592 corrigere3
1900 545 1981 593 ipsi-

1225 609 1288 644 que
1311 596 1525 643 impetrantes,
1538 609 1594 644 pro
1609 605 1780 642 augmento
1799 595 1912 631 valoris
1925 607 1982 630 ex-

1227 647 1325 694 pressi
1349 646 1521 686 dumtaxat,
1549 654 1695 680 annatam
1719 645 1870 680 Camerae
1897 646 1982 693 Apo-

1227 696 1357 732 stolieae
1380 696 1502 730 solvere
1524 695 1660 730 debeant
1686 703 1716 730 et
1740 703 1917 730 teneantur.

1275 750 1290 790 ἓ
1312 749 1345 780 4.
1363 746 1580 781 Decernentes
1598 757 1816 793 quascumque
1836 745 1984 792 impetra-

1228 796 1328 831 tiones
1352 797 1543 844 posteriores
1565 795 1604 830 de
1626 795 1720 830 dictis
1736 795 1914 836 benefieiis,
1931 807 1984 830 ra-

1228 851 1312 886 tione
1333 863 1394 885 non
1410 850 1621 897 expressionis
1646 850 1710 885 veri
1739 850 1853 885 valoris
1870 850 1984 885 liuius-

1228 905 1312 941 modi
1336 905 1415 940 iufra
1439 905 1555 940 dictum
1579 917 1696 939 annum
1727 904 1843 945 factas,
1861 904 1981 940 nullius

1229 960 1350 995 roboris
1379 960 1426 994 vel
1454 960 1606 995 momenti
1630 971 1700 995 esse
1727 968 1756 995 et
1781 971 1836 1008 pro
1859 959 1985 996 insectis

1227 1014 1336 1050 haberi
1360 1013 1486 1049 debere.

1276 1068 1363 1104 Nulli
1386 1081 1460 1115 ergo
1483 1076 1534 1103 etc.

1277 1122 1393 1158 Datum
1416 1123 1537 1158 Romae
1559 1122 1643 1171 apud
1662 1121 1815 1158 Sanctum
1834 1121 1978 1169 Petrum,

1228 1190 1312 1214 anno
1334 1177 1560 1213 lucarnationis
1576 1178 1755 1213 dominicae
1776 1189 1897 1219 mnxvx,
1924 1178 1982 1214 ka-

1230 1233 1332 1268 lendis
1354 1233 1505 1276 octobris,
1528 1242 1616 1282 pont.
1636 1233 1734 1268 nostri
1761 1245 1844 1268 anno
1868 1244 1916 1268 ιν.

1268 1300 1330 1331 Dat.
1354 1301 1401 1332 die
1421 1301 1433 1331 1
1456 1300 1585 1332 octobris
1603 1300 1689 1338 1516,
1705 1304 1783 1340 pont.
1804 1309 1881 1331 anno
1900 1308 1936 1331 lv.

1559 1478 1662 1515 XXII.

1269 1562 1317 1596 De
1335 1562 1588 1608 praedicatorum
1614 1562 1699 1596 verbi
1724 1562 1786 1596 Dei
1810 1574 1944 1608 munere,

1353 1614 1494 1647 examine
1515 1619 1541 1646 et
1562 1613 1784 1658 approbatione
1806 1614 1862 1657 (t).

1506 1691 1724 1723 SUMMARIUM

1233 1756 1467 1787 Praedicationis
1491 1765 1600 1785 munus
1623 1755 1707 1785 valde
1731 1755 1935 1787 necessarium
1963 1761 1991 1788 et

1275 1802 1347 1832 utile
1370 1806 1424 1831 cst.
1446 1818 1485 1823 -
1512 1801 1537 1830 1.
1566 1800 1789 1830 praedicatores
1814 1806 1910 1831 tamen
1936 1801 1991 1831 ali-

1274 1856 1330 1886 qua
1359 1846 1532 1876 scandalosa
1556 1845 1734 1885 quandoque
1754 1850 1930 1885 proponunt.
1952 1863 1991 1869 —

1276 1892 1303 1922 Ξ).
1326 1890 1392 1920 ldeo
1415 1891 1444 1920 S.
1467 1890 1626 1929 Gregorius
1650 1891 1867 1930 praedicatores
1888 1890 1991 1921 horta-

1275 1936 1362 1966 batur
1397 1940 1448 1965 etc.
1482 1952 1522 1957 —
1553 1935 1579 1964 3.
1602 1934 1636 1964 Et
1658 1935 1706 1964 hic
1743 1934 1877 1964 Pontisex
1908 1935 1992 1966 iubet

1276 1981 1495 2021 praedicatores
1525 1980 1633 2010 debere
1662 1980 1744 2019 prius
1771 1980 1934 2010 examinari
1963 1985 1992 2012 et

1276 2026 1445 2066 approbari;
1460 2042 1499 2047 —-
1515 2026 1544 2055 4.
1565 2024 1990 2064 Adinissosque,Evangelium

1276 2072 1353 2102 iuxta
1371 2080 1493 2101 sensum
1512 2069 1806 2110 Dl).approbatoru1n
1819 2070 1992 2109 praedicare

1278 2116 1381 2148 teneri.
1403 2133 1442 2139 —
1468 2116 1495 2146 5.
1517 2115 1626 2145 Futura
1652 2115 1835 2154 praedicere,
1857 2119 1909 2145 etc.
1933 2125 1993 2146 non

1278 2161 1395 2192 debent.
1411 2178 1450 2184 —
1467 2161 1494 2191 6.
1510 2160 1609 2190 Const.
1628 2159 1717 2189 Clem.
1734 2159 1757 2189 V
1776 2159 1811 2190 de
1830 2159 1993 2198 privilegiis

1278 2207 1445 2238 observent.
1467 2223 1505 2228 —
1525 2206 1551 2236 7.
1567 2205 1779 2245 lnspirationes
1799 2205 1925 2242 divinae,
1939 2214 1992 2235 an-

1278 2258 1394 2292 tequam
1416 2252 1634 2292 praedicentur,
1647 2251 1732 2281 Sedis
1747 2251 1846 2289 Apost.
1869 2255 1919 2279 aut
1936 2250 1994 2281 loci

1278 2297 1421 2327 ordinarii
1441 2296 1567 2326 examini
1591 2300 1789 2326 reserventur.
1810 2311 1849 2316 —
1871 2294 1897 2324 8.
1920 2294 1995 2325 Con-

1279 2341 1507 2372 travenientium
1532 2349 1652 2381 poenae.
1670 2356 1709 2362 —
1726 2340 1754 2369 9.
1773 2338 1993 2370 Contrariorum

1280 2387 1442 2426 derogatio.

1275 2459 1314 2494 (t)
1335 2459 1500 2494 Approbatio
1520 2460 1546 2485 et
1565 2465 1676 2485 examen
1707 2456 1860 2484 huiusmodi
1889 2457 1996 2492 regula-

1241 2500 1304 2527 riter
1323 2504 1427 2535 spectat
1442 2500 1475 2527 ad
1487 2498 1635 2527 ordinarios
1646 2499 1778 2531 locorum,
1793 2499 1826 2525 ita
1837 2498 1996 2534 disponente

1241 2539 1339 2567 Concit.
1361 2540 1447 2573 Trid.,
1465 2548 1530 2567 sess.
1543 2548 1571 2573 v,
1584 2548 1643 2575 cap.
1655 2540 1682 2572 2,
1696 2541 1734 2566 De
1749 2538 1878 2573 Reform.;
1889 2542 1915 2565 et
1926 2546 1994 2566 sess.

1242 2588 1320 2613 xxiv,
1332 2588 1389 2616 cap.
1406 2582 1433 2613 tt,
1450 2580 1543 2607 eodem
1560 2579 1676 2607 decreto.
1688 2579 1748 2615 Quo
1765 2587 1829 2607 vero
1849 2578 1880 2605 ad
1897 2586 1990 2606 eorum

1243 2620 1368 2654 osticium,
1381 2621 1461 2649 habes
1469 2622 1572 2649 Concil.
1586 2621 1672 2653 Trid.,
1689 2628 1754 2648 sess.
1767 2628 1795 2652 v,
1807 2627 1865 2655 cap.
1883 2620 1910 2653 25
1927 2627 1993 2648 sess.

1243 2668 1324 2695 xxiv,
1337 2670 1396 2698 cap.
1408 2663 1435 2696 Ιι;
1449 2666 1475 2690 et
1486 2670 1552 2691 sess.
1564 2669 1636 2695 xxv,
1653 2663 1677 2689 in
1689 2669 1745 2698 cap.
1762 2662 1798 2689 De
1815 2660 1992 2696 Purqatorto.

1993 241 2046 270 An.
2066 241 2096 269 C.
2110 242 2178 270 tute

2019 757 2182 787 Impetrttionu

1998 791 2060 813 aliter
2073 790 2143 814 lacteo
2152 793 2185 814 tn-

1997 823 2123 845 nudantur.
