2281 3251
912 337 1006 360 ixmzx
1030 337 1146 360 nanum
1694 325 1761 357 787

367 391 466 426 vantia
491 391 690 426 declarantur
711 391 773 426 veri
797 391 904 427 fratres
918 392 949 426 S.
968 393 1136 433 Fiancisci,
1159 392 1233 426 ibid.
1254 391 1369 426 Eorum
1387 390 1619 437 perturbatores
1631 390 1722 425 variis
1745 391 1813 425 affi-

367 442 494 475 ciuntur
517 442 636 487 poenis,
660 444 733 476 ibid.
756 441 858 476 Tertia
882 442 1015 487 Regula,
1045 454 1100 487 pro
1127 441 1341 476 saecularibus
1369 441 1448 474 edita
1473 453 1487 473 a
1512 441 1601 475 beato
1629 440 1813 484 assisiensi,

369 490 566 536 regularibus
588 491 626 524 de
656 491 849 526 Poenitentia
879 491 1070 538 nuncupatis
1092 490 1366 534 accommodatur,
1401 491 1470 523 764
1497 491 1525 524 b.
1554 490 1659 525 'l'enor
1681 497 1814 523 statuto-

368 551 449 583 rum,
472 541 546 573 ibid.
575 547 604 574 ct
630 553 690 585 seq.

269 587 436 623 Francisco
453 588 509 633 (S.)
530 589 567 623 de
593 588 686 624 Paula
712 589 751 623 ibi
775 589 945 624 oratorium
969 589 1172 624 construendi
1190 588 1313 623 licentia
1329 588 1436 632 datur,
1452 590 1566 621 21541.
1585 587 1671 621 Ordo
1691 587 1815 621 Eremi-

373 645 472 672 tarum
503 638 542 672 ab
572 638 682 673 eodem
712 638 859 673 fundatur
886 639 945 673 sub
980 638 1174 673 invocatione
1208 638 1241 672 S.
1270 637 1433 672 Francisc'i
1463 636 1667 679 assisiensis,
1700 636 1815 682 quibus

369 687 473 722 omnia
492 687 653 733 privilegia
670 697 845 723 ceterorum
865 688 1073 722 Eremitarum
1097 687 1335 730 conceduntur,
1356 687 1432 721 ibid.
1450 688 1478 726 b;
1493 686 1609 732 quique
1632 685 1814 719 eximuntur

367 748 383 771 a
407 737 619 771 iurisdictione
633 737 794 781 ordinarii,
808 739 877 771 214
895 749 924 771 α.
938 736 1067 771 Ordinis
1083 737 1227 784 superior
1241 748 1311 770 cum
1329 735 1508 770 omnimoda
1526 735 1667 769 facultate
1681 733 1816 768 Franci-

368 796 441 820 seus
463 785 596 832 eligitur,
612 787 686 821 ibid.
704 785 830 820 Fratres
852 786 1029 820 sacerdotes
1046 787 1173 820 missam
1194 792 1263 819 ante
1281 785 1361 818 diem
1376 785 1532 819 celebrare
1555 793 1582 818 et
1599 783 1815 818 confessiones

367 835 476 869 andire
500 837 731 881 possunt71'bi'd.
752 837 779 869 b.
803 834 890 869 Ordo
907 835 974 869 loca
988 835 1045 869 alia
1070 835 1211 882 recipere
1236 843 1353 880 potest·,
1382 834 1548 880 privilegiis
1564 833 1812 867 Mendicantium

369 884 516 924 donatum
531 886 679 919 eximitur
692 898 707 918 a
724 884 941 918 iurisdictione
964 883 1282 924 01·dinari0rum;sub
1299 883 1475 917 immediata
1498 882 1589 916 Sedis
1613 881 1815 927 Apostolicae

370 934 562 978 protectione
593 934 761 981 recipitur,
788 935 858 967 215
881 946 900 967 α
932 942 1041 979 etseq.
1070 933 1221 968 Ordinem
1247 944 1339 966 snum
1366 934 1566 965 Μῐιιῐηιονιιηι
1594 939 1694 970 ruent,
1722 931 1817 975 eique

367 981 521 1028 Regulam
540 982 644 1027 tradit,
667 995 746 1030 quae
762 983 953 1028 approbatur
968 983 1004 1017 ad
1031 995 1138 1029 preces
1154 982 1258 1017 Caroli
1282 981 1364 1020 VIII,
1380 981 1573 1015 Francorum
1593 981 1685 1025 regis,
1703 981 1814 1014 555a.

369 1030 473 1066 Tenor
500 1031 663 1078 Regulae,
690 1033 766 1066 ibid.
795 1033 811 1065 b
834 1040 863 1066 et
889 1044 949 1076 seq.
973 1031 1041 1065 Alia
1065 1040 1177 1066 statuta
1206 1030 1329 1064 conficit
1354 1042 1408 1076 pro
1431 1031 1497 1063 suis
1515 1030 1672 1064 Ercmitis.
1697 1030 1769 1063 585
1785 1041 1816 1068 ας

370 1080 606 1128 approbantur,
643 1080 819 1127 Ordinique
850 1081 1030 1115 huiusmodi
1065 1081 1168 1115 onmia
1198 1079 1357 1125 privilegia
1386 1079 1542 1113 Ortlinum
1571 1078 1816 1112 Mentlicantium

369 1130 609 1169 confirmantur,
638 1132 712 1164 ibid.
736 1132 763 1163 b.
786 1129 906 1163 Statiita
936 1130 1083 1164 reformat
1112 1142 1166 1176 pro
1193 1129 1335 1162 Minimis
1363 1136 1392 1162 et
1419 1128 1591 1171 Tertiaris,
1623 1129 1692 1161 585
1732 1140 1751 1161 α
1788 1134 1819 1160 et

369 1191 429 1224 seq.
453 1178 644 1214 Franciscus
670 1179 709 1213 de
735 1179 828 1212 Paula
845 1178 998 1213 Ordinem
1022 1179 1223 1212 Minimornm
1243 1191 1299 1212 seu
1315 1176 1522 1211 Eremitainm
1539 1176 1688 1215 extendit,
1704 1177 1774 1210 422
1788 1188 1817 1209 α.

369 1227 494 1263 Rursus
509 1228 596 1263 Ordo
612 1228 803 1275 approbatur
821 1235 849 1261 ct
866 1228 971 1272 gratiis
985 1227 1131 1270 donatur,
1154 1229 1228 1261 ibi'cl.
1251 1229 1278 1260 b.
1297 1226 1373 1259 Eius
1387 1225 1507 1271 Regula
1525 1226 1556 1259 in
1573 1225 1719 1260 tredecim
1737 1225 1820 1271 eapi-

371 1277 443 1312 tulis
456 1278 607 1318 sancitur⁷
621 1285 651 1311 et
673 1277 789 1324 gratiae
809 1276 1044 1315 confirmantur,
1063 1279 1134 1310 425
1153 1289 1183 1316 ας
1203 1287 1323 1309 necnon
1347 1275 1508 1321 privilegia
1522 1274 1765 1308 Mendicantium
1781 1273 1819 1307 ad

370 1326 455 1361 bunc
471 1326 622 1361 Ordinem
642 1333 767 1360 extensa
791 1327 865 1359 ibid.
878 1327 905 1366 b3
924 1325 1010 1367 item,
1034 1325 1152 1371 Regula
1177 1324 1340 1359 reformata
1357 1332 1385 1357 et
1400 1323 1457 1357 alia
1475 1335 1529 1369 pro
1551 1323 1726 1361 Ternarii&
1745 1324 1817 1357 ibid.

370 1375 487 1410 Beatus
507 1375 698 1410 Franciscus
721 1374 851 1409 Ordinis
873 1383 1030 1409 corrector
1055 1374 1207 1421 generalis
1229 1373 1421 1416 declaratur,
1449 1374 1519 1406 424
1547 1374 1574 1406 b.
1602 1372 1688 1406 Bona
1708 1372 1819 1406 Ordini

370 1424 484 1460 donata
506 1425 616 1460 fratres
639 1425 773 1459 retinere
796 1431 939 1470 possunt,
954 1426 1028 1458 ibid.
1046 1432 1076 1458 et
1097 1437 1157 1469 seq.
1179 1422 1214 1456 B.
1238 1422 1428 1458 Franciscus
1451 1434 1527 1456 nora
1550 1430 1662 1456 statuta
1683 1421 1819 1456 condere

370 1474 464 1514 valet,
492 1476 563 1509 426
578 1488 608 1509 α.
631 1474 880 1509 Mendicantium
906 1473 1066 1520 privilegia
1089 1472 1301 1507 extenduntur
1323 1472 1359 1506 ad
1386 1478 1545 1518 portantes
1560 1471 1701 1505 habitum
1726 1471 1820 1504 liuius

371 1524 586 1567 Ordiiiis,eitis
602 1523 734 1558 famulos
749 1530 844 1570 atque
858 1523 1011 1567 eligentes
1030 1523 1224 1568 sepulturam
1239 1522 1269 1555 in
1286 1522 1352 1555 eius
1371 1520 1530 1559 domibus,
1554 1524 1622 1554 427
1646 1533 1675 1554 α.
1701 1518 1815 1554 Clerici

373 1573 411 1607 ad
439 1574 567 1608 ordines
585 1573 803 1617 admittuntur,
821 1574 895 1606 ibid.
911 1571 1074 1606 Fratribus
1091 1571 1202 1606 intensi
1219 1571 1548 1613 excommunicantur,
1563 1571 1637 1603 ibid.
1653 1569 1817 1614 privilegia

372 1621 504 1657 Ordinis
516 1630 589 1657 sunt
604 1622 783 1657 communIa
800 1623 879 1656 inter
892 1622 972 1656 varia
989 1621 1128 1656 eiusdem
1146 1621 1226 1664 loca,
1240 1621 1315 1654 ibid.
1332 1619 1463 1653 Praelati
1479 1627 1659 1652 ornamenta
1676 1619 1818 1651 ecclesia-

372 1673 449 1707 stica
465 1672 653 1707 benedicere
671 1679 805 1719 queunt,
820 1672 895 1705 ibid.
907 1673 933 1705 b.
948 1670 1032 1706 Nova
1048 1671 1113 1706 loca
1129 1669 1332 1705 construendi
1352 1669 1491 1712 facultas,
1504 1667 1744 1702 i'bi'tlEct-lesias
1755 1666 1819 1701 Or-

374 1721 599 1769 dinisquisque
615 1722 784 1768 episcopus
799 1733 984 1756 consecrare
1001 1729 1113 1765 potest,
1130 1728 1290 1754 recusante
1303 1718 1471 1761 ordinario,
1495 1720 1564 1751 428
1591 1730 1620 1750 α.
1649 1716 1710 1750 Eas
1737 1729 1817 1761 prae-

374 1771 426 1806 lati
455 1772 657 1815 benedicunt,
672 1780 701 1806 et
723 1771 856 1818 pollutas
877 1770 1090 1813 reconciliant,
1114 1772 1186 1804 ibid.
1209 1772 1235 1804 b.
1259 1769 1395 1807 Fratres,
1418 1768 1508 1801 etiam
1525 1766 1653 1801 alterius
1674 1765 1818 1809 Ordinis,

375 1821 404 1855 in
419 1821 478 1856 hoc
492 1821 622 1868 recepti⁷
646 1828 861 1867 permaneant,
883 1822 971 1860 ibi'd.;
991 1820 1266 1866 confessoremque
1289 1817 1402 1864 eligere
1426 1817 1555 1861 possint,
1584 1817 1657 1849 ibid.
1691 1815 1819 1850 Ordinis

398 1869 537 1917 rivilegia
561 1870 730 1905 tutricibus
752 1879 782 1904 et
804 1869 1033 1904 fundatricibus
1060 1869 1352 1909 communicantur,
1382 1867 1454 1900 ibid.
1483 1865 1560 1899 Tres
1582 1865 1720 1910 Reginae
1743 1877 1758 1898 a
1782 1863 1817 1898 B.

374 1883 544 1955 Ii“==anctsc0
556 1920 657 1954 editae
671 1931 727 1967 pro
743 1918 902 1958 fratribus,
925 1919 1085 1953 sororibus
1100 1928 1128 1953 et
1144 1918 1289 1952 tertiariis
1305 1916 1540 1952 confirmantur,
1558 1916 1626 1948 429
1646 1927 1675 1947 α.
1696 1913 1820 1947 Fratri-s

375 1968 529 2003 molestati
558 1969 638 2003 eirca
658 1968 891 2016 possessionem
917 1969 1080 2002 cniusdam
1111 1968 1224 2002 domus
1249 1979 1345 2013 prope
1374 1964 1630 2006 Abbatisvillam,
1656 1964 1703 1997 ins
1725 1975 1819 1997 suuni

376 2018 528 2058 obtinent,
558 2021 628 2052 450
656 2031 692 2059 ας
715 2018 897 2052 eximuntur
919 2030 934 2052 a
957 2018 1115 2052 solutione.
1139 2025 1266 2063 quartae
1290 2014 1436 2049 funeralis
1462 2022 1488 2047 et
1514 2013 1718 2052 decimarum,
1750 2014 1814 2046 >t5i

375 2081 394 2102 α
421 2076 450 2101 et
472 2080 531 2113 seq.
556 2067 700 2101 Facultas
724 2067 895 2111 reeipiendi
925 2079 1143 2113 quoscumque
1169 2067 1244 2100 alios
1274 2065 1444 2109 religiosos7
1462 2064 1532 2096 452
1552 2075 1584 2101 ας
1606 2061 1821 2095 confessiones

377 2117 540 2161 audiendi,
568 2118 642 2150 ibid.
658 2118 685 2151 b.
715 2116 880 2160 Privilegia
897 2116 966 2150 data
994 2116 1104 2151 Ordini
1120 2115 1179 2149 snb
1204 2115 1328 2149 nomme
1353 2113 1559 2147 Ereniitarum
1583 2111 1721 2144 Minimis
1744 2122 1821 2143 con-

379 2178 466 2201 cessa
486 2178 557 2200 esse
585 2165 773 2205 declaratur.
795 2167 868 2199 ibid.
883 2165 1048 2200 Fidelibns
1071 2165 1217 2199 omnibus
1232 2164 1268 2197 ad
1287 2175 1394 2198 eornm
1419 2161 1566 2195 ecclesias
1589 2159 1822 2193 confluentibus

377 2223 570 2251 sacramenta
593 2215 791 2250 ministrandi
807 2214 946 2259 facultas,
975 2217 1046 2249 455
1068 2216 1104 2255 ὸς
1126 2222 1344 2261 apostatasque
1368 2210 1531 2257 puniendi,
1553 2211 1626 2243 ibid.
1651 2209 1823 2254 Indulgen-

378 2266 438 2302 tiae
461 2265 607 2300 fratribus
626 2272 656 2300 et
671 2263 923 2299 benefactoribus
936 2264 1153 2298 conceduntur
1179 2265 1252 2297 ibid.
1273 2260 1465 2296 Cot-rectoris
1477 2259 1631 2305 generalis
1642 2260 1821 2298 anctoritas;

380 2328 396 2351 a
416 2315 534 2363 quibus
560 2314 696 2350 amoveri
722 2314 834 2361 possit,
861 2315 932 2348 455
960 2326 990 2347 α.
1012 2313 1208 2348 Electoribns
1243 2313 1333 2357 longe
1357 2310 1542 2354 degentibus
1569 2309 1714 2354 specialis
1737 2319 1822 2341 mora

378 2365 573 2409 conceditur,
597 2372 628 2398 nt
652 2372 839 2398 concurrant
869 2363 904 2397 ad
934 2363 1116 2397 electionem
1146 2371 1371 2399 correctorum7
1398 2361 1472 2392 ibid.
1497 2360 1525 2393 b.
1554 2358 1685 2393 Praelati
1716 2356 1821 2391 statim

380 2423 450 2463 post
468 2415 651 2450 electionem
676 2413 979 2448 administrationem
1004 2413 1131 2455 liabent7
1147 2414 1219 2446 ibid.
1236 2411 1295 2446 Ubi
1320 2410 1426 2444 fratres
1455 2409 1585 2442 lectores
1607 2408 1636 2441 in
1667 2406 1822 2451 theologia

380 2466 494 2499 docere
518 2464 650 2506 valeant,
672 2465 747 2497 ibid.
768 2462 894 2498 Fratres
917 2463 1041 2496 ordines
1068 2475 1084 2497 a
1112 2473 1311 2509 quocumque
1338 2458 1474 2493 antistite
1497 2457 1664 2504 recipiunt,
1689 2457 1758 2490 456
1785 2467 1822 2496 ας

383 2514 574 2561 ubicumque
597 2513 730 2547 oratoria
751 2512 864 2546 liabent
888 2522 917 2547 et
940 2521 1132 2547 sacramenta
1160 2511 1327 2556 accipiunt.
1351 2510 1441 2547 i'bi'cl.;
1469 2508 1498 2541 in
1528 2507 1617 2541 terris
1645 2505 1822 2539 interdictis

382 2572 555 2607 morantur,
588 2564 661 2596 ibid.
693 2562 824 2596 Praelati
853 2561 962 2596 fratres
984 2561 1166 2600 absolvunt,
1197 2561 1269 2594 ibid.
1297 2558 1462 2603 Exeniptio
1493 2569 1507 2590 a
1531 2568 1601 2589 cura
1626 2554 1821 2598 monialium,

385 2612 602 2660 inquisitionis
632 2611 734 2646 officio
756 2618 785 2646 et
807 2611 886 2652 aliis,
913 2613 983 2645 457
1007 2624 1037 2645 (ι.
1060 2611 1215 2657 Cuiquam
1244 2616 1327 2643 extra
1358 2606 1510 2641 Ordinem
1540 2605 1695 2638 deservire
1724 2602 1821 2643 nefas3

382 2663 597 2698 deservientes
624 2661 660 2695 ad
673 2660 825 2696 Ordinem
851 2660 1034 2703 revocandi,
1057 2662 1130 2694 ibid.
1154 2661 1180 2693 b.
1209 2656 1373 2692 Generalis
1395 2655 1578 2689 correctoris
1605 2652 1771 2687 auctoritas
1792 2652 1822 2686 in

381 2711 491 2748 fratres
514 2710 707 2760 inquisitioni
730 2718 780 2745 aut
809 2710 908 2745 erucis
931 2709 1155 2757 praedicationi
1178 2708 1354 2756 deputatos,
1378 2706 1468 2746 ibicl.;
1492 2704 1521 2738 in
1551 2701 1749 2738 discedentes
1783 2701 1822 2736 ab
