2281 3251
481 241 551 276 658

432 308 521 342 simis
548 319 582 341 ac
611 306 794 340 necessariis
827 304 952 339 causis,
976 303 1070 336 etiam
1096 310 1182 336 motu

433 366 462 392 et
484 357 613 391 scientia
636 369 670 390 ac
689 354 852 401 potestatis
881 352 1076 400 plenitudine
1099 351 1185 384 simi-

434 407 532 443 libus.
556 415 585 439 et
613 406 651 438 de
675 405 828 438 dictorum
865 402 1072 437 cardinalium
1101 413 1185 435 con—

433 458 512 494 silio,
536 456 627 490 ctiam
645 453 907 489 concistorialiter
931 451 1049 491 babilo,
1065 459 1183 485 etcum

433 506 502 540 aliis
523 514 575 538 etc.

482 554 564 589 Nulli
589 565 662 598 ergo
686 560 737 586 etc.

483 604 597 638 Datum
622 603 742 637 Romae
764 601 847 648 apud
870 600 1021 635 Sanctum
1042 599 1186 644 Petrum,

435 667 518 690 anno
542 651 770 687 lncarnationis
798 650 978 684 dominicae
1015 650 1186 684 millesimo

433 703 688 751 quingentesimo
712 700 938 739 ¹sextodecimo,
961 711 995 734 1v
1018 712 1117 734 nonas
1134 712 1188 734 no-

435 753 582 796 tenda-is,
608 751 809 798 pontificatus
838 750 935 784 nostri
959 761 1042 784 anno
1066 762 1111 784 w.

234 254 281 281 An.
300 253 329 280 C.
349 254 416 281 1516

473 815 532 845 Dat.
550 815 596 844 die
609 814 626 843 2
643 812 810 843 novembris
825 813 911 848 tato,
927 816 1005 851 pont.
1022 821 1098 842 anno
1111 820 1148 842 tv.

529 905 676 950 Sequitur
694 905 830 937 extensio
853 904 951 937 dictae
973 903 1088 937 bullae.

706 981 922 1012 st'MMARtUM

436 1049 459 1077 l.
477 1046 535 1077 llac
551 1046 651 1076 literae
671 1050 739 1075 sunt
757 1054 832 1084 quae
852 1045 899 1074 liic
923 1053 1010 1083 supra
1032 1044 1187 1075 habentur.

472 1109 510 1113 —
535 1091 562 1120 2.
594 1090 759 1129 Appellatio
786 1099 844 1119 non
875 1090 959 1119 datur
989 1099 1002 1117 a
1033 1090 1189 1119 sententiis

473 1136 588 1173 magist.
605 1135 728 1164 viarum.
747 1133 839 1163 Immo
855 1138 989 1163 servatur
1009 1134 1070 1163 dari
1091 1134 1191 1173 appel-

475 1180 612 1210 lationem
635 1178 669 1207 ad
695 1178 836 1207 clericum
862 1178 1078 1217 praesidentem
1108 1178 1188 1208 Cam.

473 1241 511 1246 —
530 1224 556 1253 3.
575 1222 711 1252 Extensio
740 1222 834 1252 dictae
857 1221 956 1252 bullae
980 1223 1014 1252 ad
1040 1224 1139 1253 vineas
1164 1228 1191 1253 et

474 1268 622 1298 viridaria.
645 1284 682 1289 —
703 1267 732 1297 4.
754 1266 947 1296 Executorum
972 1268 1132 1306 deputatio.
1152 1284 1192 1290 —

474 1313 501 1343 5.
519 1312 674 1342 Clausulae
693 1312 904 1351 derogatoriae.
917 1312 994 1342 -ὓ,
1012 1312 1099 1343 Fides
1112 1317 1191 1343 tran-

475 1362 670 1396 sumptorum.

558 1433 606 1462 Leo
625 1433 695 1468 Papa
713 1432 746 1466 X.
767 1433 846 1462 motu
864 1432 985 1469 proprio,
1008 1434 1064 1462 etc.

485 1510 499 1550 g
518 1505 652 1546 l.Cum,
667 1505 749 1540 sicut
764 1506 959 1552 accepimus,
969 1518 1029 1540 non
1042 1506 1190 1542 obstante

244 1566 420 1601 antummum
437 1556 533 1604 qnod,
557 1556 639 1590 iuxta
663 1555 794 1590 formam
812 1555 971 1590 literarum
989 1568 1084 1602 super
1106 1556 1192 1591 libe-

238 1598 422 1650 flssssssnl'ffi‘up‘*
438 1607 556 1641 ratione
571 1606 738 1640 domorum
758 1613 787 1639 et
806 1605 938 1640 aliorum
960 1618 1191 1653 quorumcum-

437 1668 498 1703 que
523 1655 676 1698 locorum,
699 1667 817 1694 rerum,
841 1655 1008 1700 bonorum,
1024 1656 1116 1690 etiam
1132 1657 1191 1691 sub

438 1706 624 1753 proprietate
659 1705 792 1739 alicuius
816 1705 968 1739 ecciesiae
990 1713 1042 1740 aut
1065 1706 1189 1753 piorum

437 1756 576 1790 locorum
605 1754 820 1794 existentium,
836 1754 937 1789 soluta
953 1767 1008 1790 seu
1025 1763 1117 1791 aucta
1135 1755 1192 1791 de-

437 1806 517 1840 cima
537 1813 634 1852 parte,
653 1817 669 1839 a
687 1804 778 1839 nobis
800 1813 1034 1846 emanatarum;
1059 1814 1120 1840 tam
1138 1818 1192 1852 per

438 1855 646 1890 camerarium
670 1863 813 1888 nostrum
836 1863 866 1889 et
890 1854 1056 1901 magistros
1078 1863 1191 1890 strata-

439 1917 506 1939 rum
530 1917 625 1951 quam
643 1904 736 1938 etiam
749 1904 827 1938 alios
854 1916 908 1950 per
931 1917 988 1938 nos
1011 1904 1191 1952 deputatos,

438 1967 532 2000 super
555 1954 737 1989 liberatione
755 1966 924 1993 censuum,
941 1966 1098 1989 canonum
1127 1955 1192 1989 sive

438 2004 680 2051 responsionum
694 2016 791 2050 super
804 2003 922 2038 eisdem
940 2003 1101 2045 domibus,
1116 2004 1193 2039 locis

438 2061 467 2088 et
502 2054 591 2089 bonis
627 2053 883 2094 consistentium,
908 2054 1111 2101 pronunciari
1136 2066 1191 2089 seu

439 2103 589 2138 declarari
613 2104 786 2149 contingat;
806 2112 909 2138 tamen
935 2105 1054 2150 patroni
1079 2104 1192 2139 domo-

440 2165 508 2187 rum
526 2162 577 2187 ant
602 2154 799 2200 proprietarii
817 2154 969 2187 dictarum
987 2154 1191 2189 ecclesiarum

439 2216 469 2242 et
498 2209 621 2255 piorum
646 2208 784 2244 locorum
809 2221 824 2243 a
849 2208 941 2243 dictis
966 2210 1150 2255 prouunciis
1164 2218 1193 2244 et

439 2264 605 2297 sententiis
619 2263 793 2310 appellare,
807 2271 837 2297 et
852 2262 1073 2309 appellationis
1090 2263 1195 2298 liuius-

441 2317 524 2351 modi
548 2328 659 2351 causas
683 2318 713 2351 in
738 2317 899 2351 inlinitum
925 2317 1108 2364 protrahere
1132 2331 1193 2353 non

441 2379 599 2410 verentur,
623 2380 728 2406 contra
759 2381 897 2406 mentem
928 2379 1078 2406 nostram.

489 2425 508 2473 ἓ
529 2427 562 2459 ⁶2.
585 2425 650 2461 'Nos
666 2426 982 2473 igitur7attendentes
1005 2426 1102 2473 quod,
1127 2439 1196 2474 pro-

242 2485 424 2536 dffureffiffjfsslpefffj
441 2488 509 2527 pter
535 2481 716 2527 praemissa,
744 2481 827 2515 circs
855 2489 885 2515 ct
913 2481 1050 2516 curiales
1077 2490 1107 2516 et
1133 2482 1194 2520 atii,

243 2548 277 2567 m·
293 2533 426 2573 mogini.via-
441 2534 732 2570 constructionibus
755 2543 783 2570 et
806 2536 1066 2583 ampliationibus
1089 2535 1195 2571 aedili-

242 2583 294 2599 ¹⁰¹¹¹'
442 2590 576 2633 ciorum,
600 2601 682 2637 quae
706 2602 767 2624 non
796 2590 897 2625 solum
921 2590 959 2626 ad
988 2590 1192 2625 commodum

442 2643 596 2691 privatum
611 2644 667 2680 sed
684 2645 775 2680 etiam
793 2644 954 2693 publicum
973 2653 1002 2681 et
1019 2645 1196 2681 maximum

1020 246 1207 271 ortulum
1232 246 1392 268 nonaum

2000 244 2048 273 Αη.
2067 244 2096 272 C.
2115 245 2184 273 1516

1228 309 1446 335 ornamentum
1467 300 1567 335 almae
1590 300 1686 336 [Ti-bis
1707 309 1830 336 nostrae
1855 300 1983 346 cedunt,

1229 351 1354 397 penitus
1379 350 1591 392 retrahuntur;
1615 363 1650 385 ac
1673 363 1770 398 super
1794 351 1840 385 liis
1863 363 1986 397 oppor-

1229 409 1303 434 tune
1331 399 1497 447 providere
1525 400 1686 446 volentes,
1715 409 1801 435 motu
1831 401 1925 435 simili
1953 409 1984 436 et

1227 462 1265 484 ex
1293 458 1375 484 certa
1399 459 1504 484 nostra
1528 450 1672 494 scientia,
1699 452 1885 485 auctoritate
1907 462 1987 497 apo-

1228 499 1348 543 stolica,
1373 507 1480 534 tenore
1509 500 1735 547 praesentium,
1759 509 1912 548 perpetuo
1926 507 1988 535 sta-

1230 549 1349 584 tuimus
1371 557 1401 583 et
1423 548 1609 584 ordinamus
1632 549 1718 597 quod
1743 550 1986 597 praetendentes

1229 611 1261 633 se
1283 610 1321 633 ex
1349 599 1533 634 huiusmodi
1557 599 1723 634 sententiis
1752 600 1892 634 indebite
1914 611 1988 646 gra-

1229 648 1305 689 vari,
1329 661 1391 683 non
1416 648 1565 692 debeant,
1592 648 1652 683 sul)
1680 661 1780 695 poena
1808 650 1895 684 mille
1918 649 1987 683 du-

1230 706 1371 733 catorum
1400 698 1468 732 auri
1496 697 1649 733 Gamerae
1673 707 1799 733 nostrae
1821 698 1987 746 Apostoli-

1230 760 1301 792 cae,
1329 749 1397 795 ipso
1422 747 1514 788 facto,
1538 748 1607 782 sine
1631 747 1733 794 aliqua
1761 747 1988 789 declaratione,

1230 797 1505 845 applicandorum,
1523 807 1553 832 et
1566 797 1754 832 damnorum
1772 810 1808 833 ac
1824 798 1990 844 interesse,

1232 860 1287 894 per
1311 855 1443 895 partem,
1471 847 1512 882 ob
1536 846 1801 882 inobservantiam
1825 847 1987 882 literarum

1234 897 1476 944 praedictarum,
1499 897 1611 944 quovis
1635 897 1730 932 modo
1752 897 1990 945 supportando-

1232 959 1314 988 rum,
1331 947 1369 981 ab
1393 947 1470 994 ipsis
1491 947 1660 982 sententiis
1682 955 1711 981 et
1734 946 1989 982 ordinationibus

1232 997 1402 1044 appellare,
1425 997 1590 1044 querelare
1602 1009 1656 1031 seu
1673 996 1780 1044 aliquo
1803 996 1899 1032 modo
1915 1009 1990 1032 eon·

1232 1047 1333 1094 queri:
1349 1047 1402 1081 sed
1419 1047 1588 1094 possintad
1599 1046 1987 1094 CameramApostolicam
2016 1057 2081 1081 immo
2092 1062 2189 1080 termut

1234 1096 1349 1131 babere
1377 1108 1540 1131 recursum
1561 1096 1762 1144 etquerelam
1783 1108 1882 1144 super
1897 1108 1989 1144 prae·
2003 1091 2051 1143 22:1¹¹
2063 1090 2190 1143 '23⁸³ssssss-

1234 1147 1330 1181 misso
1365 1154 1553 1192 augmento,
1580 1156 1611 1181 et
1634 1146 1770 1193 praesid.
1799 1147 1903 1181 dictae
1927 1145 2050 1182 Ca-⁴=um
2065 1153 2188 1179 praesiden-

1234 1208 1338 1231 merae
1361 1195 1399 1230 de
1422 1208 1458 1230 eo
1479 1208 1694 1243 cognoscere;
1713 1204 1743 1231 et
1759 1205 1862 1244 partes
1876 1196 1990 1232 secisse
2004 1183 2146 1243 ξοῗιξῧῗὲὓ
2155 1184 2186 1205 ‘⁸'

1233 1245 1371 1280 debeant
1397 1246 1480 1293 quod
1516 1253 1728 1292 cognoscatur
1751 1255 1781 1281 et
1804 1246 1991 1281 terminetur

1234 1295 1312 1330 infra
1340 1295 1521 1342 quindecim
1551 1296 1619 1331 dies
1640 1308 1654 1330 a
1679 1296 1729 1330 die
1753 1295 1832 1331 latae
1853 1304 1992 1332 senten-

1234 1346 1294 1380 tiae
1317 1345 1512 1386 huiusmodi,
1535 1357 1617 1392 quae
1636 1345 1665 1379 in
1678 1346 1744 1393 ipsa
1759 1345 1893 1381 Camera
1910 1345 1991 1381 infra

1235 1404 1296 1430 tres
1323 1395 1389 1430 dies
1413 1395 1531 1442 porrigi
1554 1395 1685 1435 debeat,
1708 1395 1827 1444 quibus
1854 1395 1989 1443 elapsis,

1233 1445 1259 1480 si
1283 1456 1344 1479 non
1368 1445 1461 1479 suerit
1484 1444 1606 1492 aliquid
1635 1445 1893 1487 determinatum,
1917 1458 1992 1480 sen-

1235 1494 1378 1539 tentiam,
1401 1494 1440 1529 de
1467 1506 1528 1541 qua
1553 1502 1693 1541 porrecta
1723 1494 1824 1530 fuerat
1845 1495 1992 1543 querela,

1234 1545 1327 1579 etiam
1352 1556 1409 1591 pro
1432 1544 1517 1579 dicto
1540 1552 1710 1590 augmento
1724 1544 1865 1580 decimae
1882 1545 1992 1593 partis,

1235 1602 1329 1642 prout
1352 1594 1544 1629 declaratum
1581 1594 1696 1638 fuerit,
1719 1596 1899 1630 executioni
1927 1595 1992 1630 de-

1235 1645 1335 1685 bitae,
1363 1644 1449 1678 omni
1485 1645 1671 1691 exceptione
1700 1653 1832 1689 remota,
1855 1645 1992 1680 deman-

1234 1694 1320 1728 dent.
1344 1693 1378 1729 Si
1406 1706 1479 1729 vero
1501 1693 1595 1729 suerit
1619 1694 1648 1728 in
1676 1694 1782 1742 aliquo
1810 1695 1990 1736 reformata,

1235 1744 1448 1779 reformationi
1467 1743 1661 1784 huiusmodi,
1677 1745 1762 1779 omni
1780 1744 1992 1792 appellatione

1236 1802 1366 1837 remota,
1390 1793 1477 1835 stari;
1493 1801 1524 1829 et
1539 1793 1653 1841 exequi
1673 1793 1797 1835 debeat,
1813 1795 1899 1830 omni
1916 1794 1991 1829 sub-

1234 1844 1293 1878 lata
1316 1843 1527 1891 appellatione
1547 1843 1593 1878 vel
1616 1844 1816 1890 exceptione.

1284 1893 1304 1940 S
1331 1897 1363 1928 3.
1387 1893 1425 1928 Et
1447 1894 1521 1941 quia
1544 1893 1636 1928 etiam
1652 1893 1867 1929 intelleximus
1882 1894 1911 1928 in
1928 1893 1992 1929 du-
2022 1903 2193 1942 Ειιευεῑοςιῑοιο

1235 1943 1324 1977 bium
1354 1944 1490 1978 revocari
1519 1955 1556 1977 an
1581 1943 1691 1978 literae
1716 1951 1841 1979 nostrae
1865 1944 1992 1992 praedi·
2006 1934 2194 1989 {2¹¹¹v'222252¹‚¹⁶⁸⁸

1235 2001 1303 2028 ctae
1331 1993 1369 2028 ad
1394 1994 1501 2028 vineas
1522 2000 1551 2027 et
1574 1992 1722 2028 viridaria
1746 2005 1780 2028 se
1803 1994 1992 2039 extendant,

1236 2055 1272 2078 ca
1301 2052 1440 2091 propter,
1463 2043 1501 2078 ad
1524 2054 1619 2078 omne
1642 2042 1774 2078 dubium
1804 2043 1992 2089 tollendum,

1237 2098 1342 2133 literas
1365 2098 1550 2146 praedictas,
1573 2098 1665 2132 etiam
1694 2098 1731 2132 ad
1761 2099 1888 2143 vineas,
1911 2099 1993 2133 viri-

1235 2153 1321 2188 daria
1337 2161 1366 2188 et
1385 2153 1444 2188 alia
1469 2152 1639 2200 praedicta,
1663 2160 1724 2187 tam
1750 2152 1779 2187 in
1803 2153 1882 2188 urbe
1897 2165 1991 2201 quam

1237 2217 1321 2242 extra
1345 2216 1376 2243 et
1399 2208 1429 2242 in
1455 2208 1532 2243 locis
1557 2207 1586 2241 in
1611 2207 1706 2242 dictis
1728 2207 1827 2242 literis
1850 2220 1993 2255 compre-

1238 2263 1345 2298 liensis
1377 2262 1553 2307 existentia,
1576 2261 1701 2297 extendi
1730 2261 1848 2296 debere
1875 2261 1993 2297 decer-

1238 2317 1342 2352 nimus
1359 2326 1388 2352 et
1404 2317 1612 2352 declaramus.
1636 2316 1853 2351 Decernentes
1869 2316 1990 2352 irritum

1237 2380 1267 2406 et
1283 2373 1376 2407 inane
1389 2371 1544 2419 quidquid
1566 2379 1672 2406 contra
1690 2370 1873 2418 praemissa,
1886 2371 1994 2406 scien-

1239 2436 1285 2461 ter
1312 2427 1359 2462 vel
1383 2427 1581 2474 ignoranter,
1605 2434 1792 2461 attentatum
1822 2425 1917 2461 fuerit
1938 2433 1993 2461 aut

1239 2482 1268 2516 in
1299 2482 1441 2516 futurum
1465 2480 1609 2517 attentari
1633 2480 1811 2528 contigerit.

1287 2537 1307 2583 g
1335 2541 1368 2571 4.
1407 2536 1593 2572 Mandantes
1620 2535 1722 2571 eidem
1758 2536 1931 2571 camerario
1963 2542 1993 2571 et
2012 2545 2194 2569 Execuiorumde-

1238 2588 1390 2626 Gamerae
1413 2591 1614 2638 Apostolicae
1636 2603 1672 2626 ac
1695 2590 1804 2637 legatis
1820 2591 1993 2638 respective
2007 2578 2095 2605 ΝΜΟ·

1240 2653 1272 2680 ut
1295 2646 1400 2682 omnia
1428 2646 1458 2681 in
1484 2645 1578 2681 dictis
1601 2645 1700 2682 literis
1714 2657 1750 2680 ac
1773 2644 1992 2693 praesentibus
