2281 3251
242 286 292 313 An.
310 285 339 312 C.
355 286 421 314 1⁵1⁹

236 349 424 406 „ifiiffi'jfiuea'i'i
437 340 531 377 dibus
558 342 772 381 conculcasse,
796 353 831 376 ac
853 341 971 387 ignitos
998 340 1186 375 candentes-

236 411 332 436 buhhan

290 841 367 862 curun

269 873 386 899 munuum

249 1692 279 1714 ob
297 1698 384 1719 quornm
393 1691 424 1713 la-

234 1730 286 1746 mam
297 1730 310 1745 ι
318 1723 424 1745 cubicula-

234 1757 265 1777 rio
273 1755 342 1783 Pap-e
351 1756 421 1777 vistu-

237 1791 270 1811 tus
284 1787 328 1809 luit.

488 276 556 309 720

437 404 498 439 que
515 392 632 438 lapides
647 391 793 426 manibus
810 399 962 437 por,tasse
978 390 1098 438 liquido
1115 403 1187 425 con-

437 450 512 475 stat:
536 441 731 476 admirabilis
743 448 807 474 erat
831 441 910 475 vitae
926 441 994 475 eius
1009 441 1185 484 austeritas,

437 504 517 538 quae
533 500 692 537 propterea
717 490 932 525 admirabilior
955 490 1113 524 censenda
1128 499 1185 529 est

436 542 506 587 quia
532 542 560 574 in
590 541 735 587 pueritia,
763 539 988 579 adolescentia,
1012 540 1185 584 inventute

436 598 561 625 senecta
575 599 603 624 et
625 589 784 636 decrepita
799 590 866 624 eius
885 598 984 624 aetate
1005 590 1084 624 inter
1099 590 1186 624 labo-

438 652 496 684 res,
513 639 642 685 vigilias,
666 640 794 681 ieiunia,
810 639 1014 674 abstinentias
1045 640 1186 674 innume-

436 690 695 736 rasquecorporis
705 689 934 724 macerationes
943 689 1090 724 eumdem
1107 702 1185 737 pene

436 738 557 773 vivendi
581 739 710 773 modum
731 739 875 774 servavit.

483 792 498 832 5
525 790 578 822 14.
612 788 732 823 Horum
760 798 789 823 et
818 789 1024 836 plurimorum
1053 789 1184 824 aliorum

434 846 615 873 sanctornm
640 851 772 886 opernm
794 839 911 873 ratione
931 838 1046 878 hahita,
1065 839 1141 873 adeo
1151 838 1185 873 S.

433 888 574 935 Spiritus
588 890 685 934 gratia
701 889 861 923 hominem
877 889 1041 936 complexa
1062 897 1120 931 est,
1142 897 1186 932 ut,

435 938 493 984 piis
527 938 594 973 eius
617 938 736 973 meritis
758 946 787 973 et
812 939 972 986 precibus7
1001 939 1031 972 in
1068 939 1184 974 Christi

435 988 561 1022 nomine
584 987 756 1023 daemones
784 1000 799 1022 a
827 988 1015 1036 corporibus
1038 988 1186 1022 humanis

433 1038 560 1084 saepius
582 1038 684 1079 eiecti3
713 1037 883 1085 pluresque
907 1038 1032 1077 infirmi,
1055 1038 1187 1073 diversis

434 1087 616 1122 morborum
650 1087 820 1133 generibus
842 1089 998 1143 oppressi,
1022 1097 1051 1122 et
1084 1089 1142 1122 iam
1171 1101 1186 1123 a

434 1137 564 1172 medicis
582 1137 736 1181 destituti,
759 1149 793 1172 ac
810 1139 899 1172 morti
923 1137 1106 1185 propinqui⁷
1121 1139 1188 1184 pri-

433 1187 533 1222 stinae
555 1187 680 1222 sanitati
709 1187 844 1222 restituti
876 1187 1007 1228 suerint;
1039 1188 1188 1235 idemque

434 1235 552 1271 Beatus
567 1236 636 1271 aliis
657 1236 890 1292 compluribus
914 1238 968 1284 qui
988 1239 1139 1272 memoria
1158 1246 1188 1272 et

434 1286 580 1321 sensibus
603 1287 698 1334 capti,
725 1299 780 1321 seu
810 1287 1012 1334 intelligentia
1036 1287 1186 1322 debilitati

435 1345 535 1377 erant,
550 1336 715 1371 sanitatem
732 1337 974 1383 praestiterit,ae
991 1336 1096 1371 multis
1107 1337 1190 1372 elau-

435 1385 485 1419 dis
509 1387 680 1427 incessum,
704 1386 809 1421 surdis
830 1386 984 1430 auditum,
1011 1387 1106 1420 mutis
1135 1387 1188 1422 lo—

435 1435 560 1482 quelam
605 1436 772 1483 caecisque
808 1436 913 1470 lumen
950 1437 1132 1480 restituerit,
1159 1446 1188 1472 et

435 1484 578 1531 leprosos
606 1485 822 1530 mundaverit,
845 1485 1078 1533 nonnullosque
1103 1499 1189 1521 mor-

436 1542 525 1579 tuos,
559 1535 605 1570 vel
634 1548 689 1582 pro
717 1536 849 1570 mortuis
878 1535 1011 1577 habitos,
1033 1536 1070 1570 ad
1094 1537 1188 1571 vitam

436 1584 667 1632 pristinamque
687 1585 788 1619 lucem
815 1585 983 1620 reduxerit.

485 1634 505 1681 S
534 1637 589 1669 15.
625 1635 770 1677 Quorum
799 1636 928 1683 quidem
966 1635 1189 1671 miraculorum

437 1683 516 1719 sama
543 1697 614 1720 cum
638 1685 698 1719 iam
720 1697 773 1731 per
793 1693 892 1720 totum
916 1685 979 1720 fere
1001 1685 1108 1720 orbem
1137 1699 1190 1721 va-

437 1743 574 1780 garetur,
601 1742 631 1769 et
654 1735 690 1769 ad
714 1746 805 1769 aures
832 1735 931 1770 felicis
965 1735 1192 1771 recordationis

437 1784 526 1819 Pauli
542 1783 569 1818 ΙΙ
587 1784 838 1831 praedecessoris
862 1785 957 1819 nostri
983 1786 1191 1832 pervenisset,

439 1833 669 1869 cubicularium
703 1835 870 1881 quemdam
899 1847 992 1869 snum
1021 1835 1059 1869 ad
1092 1835 1192 1871 bonae

438 1884 607 1918 memoriae
630 1883 786 1932 Pyrrhum
810 1884 1083 1932 archiepiscopum
1105 1885 1192 1920 Con-

438 1933 654 1969 sentinensem
671 1934 1000 1982 misit,maudavitque
1012 1943 1044 1969 ut
1055 1935 1122 1982 ipse
1137 1948 1193 1969 su-

439 1995 494 2030 per
516 1983 677 2018 miraculis
700 1983 880 2018 huiusmodi
903 1996 936 2018 se
956 1985 1123 2031 diligenter
1143 1986 1194 2019 in-

438 2033 598 2076 formaret,
614 2045 649 2067 ac
663 2032 779 2068 deinde
803 2034 903 2080 ipsum
920 2033 959 2068 de
983 2035 1112 2069 veritate
1124 2047 1193 2070 cer-

438 2083 549 2118 tiorem
570 2082 716 2118 efficeret.
742 2083 805 2125 Qui
828 2083 957 2131 quidem
979 2084 1193 2131 archiepisco-

438 2149 510 2184 pus,
525 2136 688 2172 pontificis
710 2137 857 2173 mandato
875 2138 1192 2184 parere-desiderans,

438 2204 475 2227 ac
485 2192 642 2227 neminem
660 2192 791 2237 habens,
806 2193 859 2240 qui
874 2192 943 2228 talia
961 2193 1083 2237 melius,
1099 2206 1192 2240 quam

441 2247 573 2294 ipsemet
587 2246 801 2282 cubicularius
814 2247 989 2295 explorare,
1005 2248 1195 2296 fideliusque

442 2300 557 2335 referre
574 2309 691 2347 posset.
708 2301 789 2336 idem
806 2302 903 2336 suasit
917 2310 951 2336 ut
969 2303 1005 2346 is,
1021 2314 1092 2337 cum
1107 2304 1194 2338 socio

441 2366 536 2402 quem
552 2355 580 2388 ei
595 2355 752 2396 adiunxit,
766 2356 802 2390 ad
815 2356 932 2391 dictum
950 2355 1074 2391 beatum
1092 2357 1193 2392 virum

440 2420 474 2443 se
489 2408 706 2450 conferret,ac
722 2409 759 2445 de
777 2410 862 2445 illins
883 2411 956 2451 vita,
980 2411 1143 2446 miraculis
1165 2420 1194 2446 et

442 2463 521 2498 sama
546 2463 727 2499 huiusmodi
742 2464 865 2512 plenam
880 2465 1129 2500 informationem
1144 2478 1195 2500 ca-

443 2527 542 2566 peret.

491 2573 511 2620 5
540 2574 595 2608 16.
623 2572 857 2614 Cubicularius,
879 2573 1107 2622 archiepiscopi
1128 2573 1195 2609 sre-

245 2639 428 2697 ii‘i'ilzssn'fflim
444 2634 494 2662 tus
516 2628 660 2669 consilio,
683 2628 843 2663 hominem
867 2628 956 2670 adiit,
975 2638 1092 2664 etcum
1118 2629 1197 2664 inter

244 2703 339 2730 accepim

443 2680 644 2717 salutandum
668 2682 741 2718 dicti
765 2682 845 2718 beati
876 2683 931 2718 viri
956 2696 1085 2719 manum
1106 2695 1196 2718 oscu-

1015 286 1094 309 neu
1098 286 1203 308 Attum
1232 284 1393 308 Romanum

1228 340 1283 375 lari
1300 339 1401 379 vellet,
1427 338 1477 374 ille
1493 340 1621 374 omnino
1646 339 1759 379 renuit,
1773 350 1908 386 eumque
1925 350 1977 372 ro-

1228 390 1308 436 garit
1325 397 1358 423 ut
1386 388 1443 424 sibi
1466 390 1568 436 potius
1592 401 1717 424 manunt
1733 388 1976 424 deosculandam

1229 440 1420 487 porrigeret,
1451 451 1595 474 asserens
1621 439 1651 474 id
1681 439 1779 473 multo
1814 439 1926 473 iustius
1948 447 1978 473 et

1228 489 1468 523 eontenientius
1498 488 1574 533 fore,
1596 500 1632 523 eo
1655 489 1766 536 quod
1761 502 1826 535 ipse
1846 489 1978 523 ‹ubicu-

1229 539 1323 573 larius
1339 539 1458 585 triginta
1473 547 1534 573 tres
1556 550 1654 573 annos
1677 539 1735 573 iam
1753 538 1913 587 presbvttei
1926 550 1978 573 es-

1228 599 1286 627 set:
1301 574 1386 636 quod
1396 588 1608 623 cubicularius
1622 590 1806 623 memoriam
1821 596 1978 636 repetens,

1228 638 1279 673 ubi
1305 639 1333 673 il
1366 651 1472 673 verum
1496 650 1565 672 esse
1587 638 1744 683 cognovit
1773 639 1903 672 miratus
1929 646 1977 672 est

1229 688 1366 723 hominis
1381 688 1539 735 spiritum,
1551 696 1579 722 et
1593 699 1665 721 eum
1678 699 1715 722 eo
1730 686 1768 722 ad
1785 687 1978 743 colloquium

1230 739 1258 771 in
1293 750 1448 772 cameram
1473 738 1648 779 concessit
1677 738 1728 771 ubi
1756 749 1826 771 eum
1857 738 1979 784 primus

1228 800 1332 823 sermo
1354 788 1392 823 de
1409 796 1469 822 tam
1494 787 1589 822 ardua
1612 786 1796 834 difficilique
1819 788 1876 822 sita
1899 786 1981 821 fuis-

1228 848 1286 881 set,
1305 846 1340 872 ut
1356 850 1423 872 eam
1454 837 1543 881 nulli,
1571 837 1628 871 nisi
1653 837 1781 872 robusto
1808 849 1844 872 ac
1860 836 1980 877 valido.

1230 888 1422 922 tolerabilem
1448 888 1511 922 sore
1539 887 1753 922 cubicularius
1779 894 1980 942 asseveraret,

1229 938 1340 972 beatus
1368 946 1465 985 pater,
1489 937 1692 972 auditoillin
1709 936 1815 982 v,crbo
1839 937 1900 984 igni
1923 949 1981 983 ap-

1231 988 1457 1034 propinquans
1484 987 1693 1042 ardentesque
1718 999 1846 1033 prunas
1849 966 1979 1034 Dabsque

1230 1038 1379 1080 laesione,
1394 1038 1558 1072 manibus
1551 1049 1719 1083 arripiens,
1735 1038 1822 1078 dixit,
1840 1037 1905 1078 Qut
1915 1048 1982 1082 per

1227 1090 1302 1133 secto
1324 1090 1413 1122 corde
1437 1088 1571 1121 Domino
1597 1094 1742 1126 serviunt,
1760 1088 1865 1121 omnia
1879 1094 1981 1121 creata

1229 1139 1293 1171 illis
1320 1139 1550 1183 obtemperant,-
1578 1137 1747 1171 exterritus
1775 1136 1826 1171 ille
1855 1148 1892 1171 eo
1915 1135 1982 1170 mi-

1231 1187 1348 1227 raculo,
1364 1187 1484 1221 veniam
1509 1187 1606 1234 petiit.
1622 1185 1771 1233 Cumque
1790 1186 1857 1221 eins
1882 1185 1980 1232 pedes

1231 1237 1390 1271 humiliter
1413 1237 1547 1271 osculari
1565 1236 1666 1280 vellet,
1690 1237 1822 1283 ipseque
1847 1235 1891 1270 vir
1912 1235 1983 1270 bea-

1231 1296 1281 1321 tus
1304 1287 1331 1321 id
1362 1295 1547 1330 recusasset,
1572 1286 1640 1320 eius
1664 1294 1738 1320 tunc
1763 1294 1880 1321 vestem
1909 1297 1983 1319 ma-

1231 1350 1272 1371 nu
1302 1336 1532 1384 apprehensam
1557 1335 1668 1370 devote
1691 1335 1854 1380 osculans,
1884 1334 1923 1369 ab
1944 1347 1982 1370 eo

1231 1387 1394 1429 recedens,
1422 1386 1458 1421 ad
1478 1385 1662 1420 Pontificem
1693 1385 1795 1429 rediit,
1816 1386 1910 1433 eique
1927 1385 1982 1419 mi·

1232 1437 1346 1480 racula,
1370 1448 1450 1484 quae
1473 1436 1603 1479 viderat,
1629 1436 1794 1470 enarravit.

1280 1491 1295 1529 ξ
1320 1489 1376 1520 17.
1406 1485 1489 1520 Olim
1518 1486 1610 1520 etiam
1634 1486 1680 1520 vir
1703 1486 1817 1520 nobilis
1849 1485 1981 1521 lacobus

1231 1536 1394 1579 deTarsia,
1411 1535 1484 1571 baro
1500 1545 1600 1571 terrae
1618 1535 1827 1576 Bellimontis,
1841 1535 1984 1571 Consen-

1232 1587 1368 1620 tinensis
1390 1585 1557 1629 dioecesis,
1570 1598 1641 1623 cum
1656 1586 1842 1632 gravissimo
1854 1594 1885 1621 et
1901 1598 1983 1633 pene

1233 1635 1396 1671 insanabili
1432 1643 1625 1683 apostemate
1660 1637 1754 1682 longo
1781 1645 1922 1683 tempore
1951 1636 1982 1671 in

1233 1698 1324 1721 crure
1360 1687 1552 1729 laborasset,
1581 1686 1784 1733 insignesque
1813 1685 1926 1721 medici
1953 1693 1985 1721 et

1233 1736 1372 1781 chirurgi
1389 1735 1419 1770 in
1436 1747 1472 1770 eo
1488 1735 1564 1769 nibil
1583 1736 1784 1783 proficerent,
1801 1736 1877 1783 quin
1894 1735 1985 1771 uleus

1235 1785 1309 1820 illud
1336 1785 1476 1833 qnotidie
1500 1786 1742 1832 ingravesceret.
1770 1785 1984 1833 omnibusque

1235 1835 1382 1870 remediis
1405 1835 1563 1876 adhibitis,
1587 1835 1645 1870 iam
1676 1835 1706 1869 in
1733 1834 1985 1881 desperationem

1234 1885 1344 1919 salutis
1366 1897 1416 1920 res
1437 1885 1570 1920 adducta
1593 1893 1694 1929 esset,
1727 1885 1854 1919 tandem
1883 1885 1986 1921 dictus

1234 1935 1379 1979 Iacobus,
1410 1935 1489 1969 sama
1517 1935 1690 1971 sanctitatis
1712 1944 1741 1969 et
1764 1935 1985 1970 miraculorum

1237 1985 1316 2020 beati
1333 1985 1400 2029 viri,
1415 1987 1468 2032 qni
1493 1994 1567 2020 tnnc
1590 1984 1704 2020 Paulae
1720 1985 1865 2031 degebat,
1887 1985 1988 2021 addu-

1234 2042 1314 2078 ctus,
1337 2035 1374 2070 ad
1392 2047 1477 2075 eum,
1498 2047 1558 2069 nou
1575 2035 1643 2069 sine
1667 2047 1781 2081 magno
1805 2035 1922 2077 labore,
1939 2047 1988 2070 ac-

1235 2086 1340 2127 cessit,
1371 2085 1477 2131 illique
1493 2085 1613 2131 plagam
1638 2085 1766 2129 detexit,
1789 2094 1818 2119 et
1841 2097 1874 2120 se
1897 2085 1987 2120 devo·

1237 2139 1358 2174 tissime
1386 2139 1633 2174 commendavit.
1662 2138 1804 2173 Primum
1829 2138 1986 2186 siqnidem

1237 2194 1296 2241 ipsi
1314 2194 1404 2228 beato
1426 2202 1454 2228 et
1473 2192 1635 2237 omnibus,
1651 2193 1703 2240 qtti
1721 2193 1879 2237 astabant,
1896 2193 1987 2228 ulcus

1237 2260 1330 2295 grave
1353 2247 1576 2283 etmiserabile
1604 2260 1638 2283 ac
1663 2260 1743 2296 pene
1758 2247 1930 2283 insanabile
1947 2248 1989 2282 vi·

1237 2315 1306 2337 sum
1339 2311 1396 2337 est.
1427 2302 1519 2337 lllum
1548 2311 1651 2337 tamen
1682 2303 1799 2337 Beatus
1821 2302 1988 2338 admonuit

1239 2365 1271 2390 nt
1295 2357 1324 2390 in
1348 2356 1416 2391 Deo
1433 2356 1553 2391 firmam
1580 2356 1671 2391 iidem
1695 2365 1725 2391 et
1754 2365 1871 2391 certam
1896 2368 1986 2404 spem

1239 2411 1377 2455 haberet,
1404 2412 1478 2459 quia
1508 2412 1652 2446 sanitatis
1667 2411 1796 2457 gratiam
1811 2423 1990 2459 conseque-

1238 2474 1332 2501 retur.
1360 2466 1407 2502 Ac
1433 2466 1536 2501 statim
1561 2479 1656 2501 unum
1680 2478 1717 2500 ex
1745 2466 1811 2500 suis
1838 2465 1987 2501 fratribus

1239 2522 1341 2566 misit,
1356 2521 1407 2568 qui
1423 2521 1525 2568 aliqua
1542 2520 1612 2555 folia
1631 2520 1758 2561 herbae,
1774 2532 1854 2567 quae
1871 2521 1988 2567 ungula

1239 2575 1390 2609 caballina
1413 2575 1528 2610 dicitur
1549 2583 1579 2609 et
1608 2574 1683 2609 inibi
1715 2575 1869 2617 nascitur,
1892 2574 1989 2609 colli-

1239 2638 1335 2675 geret,
1359 2640 1388 2665 et
1411 2643 1482 2665 cum
1508 2630 1582 2676 ipsis
1605 2629 1699 2668 soliis,
1714 2636 1816 2663 certos
1832 2628 1988 2675 pulveres,

1240 2696 1320 2731 quos
1350 2685 1378 2718 in
1409 2684 1485 2719 cella
1516 2696 1571 2719 sua
1596 2684 1661 2731 ipse
1683 2683 1798 2718 Beatus
1822 2683 1988 2728 retinebat,

1994 285 2044 311 An.
2060 282 2089 310 C.
2109 283 2184 310 15¹9>

2002 1498 2117 1524 Apostems
2124 1496 2183 1517 ineu-

1996 1528 2064 1550 nbite
2078 1526 2182 1549 lneobid·

1997 1559 2070 1582 Tarsia
2085 1559 2179 1583 sunnin
