2281 3251
487 260 557 293 796
1063 267 1216 291 ΒηιΑιιιι
1246 268 1374 291 nomm

535 336 647 360 vocare
677 327 823 369 possunt,
848 324 925 357 ibid.
950 321 1040 357 Bulla
1064 321 1133 357 lulii
1157 321 1185 357 ll
1211 335 1308 369 super
1331 322 1483 358 electione
1510 323 1653 358 Romani·
1676 321 1844 359 Pontifici's
1868 320 1995 372 a'ppro-

535 374 628 408 batur
651 386 665 406 a
690 371 825 406 concilio
844 371 1064 411 Laterauensi‚
1088 373 1157 406 557
1181 384 1211 406 α.

436 424 606 460 Parentina
629 421 774 456 ecelesia.
805 422 839 454 V.
868 421 1088 456 ,Emoniensis
1115 430 1146 455 et
1174 420 1366 456 Parentinae
1394 431 1447 456 etc.

436 475 548 509 Parma
569 481 599 506 et
620 471 784 506 Placentia
810 470 886 505 Sedi
911 470 1111 516 Apostolicae
1135 471 1356 515 restituuntur,
1380 473 1451 507 625
1475 473 1504 506 b.

435 524 556 559 Paulus
579 521 605 555 ll
632 520 718 566 Papa
747 531 850 554 ccxiii
872 519 1010 566 eligitur,
1035 522 1103 554 182
1131 533 1162 554 α.

435 573 595 619 pauperes
612 570 728 604 lesuati
745 570 949 604 uoninamnr
960 570 1083 604 Fratres
1099 570 1215 604 lesuati'
1227 570 1262 604 S.
1277 571 1470 616 Hieronymi,
1481 569 1992 616 eamdemquedenominationem

536 620 653 654 liabent
681 619 954 654 confraternitates
973 618 1124 653 laicorum
1149 619 1177 653 in
1203 619 1326 654 illorum
1355 620 1498 654 ecclesiis
1522 620 1695 663 institutae,
1719 622 1789 654 576
1812 621 1840 654 b.
1870 619 1997 657 Ceteris

535 669 691 715 religiosis
719 668 903 702 liuiusmodi
924 668 1093 715 appellatio
1122 668 1332 710 interdicitur,
1361 671 1430 703 577
1458 683 1490 704 a.

438 719 590 768 Pauperis
620 719 699 752 vitae
727 717 856 753 fratrum
886 717 1112 765 Apostolorum
1141 719 1345 765 congregatio
1381 718 1494 753 Ordini
1521 727 1551 754 et
1586 717 1726 765 Regulae
1749 717 1783 753 S.
1821 717 1995 766 Augustini

534 768 713 807 subiicitur,
739 771 809 802 566
838 768 867 801 Ι).

437 819 612 854 Pensiones
639 816 849 852 reservandae
872 828 968 863 super
990 815 1197 852 ecclesiarum
1222 816 1391 863 fructibus,
1419 820 1489 854 606
1513 820 1541 853 b.

438 869 519 903 Petri
545 868 605 902 113.
629 868 667 900 de
691 867 772 901 Pisis
800 866 957 901 Eremitae
988 866 1130 913 pluribus
1152 867 1259 912 gratiis
1287 867 1469 908 donantur,
1505 870 1550 903 50
1579 881 1598 902 α
1627 875 1658 902 et
1684 871 1756 902 229
1789 868 1818 901 b.
1853 867 1998 915 Capitula

538 917 752 964 provincialia,
775 916 949 957 annuatim3
971 916 1130 963 generalia
1166 928 1249 962 vero,
1285 918 1412 963 singulo
1441 918 1593 962 triennio,
1625 916 1665 952 ab
1702 917 1779 965 ipsis
1807 917 1997 953 celebranda

536 975 619 1001 sunt.
643 969 709 1000 251
732 969 760 1001 b.

436 1018 517 1052 Petri
534 1017 590 1060 ιβ.)
614 1017 652 1050 de
675 1015 761 1051 Urbe
785 1015 913 1051 basilica
931 1015 1148 1050 reaedificatur
1171 1017 1241 1050 482
1256 1029 1286 1050 a.
1306 1016 1426 1051 Dantes
1441 1016 1489 1050 vel
1513 1017 1745 1061 promittentes,
1770 1017 1847 1052 infra
1862 1029 1994 1058 annum,

534 1066 651 1113 aliquid
688 1079 743 1111 pro
778 1065 1006 1100 restauratione
1035 1074 1166 1112 possunt
1197 1066 1256 1100 sibi
1291 1067 1408 1112 eligere
1442 1065 1671 1101 confessarium
1703 1079 1775 1101 eum
1803 1067 1996 1114 specialibus

536 1115 746 1154 facultatibus,
773 1116 848 1149 ibid.
872 1117 900 1149 b.
924 1114 957 1148 ln
983 1114 1119 1150 favorem
1143 1114 1449 1151 ultramontanorum
1474 1115 1579 1150 dictus
1606 1128 1709 1151 annus
1738 1125 1938 1163 prorogatur,
1954 1115 1994 1152 ad

535 1178 654 1212 eosque
677 1165 914 1200 commissarius
930 1165 1077 1208 mittitur,
1099 1167 1152 1212 qui
1178 1165 1394 1213 eleemosynas
1417 1166 1553 1212 colligat,
1581 1167 1656 1200 ibid.
1680 1165 1906 1202 Beuefactores
1923 1166 1994 1214 ple-

536 1217 652 1249 nariam
678 1214 905 1260 indulgentiam
935 1223 1185 1261 consequuntur,
1214 1217 1282 1249 482
1312 1228 1342 1250 a.
1365 1214 1594 1250 Commissario
1625 1214 1755 1250 facultas
1789 1215 1884 1250 datur
1910 1228 1998 1251 com-

538 1265 676 1311 ponendi
706 1276 802 1309 snper
830 1264 910 1297 male
940 1263 1052 1298 ablatis
1075 1274 1104 1299 et
1123 1264 1304 1304 similibus,
1328 1267 1400 1300 485
1423 1278 1455 1306 a,
1484 1266 1571 1305 item,
1594 1265 1798 1312 dispensandi
1829 1266 1858 1299 in
1885 1266 1994 1300 multis

534 1314 671 1358 vasibus,
700 1315 773 1349 ibid.
798 1315 826 1348 b.
843 1313 1139 1347 Excommunicatio
1156 1323 1184 1348 et
1207 1314 1286 1348 aliae
1306 1327 1424 1360 poenae
1444 1315 1474 1348 in
1493 1327 1549 1349 eos
1570 1315 1623 1361 qui
1647 1315 1901 1350 commissarium
1921 1328 1996 1362 pcr-

537 1363 674 1407 :urbaut,
697 1371 747 1397 aut
772 1363 849 1397 alins
875 1373 1061 1409 quaestores
1088 1363 1249 1409 delegant,
1271 1366 1341 1398 487
1365 1377 1394 1398 α.
1413 1363 1558 1398 Facultas
1580 1365 1788 1399 commissarii
1812 1365 1892 1399 alios
1913 1365 1993 1399 sul)-

537 1413 715 1459 deleganni,
738 1414 814 1447 ibid.
839 1414 867 1446 Ι).
897 1412 1106 1459 supradictae
1130 1413 1343 1458 indulgentiae
1358 1414 1524 1448 animabus
1540 1414 1569 1447 in
1588 1415 1769 1460 purgatorio
1785 1414 1996 1449 existentibus

535 1462 761 1507 suffragantur,
785 1464 856 1497 488
875 1475 906 1495 a.

437 1511 551 1547 Petrus
574 1512 613 1546 de
641 1511 738 1546 Osma
763 1520 791 1546 et
820 1511 963 1558 plerique
990 1510 1042 1545 alii
1073 1512 1304 1558 propositiones
1331 1524 1480 1547 erroneas
1502 1512 1541 1547 de
1570 1522 1770 1559 peccatorum
1795 1512 1995 1548 confessione

533 1572 561 1596 et
594 1562 663 1596 aliis
697 1561 903 1596 sacramentis
936 1561 1108 1604 emittunt,
1136 1563 1208 1596 264
1237 1574 1266 1596 α.
1296 1562 1390 1596 Petro
1429 1563 1561 1609 eiusque
1593 1562 1721 1598 asseclis
1757 1564 1895 1604 vocatis,
1925 1563 1994 1598 illae

536 1624 551 1645 a
574 1610 698 1646 Summi
727 1610 892 1645 pontilicis
919 1609 1070 1656 delegatis
1096 1613 1334 1651 examinantur,
1362 1613 1439 1646 ibid.
1469 1615 1486 1647 b
1523 1622 1551 1647 et
1579 1625 1640 1657 seq.
1674 1611 1790 1659 Utpote
1816 1612 1995 1648 haereticae

533 1661 736 1704 damnantur,
758 1662 830 1695 265
853 1661 881 1694 b.
906 1660 1019 1694 Petrus
1047 1661 1084 1695 de
1107 1660 1205 1696 Osma
1228 1673 1303 1695 suos
1317 1674 1442 1696 errores
1463 1662 1597 1704 abiurat,
1613 1663 1685 1695 266
1708 1675 1738 1696 α.
1762 1661 1878 1697 Contra
1897 1663 1999 1710 impe-

534 1713 678 1753 nitentes,
703 1718 860 1757 tamquam
890 1718 999 1744 contra
1028 1710 1214 1756 baert-ticos,
1239 1711 1378 1758 procedi,
1402 1720 1431 1746 et
1458 1711 1542 1747 Petri
1571 1711 1801 1746 abiuratiouem
1834 1712 1988 1758 publicari

536 1760 687 1806 praecipit
710 1759 868 1798 Pontifex,
891 1761 962 1793 266
985 1773 1016 1794 α.

436 1809 662 1856 Philosophiae
687 1809 893 1856 professorffl.
920 1810 954 1842 V.
977 1809 1114 1844 Animae
1145 1810 1412 1845 immortalitatem
1441 1819 1497 1845 etc.

434 1857 636 1905 Pliilosopliia
660 1867 689 1893 et
714 1859 829 1903 poesis.
866 1859 898 1892 V.
927 1858 1035 1893 Sacris
1058 1860 1113 1902 (in)
1141 1861 1318 1894 constituti.

434 1907 530 1942 Picus
544 1907 691 1947 Ioannes,
705 1907 903 1943 Concordiae
915 1920 1033 1948 comes,
1050 1910 1283 1955 propositiones
1299 1910 1398 1944 varias
1415 1910 1495 1945 circa
1514 1909 1607 1944 lidem
1632 1909 1707 1950 edit,
1731 1921 1849 1956 easque
1866 1910 1992 1957 publice

532 1957 748 1992 defendendas
775 1958 921 2005 suscipit,
949 1960 1019 1992 527
1053 1972 1082 1992 α.
1119 1958 1207 2000 Quas
1234 1960 1361 1994 subiicit
1388 1960 1525 1995 examini
1555 1959 1730 1999 Pontificis,
1761 1961 1837 1994 ibid.
1871 1962 1900 1994 b.
1928 1959 1991 2002 Qui

533 2020 681 2042 erroneas
699 2007 767 2041 illas
783 2008 955 2054 reperiens,
980 2007 1072 2042 ctiam
1093 2008 1231 2043 auctoris
1248 2009 1461 2053 confessione,
1483 2008 1748 2049 daniuat;l'icu1n
1765 2018 1870 2044 autem
1888 2009 1995 2044 absol-

532 2058 586 2099 vit,
608 2059 685 2091 ibid.
713 2065 742 2091 et
764 2069 825 2102 seq.

437 2105 514 2140 Pius
532 2105 558 2140 ll
581 2106 645 2140 ΡΙ).
674 2118 760 2141 ccxii
784 2107 923 2153 eligitur,
955 2109 1023 2141 r¹45
1043 2106 1193 2145 a;adliuc
1221 2107 1251 2142 in
1276 2108 1464 2152 minoribus,
1487 2117 1594 2143 contra
1618 2108 1799 2154 Eugenium
1818 2107 1858 2142 lV
1872 2108 1994 2149 scribit,

539 2158 605 2190 175
631 2158 660 2190 b.
689 2156 813 2202 Scripta
838 2165 994 2199 retractat,
1021 2159 1090 2190 <174
1117 2170 1136 2191 α
1159 2166 1188 2192 et
1215 2170 1276 2203 seq.

434 2204 511 2239 Pius
540 2204 582 2239 Ill
609 2205 694 2252 Papa
716 2217 827 2240 ccxvii
856 2206 996 2251 eligitur,
1019 2208 1090 2240 599
1113 2219 1144 2241 α.

433 2254 583 2288 Pisanum
608 2255 866 2290 conciliabulum.
903 2256 936 2290 V.
963 2256 1176 2291 Lateraueuse
1204 2258 1376 2292 concilium
1399 2266 1427 2292 et
1450 2256 1584 2292 lndictio
1612 2256 1809 2303 generalium
1838 2264 1889 2290 etc.

431 2303 602 2339 Placentia.
640 2306 672 2339 V.
698 2305 821 2340 Parma.
1233 2322 1236 2325 ’

432 2353 664 2388 Plumliatores.
698 2355 730 2388 V.
762 2354 922 2390 Romanae
945 2353 1061 2389 Curiae
1089 2354 1201 2389 oslieia.

431 2402 688 2438 poenitentiaria.
716 2405 751 2438 V.
774 2403 934 2439 Romanae
957 2404 1072 2439 Curiae
1095 2403 1208 2439 officia.

432 2452 695 2488 poenitentiarius
723 2454 822 2487 maior
840 2454 873 2489 S.
904 2454 943 2488 R.
972 2453 1132 2488 Ecclesiae
1159 2466 1219 2500 qua
1244 2455 1359 2501 polleat
1381 2456 1578 2499 auctoritate,
1605 2456 1677 2489 292
1703 2468 1723 2489 α
1751 2463 1778 2489 et
1802 2468 1862 2501 seq.

433 2501 790 2547 P‹»lia‹*0(delloanncs.
824 2504 856 2537 Γ.
885 2503 1010 2538 loannis
1034 2502 1073 2537 (le
1102 2503 1241 2538 Poliaco.

430 2550 574 2598 Populus
602 2552 766 2587 Romanus
790 2553 1041 2588 iurisdictionem
1072 2562 1237 2600 recuperat
1265 2566 1362 2599 super
1383 2554 1506 2589 civitate
1527 2554 1713 2600 Tyburtina,
1742 2557 1812 2588 515
1840 2566 1871 2592 a:
1897 2553 1990 2588 rein-

533 2610 672 2648 tegratur
699 2602 729 2636 in
764 2603 832 2637 suis
855 2602 976 2637 iuribus
1003 2610 1033 2637 et
1063 2602 1246 2649 privilegiiS,
1276 2605 1347 2638 558
1374 2616 1406 2643 a;
1435 2604 1529 2638 multa
1566 2602 1666 2638 officia
1702 2612 1731 2637 et
1756 2603 1862 2637 omnia
1891 2600 1990 2637 Urbis

532 2650 685 2685 beneficia
708 2651 842 2696 obtinet,
862 2653 932 2687 559
952 2660 1014 2687 aet
1027 2664 1102 2698 πμ
1124 2665 1139 2686 a
1159 2651 1283 2699 gabella
1300 2653 1362 2687 vini
1381 2653 1499 2688 romani
1518 2661 1548 2688 et
1564 2652 1681 2688 farinae
1696 2652 1858 2698 eximitur,
1874 2653 1946 2687 540
1959 2653 1990 2687 b.
