2281 3251
217 246 266 273 An.
285 247 314 274 C.
335 247 402 274 ttioa

468 236 537 270 ¹80

420 301 572 336 stolorum
589 329 598 343 ,
627 309 659 336 ιιι
690 302 823 348 primatu
848 300 925 336 Abel
943 329 952 345 ,
991 301 1170 346 gubernatu

419 350 499 391 Noe,
531 351 739 398 patriarchatu
763 350 936 394 Abraham,
963 350 1072 384 ordine
1095 350 1163 385 Mel-

418 401 610 438 chisedech
649 400 801 446 dignitate
836 401 958 438 Aaron
988 413 1014 434 a
1020 401 1171 434 .·ctoiitate

418 450 555 499 Moyses,
571 449 862 486 ὶιιιΙίοιιιιιΞιιηιιινΙ
880 458 1031 496 potestate
1047 448 1171 491 pitius,

422 501 569 534 unctione
592 499 750 536 Cliristus
779 498 825 533 Tu
851 512 895 541 es,
910 500 957 534 cui
981 499 1085 533 claves
1104 507 1172 533 tra-—

420 550 514 589 ditae
537 550 586 583 cui
610 562 684 584 oves
706 550 840 583 creditne
869 558 952 583 suut.
975 548 1057 583 Sunt
1077 549 1172 583 etalii

421 600 548 645 quidem
565 599 641 633 caeli
664 599 810 633 ianitores
823 607 852 632 ct
868 611 1000 645 gregum
1022 606 1173 645 pastores.

421 648 476 683 sed
505 657 535 682 ιιι
565 658 650 683 tanto
677 648 845 694 gloriosius
879 656 997 694 quanto
1030 656 1059 682 et
1082 646 1174 682 ‹lisse-

421 698 542 733 tentius
572 706 741 745 utrumque
764 709 837 745 prae
861 697 921 731 illis
937 709 1050 732 nomin
1075 697 1175 732 liaere-

421 747 538 782 ditasti.
561 746 685 782 Habent
710 747 750 781 illi
775 748 956 802 assignatos
979 747 1036 781 silii
1064 759 1176 802 greges

422 795 538 843 singuli
561 796 716 844 singulos
739 797 792 831 tibi
823 797 958 831 unixersi
982 796 1092 831 crediti
1122 797 1174 830 nni

421 858 544 880 sumus.
568 845 633 881 Nec
650 845 743 881 modo
758 847 876 889 ovium,
889 846 943 880 sed
968 854 997 880 et
1015 855 1175 893 pastorum

423 905 454 929 tu
474 907 555 930 unus
577 896 720 930 omnium
745 903 861 942 pastor.
885 895 971 930 Haec
995 895 1177 931 Bernardus

421 945 459 980 ad
482 943 662 990 Eugenium
687 943 726 980 lll
755 945 880 989 scribit,
913 946 961 979 cui
997 958 1176 992 supremam

422 1002 452 1029 et
465 994 678 1028 omnimodam
697 994 727 1028 in
744 993 883 1029 Ecclesia
901 1002 1084 1041 potestatem
1101 1006 1178 1029 con-

423 1043 518 1078 eedit.
535 1042 628 1086 Quod
646 1044 696 1078 ille
718 1043 757 1079 de
774 1045 866 1079 tertio
882 1052 1011 1079 testatur
1026 1044 1179 1091 Eugenio,

423 1093 484 1128 hoc
506 1105 565 1128 nos
591 1092 630 1128 de
652 1103 764 1140 quarto
799 1103 826 1129 et
851 1094 1000 1128 omnibus
1027 1095 1097 1128 aliis
1117 1092 1180 1129 Ro·

423 1143 526 1178 manis
549 1142 756 1178 Pontificibus
779 1143 975 1190 profitemur,
990 1144 1062 1191 quia
1080 1144 1181 1190 digni-

425 1193 497 1228 tatis
517 1202 564 1228 est
582 1192 764 1228 auctoritas.
783 1192 897 1241 Liquet
919 1193 1014 1239 igitur
1033 1205 1131 1228 unum
1150 1194 1179 1228 in

423 1241 565 1277 Ecclesia
589 1250 683 1289 caput
713 1254 784 1277 esse
811 1252 842 1277 et
870 1255 968 1277 unum
993 1243 1181 1290 principem,

424 1292 497 1340 quia
522 1303 579 1338 pax
609 1291 717 1339 populi
733 1305 770 1327 ex
795 1304 857 1327 uno
877 1300 995 1327 rectore
1011 1291 1181 1339 dependet.

425 1349 456 1375 et
478 1340 637 1387 pluralitas
665 1342 846 1389 principum
869 1341 1059 1377 discordiam
1089 1342 1180 1389 parit.

424 1389 571 1425 Clu-istus
598 1389 759 1425 Ecclesiae
785 1403 861 1425 suae
893 1393 921 1427 in
946 1390 1057 1426 ultimo
1085 1399 1180 1426 testa-

427 1448 533 1474 mento
560 1451 668 1487 pacem
700 1440 837 1488 reliquit,
873 1450 904 1475 et
940 1453 1048 1487 pacem
1073 1440 1181 1475 multis

426 1489 532 1524 verbis
546 1489 790 1525 commendavit.
804 1488 899 1525 Dedit
910 1502 986 1537 ergo
994 1500 1024 1525 et
1041 1491 1180 1536 regimen

426 1538 514 1587 pacis
539 1539 675 1574 amicum
692 1567 699 1577 ,
725 1539 805 1575 idest
827 1540 1065 1574 monarcliicum
1083 1567 1091 1579 ,
1121 1540 1182 1574 sub

427 1588 519 1623 beato
545 1587 640 1623 Petro
667 1596 696 1623 et
724 1588 963 1625 successoribus
985 1590 1055 1624 eius
1077 1588 1182 1625 admi-

427 1637 550 1672 nistrari
586 1646 697 1672 cuncta
735 1639 944 1694 praecipiens,
970 1637 1111 1673 clavibus
1138 1639 1182 1673 illi

425 1687 604 1722 commissis
618 1696 648 1721 ct
667 1699 740 1723 cura
763 1691 868 1735 gregis
889 1688 1087 1723 demandata.
1107 1687 1183 1724 Haec

426 1747 486 1771 nos
507 1735 548 1772 de
567 1734 704 1772 Romani
732 1735 898 1773 pontilicis
932 1738 1118 1774 auctoritate
1153 1746 1183 1774 et

428 1793 582 1833 potestate
599 1787 767 1830 sentimus,
786 1787 834 1820 cui
858 1796 888 1822 et
907 1799 1101 1835 congregare
1123 1801 1182 1834 ge-

429 1836 543 1869 neralia
567 1835 699 1870 concilia
728 1845 759 1871 et
787 1836 958 1872 dissolvere
989 1837 1097 1871 datum
1124 1846 1181 1872 est.

427 1883 506 1928 Qui,
521 1886 578 1919 etsi
595 1883 678 1920 filius
690 1894 737 1920 est
754 1894 882 1932 propter
899 1887 1182 1933 regenerationem,

428 1943 558 1982 propter
580 1934 763 1981 dignitatem
793 1943 896 1970 tamen
927 1944 1014 1983 pater
1037 1935 1181 1977 babetur:

427 1991 458 2018 et
479 1984 570 2019 sicuti
603 1985 761 2020 filiationis
793 1997 885 2020 causa
920 1985 1058 2020 venerari
1089 1984 1184 2021 debet

428 2033 600 2070 Ecclesiam
625 2043 784 2084 tamquam
809 2044 951 2075 matrem,
980 2035 1019 2069 ita
1039 2043 1068 2069 et
1092 2047 1183 2082 prae-

428 2089 555 2125 lationis
594 2103 687 2125 causa
725 2090 899 2137 praefertur
932 2091 974 2129 ei,
1006 2099 1037 2124 ut
1078 2100 1184 2137 pastor

428 2143 533 2191 gregi,
560 2145 707 2192 princeps
739 2145 871 2193 populo,
901 2153 1003 2179 rector
1036 2144 1183 2179 familiae.

429 2197 512 2233 Cum
531 2198 580 2233 liis
593 2208 619 2233 et
636 2200 794 2247 generalis
815 2198 940 2233 concilii
963 2198 1182 2233 auctoritatem

429 2262 458 2287 et
487 2261 672 2300 potestatem
700 2253 952 2300 complectimur.
982 2254 1186 2300 quemadmo-

430 2307 504 2342 dum
528 2316 556 2342 et
580 2320 656 2342 aevo
680 2316 787 2342 nostro
809 2307 1026 2351 Constantiae,
1049 2307 1124 2342 dum
1143 2308 1183 2342 ilii

430 2362 487 2397 fuit
505 2362 645 2411 synodus
668 2362 865 2405 universalis,
892 2361 1084 2397 declaratum
1112 2361 1186 2396 deli-

431 2419 598 2467 nitumque
621 2426 678 2453 est.
703 2416 902 2452 veneramur
922 2416 1008 2451 enim
1032 2415 1187 2451 Constan-

431 2473 533 2508 tiense
560 2472 729 2507 concilium
758 2480 786 2506 et
810 2479 921 2507 cuncta
945 2482 1027 2519 quae
1047 2482 1188 2517 praeces-

430 2535 539 2562 serunt
553 2539 568 2562 a
583 2525 737 2563 Romanis
749 2525 960 2561 Pontificibus
976 2526 1090 2561 nostris
1102 2537 1187 2571 prae·

432 2580 653 2616 decessoribus
665 2579 849 2628 approbata,
866 2580 945 2614 inter
961 2590 1042 2627 quae
1062 2577 1184 2614 nullum

432 2636 610 2672 invenimus
645 2648 792 2684 umquam
820 2635 915 2671 luisse
943 2643 1062 2674 ratum,
1090 2633 1187 2682 quod,

1002 248 1188 271 usitatum:
1214 248 1374 272 nouus„

1215 309 1316 337 stante
1330 301 1476 337 Romano
1493 301 1669 337 indubitato
1683 301 1838 349 praesule,
1851 301 1972 349 absque

1217 352 1316 398 ipsiu<
1337 352 1523 387 auctoritate
1537 351 1741 386 convenerit:
1758 351 1831 398 quia
1847 363 1910 386 non
1926 360 1972 385 est

1215 414 1331 447 corpus
1353 401 1517 436 Ecclesiae
1539 402 1606 436 siue
1629 401 1745 448 capite,
1761 410 1789 435 et
1812 400 1916 435 omnis
1934 413 1970 436 cx

1215 452 1317 497 capite.
1345 450 1456 485 defluit
1486 451 1515 485 in
1540 451 1680 486 membra
1706 459 1853 497 potestas.
1887 450 1971 484 Haec

1218 509 1321 535 nostra
1345 501 1500 536 sententia
1529 509 1587 539 est,
1611 500 1685 540 lilii;
1710 501 1786 534 ltaec
1813 499 1972 534 credimus

1216 557 1245 583 et
1271 548 1470 595 profitemur:
1493 549 1571 584 haec
1595 551 1654 584 iam
1677 562 1769 584 senes
1791 557 1821 583 et
1842 549 1871 583 in
1894 562 1973 596 apo-

1217 598 1349 633 stolatus
1370 600 1459 645 apice
1482 600 1641 633 constituti
1667 612 1722 646 pro
1743 601 1870 634 veritate
1892 611 1974 634 asse-

1218 661 1328 682 rimus.

1267 698 1287 745 S
1314 700 1365 731 ll.
1391 697 1424 731 Si
1447 710 1528 745 quae
1552 699 1598 732 vet
1623 698 1710 732 vobis
1732 697 1779 732 vel
1802 698 1872 732 aliis
1893 710 1974 732 con-

1218 748 1405 794 scripsimus
1423 747 1607 794 aliquando„
1630 759 1709 794 quae
1724 747 1799 781 huic
1814 747 1974 782 doctrinae

1221 805 1409 842 repugnent,
1435 796 1495 836 itta,
1519 806 1678 844 tamquam
1696 808 1825 831 erronea
1841 805 1871 831 et
1895 797 1975 831 iuve-

1221 846 1293 881 nilis
1316 847 1410 881 animi
1437 859 1546 893 parum
1577 855 1704 893 pensata
1734 846 1862 885 iudicia.
1886 859 1975 881 rern-

1220 908 1329 930 camus
1351 905 1445 944 atque
1467 896 1598 930 omnino
1622 896 1810 941 respuimus.

1270 945 1386 980 Datum
1409 944 1530 980 Romae
1552 944 1635 992 apud
1658 944 1811 980 Sanctum
1834 945 1975 983 Petrum,

1221 1005 1310 1030 sexto
1333 995 1484 1030 kalendas
1503 996 1586 1035 maii.
1609 1006 1692 1030 anno
1715 995 1882 1030 millesimo
1896 1007 1977 1042 qua-

1222 1045 1473 1091 dringentesimo
1500 1045 1698 1091 sexagesimo
1726 1045 1827 1079 tertio.

1262 1105 1323 1137 Dat.
1348 1106 1394 1137 die
1413 1105 1452 1137 26
1468 1106 1572 1146 aprilis
1593 1106 1679 1142 1463,
1697 1105 1800 1146 pontif.
1819 1116 1898 1136 anno
1912 1115 1937 1134 v.

1556 1306 1640 1343 xltt.

1223 1390 1399 1426 Prohibiti'o
1433 1389 1649 1434 praedicandi,
1691 1389 1889 1434 disputandi,
1926 1397 1979 1422 am

1273 1438 1425 1473 suadendi
1453 1438 1635 1472 haereticum
1662 1438 1709 1472 vel
1733 1445 1890 1483 peccatum
1921 1449 1980 1471 esse

1275 1488 1394 1522 credere
1417 1487 1483 1521 lesu
1502 1487 1617 1522 Christi
1644 1488 1850 1532 Sanquimm,
1871 1488 1905 1520 in
1923 1490 1979 1520 tri-

1273 1538 1336 1571 duo
1356 1549 1429 1571 suae
1459 1538 1625 1582 passionis,
1655 1538 1694 1570 ab
1721 1538 1788 1582 ipsa
1811 1537 1981 1571 Divinum«

1274 1587 1426 1626 divisum,
1449 1587 1495 1620 vel
1521 1598 1583 1620 non
1612 1587 1746 1621 divisum
1767 1586 1869 1631 fuisse.

1499 1668 1712 1700 SUMMARIUM

1224 1735 1393 1768 Exordium.
1438 1754 1474 1760 —
1510 1737 1536 1767 1.
1568 1735 1692 1772 Quidam
1737 1737 1873 1767 tenebant
1903 1737 1979 1768 san-

1265 1781 1385 1820 guinem
1417 1780 1547 1818 Christi,
1577 1780 1606 1811 in
1631 1780 1728 1811 triduo
1760 1781 1922 1820 passionis,
1944 1782 1980 1812 ab

1266 1825 1331 1856 eius
1347 1824 1503 1856 Divinitate
1522 1824 1614 1856 fuisse
1633 1825 1770 1862 divisum,
1792 1830 1820 1856 et
1841 1825 1891 1856 alii
1910 1835 1980 1856 con-

1266 1869 1387 1900 trarium
1411 1868 1606 1900 affirmabant.
1628 1885 1668 1892 —
1689 1868 1716 1899 2.
1739 1868 1792 1900 llic
1814 1878 1884 1908 ergo
1907 1869 1980 1900 Pon-

1266 1914 1335 1945 tifex
1363 1914 1399 1944 dc
1419 1915 1473 1944 lioc
1493 1914 1658 1952 praedicari
1688 1918 1716 1942 et
1738 1913 1881 1951 disputari
1909 1923 1979 1953 pro-

1267 1959 1357 1990 hihet.
1398 1976 1438 1982 —
1470 1959 1498 1990 3.
1539 1958 1835 1989 Contravenientibus
1871 1968 1981 1998 poenas

1269 2005 1402 2045 imponit,
1433 2021 1471 2027 —
1497 2005 1526 2035 4.
1548 2003 1582 2034 Et
1613 2004 1682 2035 Sedi
1713 2004 1902 2042 Apostolicae
1930 2014 1980 2034 eos

1266 2051 1440 2082 denunciari
1460 2049 1552 2086 iubet,
1574 2067 1613 2074 —
1636 2050 1664 2080 5.
1688 2049 1865 2089 Fratresque
1888 2049 1980 2080 Prae-

1267 2097 1412 2127 dicator-es
1432 2100 1461 2124 et
1476 2094 1604 2126 Minores
1620 2100 1720 2125 mutua
1737 2104 1804 2124 cum
1824 2093 1981 2125 dilectione

1267 2150 1298 2170 sa
1331 2144 1456 2170 tractare
1478 2140 1629 2179 praecipit.
1663 2156 1700 2162 -
1731 2139 1757 2169 6.
1792 2138 1979 2169 Sanctionem

1268 2185 1420 2224 poenalem
1441 2184 1550 2215 adiicit.

1308 2262 1370 2290 Pius
1389 2261 1534 2298 opiscopus
1552 2268 1649 2291 servus
1672 2268 1810 2291 sorvorum
1839 2261 1897 2293 net.

1373 2312 1405 2339 ad
1441 2310 1567 2340 futuram
1600 2311 1640 2340 rot
1669 2310 1837 2340 memoriam

1277 2384 1448 2420 lneffabitis
1488 2384 1604 2419 summi
1644 2383 1842 2438 providentia
1880 2383 1980 2419 Patris

1228 2434 1265 2469 ad
1291 2434 1350 2469 lioc
1374 2434 1477 2478 nobis,
1498 2434 1641 2480 quamvis
1657 2433 1835 2475 immeritis,
1852 2433 1981 2468 uuiver-

1228 2484 1302 2519 satis
1344 2483 1506 2519 Ecclesiae
1551 2482 1690 2529 regimen
1727 2483 1775 2528 pia
1798 2483 1980 2538 dignatione

1228 2534 1399 2573 commisit,
1422 2542 1452 2567 ut
1477 2541 1635 2579 tamquam
1659 2532 1699 2566 de
1718 2543 1846 2566 summo
1867 2533 1981 2567 vertice

1229 2583 1266 2618 ad
1289 2582 1394 2618 infima
1410 2583 1579 2618 refluentes
1594 2583 1753 2621 intuitum,
1769 2581 1843 2628 quid
1858 2594 1913 2628 pro
1929 2593 1981 2616 sa-

1229 2645 1300 2668 crae
1320 2632 1481 2679 religionis
1494 2630 1637 2680 expediat
1653 2631 1877 2680 propagatione
1899 2630 1980 2666 felici

1990 249 2081 276 Aac.
2103 247 2168 275 trion

1997 705 2020 726 Et
2029 711 2082 733 quae
2091 707 2111 725 in
2119 710 2173 725 ‹on-

1988 737 2075 757 turtum
2118 735 2174 756 sert-

1989 769 2043 795 psit.
2067 771 2173 795 tamqnam

1989 804 2080 819 erronea
2109 803 2173 819 revo-

1989 833 2022 849 eal

2029 2389 2139 2410 Exordium
