2281 3251
111 284 160 313 Ᾰιι.
179 285 206 312 C.
227 286 289 313 imit

122 348 166 380 oet
180 349 297 376 enra'sse'-

110 382 204 404 etenum*
218 383 296 405 cumb-

111 413 173 435 ltenm
189 410 296 436 tun't'n'u-

111 446 156 467 nrt
177 451 220 467 uon
244 451 295 472 pos-

110 479 166 497 ΙΙΙΙῐ,

121 1179 218 1203 Bectestn
249 1180 292 1202 Ro-

108 1218 170 1233 mam
205 1213 293 1239 suuctptt

107 1243 209 1271 quodum
229 1241 295 1266 Mc·-

107 1276 168 1299 naar,—

927 282 1087 307 Emmaus
1114 283 1147 305 tv
1171 283 1218 305 ΡΡ.

309 340 386 375 siam
410 350 471 373 non
494 339 674 381 existentes,
698 350 759 372 non
782 339 883 372 solum
909 349 1058 384 paganos,

309 388 364 424 sed
381 400 438 423 nec
454 388 583 423 iudaeos
597 395 649 422 ant
669 388 841 422 haereticos
856 395 949 433 atque
964 387 1059 420 schis-

308 438 439 473 maticos
464 445 609 472 aeternae
636 438 715 471 vitae
748 436 811 470 lieri
837 448 928 483 posse
963 437 1059 482 parti-

307 488 404 533 cipes,
427 486 480 522 scd
505 487 534 521 in
559 487 662 532 ignem
686 495 846 521 aeteruum
872 486 982 525 ituros,
1004 485 1057 532 qui

309 545 433 583 paratus
461 544 508 571 est
539 535 664 570 diabolo
685 545 714 569 ct
742 534 863 581 angelis
885 536 965 570 eius.
987 536 1059 577 uisi,

307 593 378 630 ante
401 586 493 620 linem
518 585 609 628 vitae,
628 585 730 618 eidem
754 583 868 618 fuerint
888 585 1057 630 aggregati.

306 633 506 682 Tantumque
542 634 643 668 valere
676 633 880 668 ecclesiastici
917 634 1059 680 emporis

309 684 472 728 unitatem,
496 691 528 718 ut
555 685 658 718 solum
682 684 709 716 iu
736 696 769 716 ea
793 685 993 717 innitentium
1021 684 1057 717 ad

307 733 440 767 salutem
452 733 660 768 ecclesiastica
676 741 869 767 sacramenta
886 734 1058 779 proficiant,

306 790 335 818 et
358 783 484 824 ieiunia,
507 782 724 830 eleemosynae
748 794 782 816 ac
810 792 910 816 cetera
936 783 1059 828 pietatis

306 830 406 866 officia
447 839 477 867 ct
517 832 662 867 exercitia
708 831 837 866 militiae
872 831 1058 866 christianae

307 882 443 928 praemia
466 889 591 915 aeterna
608 881 792 928 parturiant.
813 880 1057 927 Neminemque,

306 938 580 977 quantascumque
602 931 817 978 eleemosynas
840 930 957 973 fecerit,
980 939 1009 964 et
1031 931 1056 965 si

307 992 364 1026 pro
385 979 503 1014 Christi
533 980 661 1014 nomine
684 980 871 1024 sanguinem
899 979 1057 1019 effuderit,

306 1041 399 1076 posse
425 1029 555 1069 salvari,
579 1029 636 1063 nisi
661 1030 689 1062 in
713 1028 886 1062 catholicae
909 1028 1064 1063 Ecclesiae

306 1078 427 1123 gremio
445 1086 476 1112 ct
505 1080 623 1112 unitate
651 1077 870 1124 permanserit.

354 1127 376 1174 S
399 1131 454 1163 16.
477 1127 689 1174 Amplectitur
711 1136 830 1171 autem⁷
852 1125 1005 1172 approbat
1028 1135 1057 1160 et

305 1177 439 1224 suscipit
459 1185 597 1211 sanctam
620 1176 790 1210 Nicaenam
813 1175 969 1224 synodum
993 1184 1058 1210 tre-

306 1234 469 1269 centorum
492 1226 601 1260 decem
625 1235 653 1260 ct
676 1233 746 1259 octo
771 1225 910 1264 l'atrum,
935 1234 1057 1272 tempo-

307 1273 393 1309 ribus
420 1274 590 1309 beatissimi
613 1274 777 1321 Sylva-tri,
806 1274 1058 1321 praedecessoris

306 1325 402 1359 n'ostri
420 1331 449 1359 et
472 1324 575 1370 magui
596 1323 795 1358 Constantini
819 1324 950 1370 piissimi
975 1325 1058 1371 prin·

251 1376 255 1381 '
304 1373 385 1421 cipis
406 1380 639 1420 congregatam,
663 1374 693 1407 in
716 1385 776 1421 qua
801 1373 895 1421 impia
919 1374 1059 1409 haeresis

113 1626 289 1654 Constantinopo-

104 1657 197 1684 uuam,

113 2178 238 2207 Ephe-tuam
247 2180 288 2206 pu-

104 2215 164 2232 mun.

303 1422 418 1458 Ariana
441 1435 514 1457 cum
543 1435 602 1458 suo
624 1432 753 1457 auctore
784 1422 931 1458 damnata
953 1432 1011 1468 est,
1026 1432 1055 1458 et

304 1472 468 1508 definitum
495 1480 542 1507 est
561 1472 674 1507 Filium
697 1472 754 1507 Dei
771 1471 854 1506 Patri
884 1484 952 1507 esse
979 1485 1056 1508 con-

303 1521 542 1557 substantialem
566 1531 595 1556 et
623 1531 838 1557 coaeternum.

351 1575 367 1614 ἓ
391 1575 446 1605 17.
470 1570 684 1618 Amplectitur
705 1572 812 1615 etiam,
840 1571 993 1618 approbat
1026 1581 1055 1606 et

302 1621 433 1667 suscipit
452 1630 591 1656 sanctam
605 1620 988 1668 Constantinopolitanam
1010 1634 1054 1669 sy-

303 1670 420 1704 nodum
437 1680 564 1705 centum
581 1671 808 1718 quinquaginta
825 1671 968 1715 Patruin,
987 1670 1056 1705 bea-

302 1719 414 1754 tissimi
436 1718 579 1760 Damasi,
614 1721 866 1767 praedecessoris
892 1721 1002 1764 nostri,
1025 1730 1055 1755 et

301 1767 470 1804 Theodosii
497 1770 632 1803 senioris
659 1778 800 1816 tempore
831 1779 1054 1808 convocatam,

301 1830 383 1865 quac
401 1820 504 1865 ipsum
522 1818 697 1853 Macedonii
713 1819 987 1854 anathematizavit
1003 1833 1054 1854 er-

301 1880 418 1910 rorem,
440 1868 493 1916 qui
517 1867 672 1915 Spiritum
689 1868 855 1908 Sanctum,
876 1881 935 1902 nou
954 1868 1053 1903 Deum

301 1916 357 1951 sed
389 1926 563 1952 creaturam
594 1918 771 1953 asserebat:
810 1918 893 1966 quod
917 1918 1054 1963 damnat,

301 1965 440 2008 damnat3
458 1967 542 2014 quod
565 1967 730 2014 approbat,
747 1967 916 2014 approbat;
939 1977 969 2002 et
998 1980 1055 2015 pet·

301 2017 407 2050 omnia
431 2017 494 2051 vult
530 2017 645 2051 ibidem
669 2016 810 2054 definita,
833 2017 938 2051 illaesa
959 2026 987 2051 et
1007 2018 1056 2052 in-

302 2064 412 2099 violata
435 2066 623 2100 substinere.

350 2123 366 2163 §
395 2122 449 2155 18.
478 2120 690 2169 Amplectitur
716 2122 828 2161 etiam,
850 2121 1003 2169 approbat
1025 2131 1055 2158 ct

301 2174 435 2221 suscipit
462 2184 600 2209 sanctam
626 2176 756 2222 primam
785 2175 978 2222 Ephesinam
1002 2190 1056 2224 sy-

302 2227 420 2262 nodum
449 2228 658 2263 ducentormn
684 2229 831 2269 l‘atrum,
859 2241 939 2276 quae
967 2233 1053 2268 tertia

302 2289 348 2316 est
383 2282 413 2316 in
442 2282 552 2317 ordine
580 2283 803 2317 universalium
831 2283 1027 2330 synodorum
1046 2316 1055 2333 ,

301 2335 362 2370 sub
388 2336 571 2372 beatissimo
597 2337 792 2379 Coelestino,
813 2337 1056 2384 praedecessore

303 2398 421 2435 nostro,
436 2401 466 2426 et
487 2391 669 2426 Theodosio
694 2392 814 2426 minore
837 2403 1054 2441 convocatam,

304 2445 334 2479 in
353 2457 414 2492 qua
443 2446 532 2492 impii
556 2446 692 2480 Nestorii
724 2455 769 2479 est
798 2446 941 2481 damnata
971 2448 1056 2483 blas-

303 2498 439 2545 phemia,
467 2499 699 2546 definitumque
723 2509 770 2534 est
793 2499 920 2534 Domini
957 2502 1054 2536 nostri

302 2551 372 2587 lesu
389 2553 509 2588 Christi
526 2553 588 2588 veri
604 2553 664 2588 Dei
682 2563 711 2588 et
729 2554 790 2588 veri
808 2553 946 2589 hominis
961 2567 1054 2590 unam

303 2618 372 2642 esse
391 2619 569 2654 personam,
591 2616 621 2642 et
641 2607 761 2642 beatam
778 2607 907 2642 Mariam
930 2621 1056 2657 semper

304 2658 464 2707 Virginem
499 2670 561 2696 non
589 2662 691 2696 solum
726 2661 966 2707 Christotoco'n,
1000 2663 1054 2698 sed

1756 273 1803 306 63

1100 338 1192 372 etiam
1207 337 1404 374 Theotocon,
1428 336 1487 371 hoc
1505 345 1564 377 est,
1580 348 1640 371 non
1657 345 1777 371 tantum
1794 338 1852 372 ho-

1102 387 1206 426 minis,
1234 387 1288 421 sed
1313 386 1368 421 Dei
1396 385 1590 421 Genitricem
1618 386 1657 420 ab
1679 387 1765 421 omni
1789 387 1853 421 Ec-

1100 436 1192 470 clesia
1218 435 1473 481 praedicandam.

1149 485 1168 532 S
1194 488 1247 519 19.
1263 485 1396 520 Damnat
1421 493 1539 522 autem.
1562 485 1803 519 anathematizat
1822 494 1851 519 et

1102 535 1220 580 respuit
1245 536 1369 580 impiam
1393 534 1565 569 secundam
1586 534 1780 581 Ephesinam
1799 547 1852 582 sy-

1101 584 1220 618 nodum
1244 585 1306 618 sub
1329 584 1508 618 beatissimo
1524 583 1644 625 Leone,
1663 584 1852 631 praedeces-

1100 645 1169 666 sore
1199 642 1315 673 nostro.
1338 642 1367 668 et
1392 633 1530 681 praefato
1553 633 1696 681 principe
1719 646 1851 679 congre-

1100 691 1200 727 gatam
1215 711 1222 721 ,
1257 684 1286 717 in
1322 696 1381 731 qua
1411 683 1581 718 Dioscorus
1617 682 1852 718 Alexandrinus

1099 732 1242 773 antistes,
1256 731 1407 780 Eutychis
1434 733 1669 767 haeresiarchae
1685 732 1851 772 defensor.

1100 789 1128 814 et
1151 781 1183 814 S.
1207 779 1347 816 Flaviani
1371 781 1712 829 Constantinopolitani
1747 783 1852 829 ponti-

1101 830 1167 864 licis
1182 830 1296 875 impius
1310 840 1529 878 persequutor,
1546 831 1754 865 execrandam
1768 832 1850 866 illam

1099 879 1254 926 synodum
1287 880 1324 914 ad
1357 881 1615 927 approbationem
1638 880 1851 928 Eutychianae

1100 928 1280 974 impictatis,
1305 938 1370 963 arte
1392 937 1422 963 ct
1449 930 1544 965 minis
1567 930 1700 964 attraxit.

1148 981 1163 1021 ἕ
1186 979 1244 1011 20.
1268 978 1478 1024 Amplectitur
1503 980 1609 1018 etiam,
1637 979 1789 1027 approbat
1821 987 1851 1014 et

1099 1026 1230 1074 suscipit
1264 1037 1402 1062 sanctam
1432 1027 1725 1063 Chalcedonensem
1755 1041 1852 1076 syno-

1099 1075 1186 1119 dum,
1203 1086 1346 1123 quartam
1372 1078 1401 1111 in
1425 1079 1536 1112 ordine
1553 1077 1776 1113 universalium
1800 1090 1853 1126 sy·

1100 1124 1267 1165 nodorum,
1286 1135 1505 1161 sexcentorum
1522 1135 1551 1161 ct
1569 1128 1693 1173 triginta
1711 1126 1853 1167 Pati-um,

1099 1175 1297 1222 temporibus
1312 1176 1441 1222 praefati
1459 1176 1629 1211 beatissimi
1646 1176 1763 1211 Leonis
1780 1189 1852 1223 prae-

1098 1223 1273 1258 decessoris
1297 1226 1394 1260 nostri
1415 1234 1443 1259 et
1461 1226 1608 1260 Marciani
1634 1226 1786 1273 principis
1805 1238 1854 1258 ce-

1099 1273 1260 1313 lebratam,
1280 1275 1308 1308 iu
1324 1287 1383 1321 qua
1396 1275 1533 1310 haeresis
1555 1274 1762 1323 Eutychiana,
1778 1288 1851 1309 cum

1098 1329 1156 1357 suo
1183 1332 1310 1358 anctore
1334 1324 1474 1372 Eutyche
1501 1334 1529 1359 et
1562 1324 1715 1359 Dioscoro
1741 1323 1852 1359 defen-

1097 1384 1180 1416 sore,
1202 1373 1348 1408 damnata
1371 1383 1430 1415 est;
1458 1382 1487 1408 et
1515 1373 1681 1409 delinitum
1710 1382 1757 1409 est
1783 1373 1851 1408 Do-

1099 1422 1219 1456 minum
1238 1431 1380 1458 nostrum
1399 1423 1502 1458 lesum
1514 1423 1676 1459 Christum
1692 1436 1762 1459 esse
1780 1436 1851 1457 vere

1097 1471 1201 1506 Deum
1223 1480 1253 1506 et
1277 1485 1385 1507 verum
1415 1473 1588 1517 hominem,
1603 1481 1633 1507 et
1655 1474 1685 1507 in
1715 1485 1774 1507 una
1797 1485 1849 1507 ea-

1098 1520 1235 1568 demque
1270 1534 1403 1568 persona
1447 1523 1582 1558 divinam
1617 1523 1852 1569 humanamque

1099 1579 1236 1615 naturas,
1261 1572 1411 1617 integras,
1435 1572 1612 1612 inviolatas,
1641 1572 1851 1619 incorruptas,

1099 1619 1292 1661 inconfusas,
1308 1621 1536 1670 distinctasque
1555 1622 1721 1666 mansisse,
1738 1621 1851 1655 huma-

1099 1670 1195 1704 nitate
1218 1679 1332 1717 agente
1366 1683 1447 1719 qnae
1469 1672 1607 1706 hominis
1629 1679 1715 1715 sunt,
1737 1679 1766 1704 et
1784 1671 1851 1704 ‹lei-

1098 1727 1159 1753 tate
1187 1732 1267 1766 quae
1295 1720 1370 1755 Dei:
1399 1734 1481 1769 quos
1508 1721 1653 1759 damnat,
1687 1721 1851 1755 damnatos

1098 1768 1202 1809 haben
1226 1782 1305 1816 quos
1332 1770 1497 1817 approbat,
1525 1770 1724 1817 approbatos.

1145 1818 1165 1865 S
1186 1821 1244 1852 at.
1272 1819 1485 1867 Amplectitur
1507 1821 1613 1864 etiam,
1642 1819 1794 1867 approbat
1816 1828 1847 1854 et

1096 1868 1225 1914 suscipit
1241 1878 1380 1903 sanctam
1396 1869 1538 1917 quintam
1553 1869 1722 1917 synodum,
1738 1881 1848 1904 secun·

1096 1915 1167 1950 dam
1191 1917 1585 1965 Constantinopolitanam,
1615 1927 1754 1965 tempore
1776 1919 1848 1953 bea-

1095 1966 1209 2000 tissimi
1224 1967 1343 2013 Vigilii,
1359 1969 1610 2015 praedecessoris
1631 1969 1739 2008 nostri,
1755 1976 1785 2002 et
1803 1967 1850 2002 lu-

1096 2015 1223 2050 stiniani
1242 2018 1394 2064 principis
1416 2018 1616 2058 celebratam,
1637 2017 1665 2051 iu
1685 2030 1745 2064 qua
1768 2018 1847 2051 sacri

1096 2063 1368 2101 Chalcedonensis
1391 2068 1516 2102 concilii
1532 2067 1684 2110 delinitio,
1707 2067 1745 2100 de
1766 2066 1849 2101 dua-

1096 2118 1155 2153 bus
1179 2121 1298 2156 naturis
1320 2131 1350 2156 et
1373 2134 1434 2157 una
1458 2134 1589 2169 persona
1602 2121 1731 2160 Christi,
1755 2133 1848 2156 reno-

1098 2183 1163 2209 vata
1186 2185 1244 2220 est,
1268 2176 1424 2224 multique
1442 2176 1594 2223 Origenis
1616 2188 1748 2216 errores,
1772 2189 1848 2211 suo-

1097 2241 1232 2276 rumque
1254 2231 1450 2278 sequacium,
1471 2230 1654 2278 praesertim
1678 2229 1716 2264 de
1735 2230 1849 2265 daemo·

1098 2295 1172 2317 num
1193 2284 1389 2332 aliorumque
1413 2285 1630 2319 damnatorum
1656 2285 1847 2331 poenitentia

1096 2346 1126 2373 et
1160 2337 1359 2378 liberatione,
1389 2338 1543 2386 reprobati
1580 2348 1674 2386 atque
1709 2338 1846 2374 damnati

1097 2401 1180 2427 sunt.

1146 2447 1166 2494 g
1192 2449 1249 2481 2⁶2.
1278 2446 1487 2494 Amplectitur
1508 2448 1619 2487 etiam,
1643 2448 1794 2494 approbat
1816 2456 1846 2483 et

1097 2502 1227 2548 suscipit
1249 2509 1387 2536 sanctam
1412 2502 1532 2536 tertiam
1555 2500 1846 2549 Constantinopoli-

1098 2563 1200 2590 tanam
1224 2554 1392 2602 synodum,
1415 2563 1541 2590 centum
1565 2563 1594 2589 et
1618 2554 1845 2601 quinquaginta

1098 2609 1238 2653 Patrnm,
1257 2620 1337 2655 quae
1359 2616 1444 2643 sexta
1467 2607 1561 2643 estin
1584 2606 1694 2641 ordine
1717 2607 1845 2642 univer-

1097 2663 1209 2698 salium
1229 2662 1436 2710 synodorum,
1459 2661 1662 2709 temporibus
1677 2660 1844 2695 beatissimi

1869 284 1916 310 An.
1931 285 1959 310 C.
1980 284 2041 312 ΜΗ

1880 498 1966 519 nummi
2000 505 2049 520 vero

1866 530 1979 550 secundun
2023 530 2050 550 8-

1866 562 1983 586 pue-lnam,

1879 988 1945 1009 Tenet
1981 992 2051 1009 autem

1873 1017 2036 1040 Chalcedonen-

1866 1055 1910 1070 sem
1925 1054 2028 1077 quartam.

1877 1828 1973 1855 Quintam
1983 1834 2049 1855 syno-

1865 1861 1911 1881 dum
1927 1863 1948 1880 et
1970 1864 2050 1880 neuu-

1865 1891 1910 1911 dnm
1925 1890 2049 1911 Constanti—

1865 1921 2015 1948 neapolitanam.

1869 2463 2048 2492 Constantinopo-

1861 2494 2044 2516 lttsnsmterttnm,
