2281 3251
105 285 154 309 An.
173 281 199 308 C.
221 281 285 308 11167

116 635 224 656 innovatio
234 641 283 655 eon-

103 668 147 687 stit.
158 668 286 693 praedeces-

104 703 181 718 sorum.

118 882 223 903 nescisne
234 882 287 903 ulie-

104 914 210 934 nationum
226 912 287 933 aliter

105 944 225 969 neutrarum,
241 949 286 964 rum

105 975 152 996 aliis
167 975 249 1001 poenis.

926 280 963 302 ΡΑ
970 280 1047 302 Utus

299 347 374 373 tunc
395 350 465 373 cum
497 337 708 373 Ecclesiarum
733 337 870 372 evidenti
900 336 1043 380 utilitate,

299 399 334 423 ac
355 387 393 423 de
414 387 569 422 fructibus
591 394 621 422 et
655 387 758 431 bonis,
781 398 861 433 quae
887 386 1043 422 seriando

299 437 412 472 servari
437 449 498 472 non
522 444 666 484 possunt,
690 449 745 484 pro
780 436 924 470 instantis
962 445 1043 471 tem—

301 486 385 532 poris
418 486 589 534 exigentia,
627 486 685 521 hac
726 493 875 532 perpetuo
914 498 937 519 v·
933 485 1043 520 ilitura

300 536 523 571 constitutione
550 535 614 571 lieri
644 535 859 583 prohibemus.

348 585 422 632 §2-
451 585 732 621 praedecessorum
761 594 938 619 nostrorum
967 597 1044 619 con-

300 634 531 674 stitutionibus
555 634 818 682 prohibitionibus
845 643 875 669 et
908 635 1044 669 decretis

300 683 370 719 aliis
396 696 493 740 super
513 684 574 719 hoc
600 684 705 728 editis,
727 696 806 731 quae
834 692 941 718 tenore
959 696 1045 731 prae-

300 733 435 768 sentium
467 734 670 778 innovamus,
694 734 723 768 in
747 745 805 768 suo
840 733 1044 768 nihilominus

301 782 412 818 robore
439 783 661 830 permansuris.

348 832 368 880 S
391 835 423 867 5.
447 831 481 867 Si
504 833 587 879 quis,
605 840 711 867 contra
728 831 823 867 huius
839 839 963 867 nostrae
976 844 1043 878 pro-

301 881 464 917 hibitionis
490 882 615 927 seriem,
642 881 680 916 de
708 881 799 916 bonis
821 890 851 916 et
874 881 967 916 rebus
982 881 1044 915 eis-

300 930 370 966 dem
412 932 579 979 quicquam
614 931 749 966 alienare
782 931 1043 979 praesumpserit,

300 980 457 1024 alienatio,
491 980 679 1029 hypotheca,
716 980 892 1024 concessio,
919 980 1042 1021 locatio,

300 1030 471 1065 conductio
497 1039 528 1065 et
552 1030 723 1066 infeudatio
756 1029 936 1064 huiusmodi
964 1029 1044 1064 nul-

301 1079 361 1114 lius
395 1080 524 1115 omnino
546 1081 587 1115 sit
613 1080 734 1115 roboris
754 1079 799 1114 vel
828 1079 991 1124 momenti,
1013 1087 1042 1113 et

301 1137 361 1163 tam
377 1130 430 1177 qui
443 1129 568 1171 alienat,
590 1142 684 1177 quam
707 1131 732 1164 is
758 1129 813 1176 qui
828 1129 978 1163 alienatas
994 1140 1043 1163 res

298 1186 328 1213 et
355 1178 435 1214 bona
464 1179 620 1226 praedicta
648 1179 813 1226 receperit,
853 1179 1042 1213 sententiam

299 1229 636 1263 excommunicationis
684 1229 843 1269 incurrat;
894 1227 1042 1262 alienanti

300 1290 374 1313 vero
408 1278 489 1313 bona
523 1278 749 1319 Ecclesiarum,
780 1278 1042 1312 monasteriorum

299 1327 505 1375 locorumque
534 1328 655 1375 piorum
683 1326 912 1375 quorumlibet,
940 1328 1046 1362 incon-

299 1377 380 1412 sulto
407 1376 552 1413 Romano
571 1376 735 1418 Pontifice,
758 1385 810 1412 aut
831 1385 937 1411 contra
961 1389 1047 1424 prae-

299 1427 399 1462 sentis
425 1427 658 1462 constitutionis
687 1435 842 1472 tenorem,
865 1426 889 1461 si
919 1426 1046 1473 pontili-

299 1476 358 1531 cali
385 1477 433 1511 vel
459 1476 606 1512 abbatiali
639 1476 830 1532 praefulgeat
875 1476 1045 1522 dignitate,

300 1526 462 1573 ingressus
476 1527 628 1562 ecclesiae
649 1526 687 1561 sit
704 1527 830 1574 penitus
848 1526 1045 1571 interdictus,

300 1585 330 1609 et
356 1576 381 1611 si
405 1588 460 1623 per
485 1588 540 1611 sex
567 1588 693 1612 menses
715 1576 892 1611 immediate
908 1588 1045 1622 sequen-

302 1634 361 1670 tes,
386 1625 446 1660 sub
479 1626 646 1662 interdicto
680 1625 887 1670 huiusmodi,
922 1626 1046 1670 animo,

301 1675 384 1722 quod
400 1675 750 1723 absit,perseveraverit
773 1675 930 1719 indurato,
953 1676 1047 1722 lapsis

301 1725 464 1761 mensibus
490 1725 624 1769 eisdem,
664 1738 679 1760 a
712 1725 865 1773 regimine
893 1734 922 1760 et
950 1726 1048 1760 admi-

301 1775 482 1811 nistratione
503 1788 578 1811 suae
600 1775 760 1811 Ecclesiae
784 1775 830 1810 vel
849 1776 1046 1819 monasterii,

300 1825 350 1859 cui
365 1825 533 1872 praesidet,
547 1826 575 1860 in
592 1825 813 1873 spiritualibus
826 1834 856 1859 et
872 1826 1049 1871 temporali-

302 1874 361 1909 bus
381 1875 423 1910 sit
437 1887 474 1910 eo
492 1876 560 1923 ipso
574 1887 761 1922 suspensus,
784 1874 952 1909 inferiores
974 1887 1047 1910 vero

303 1924 709 1970 praelati,commendatarii
726 1933 755 1960 et
769 1924 819 1959 alii
834 1924 1046 1959 Ecclesiarum

302 1981 450 2015 rectores,
472 1974 648 2009 beneficiati
671 1974 717 2009 vel
739 1973 1046 2010 administrationem

302 2023 541 2070 quomodolibet
552 2024 742 2064 obtinentes,
758 2023 961 2072 prioratibuS,
977 2036 1049 2071 prte-

305 2073 477 2120 posituris,
511 2073 787 2121 praepositalibus,
824 2074 1048 2120 dignitatibus,

303 2127 536 2174 personatibus,
558 2127 894 2172 administrationibus,
925 2128 1049 2171 officiis,

303 2181 550 2221 canonicatibus,
574 2181 765 2229 praebendis
791 2181 922 2229 aliisque
955 2182 1049 2217 ecele-

304 2235 450 2277 siasticis,
473 2248 546 2271 cum
576 2248 651 2271 cura
678 2244 708 2271 et
730 2236 811 2281 sine,
836 2237 1051 2272 saecularibus

305 2297 335 2325 et
362 2290 571 2338 regularibus,
595 2290 768 2331 beneficiis,
791 2302 924 2338 quorum
953 2303 1003 2326 res
1021 2300 1052 2326 et

306 2343 387 2379 bona
408 2345 584 2380 alienarunt
605 2344 779 2387 dumtaxat,
803 2344 871 2391 ipso
891 2344 971 2380 facto
994 2345 1052 2392 pri-

307 2398 366 2433 vati
388 2400 533 2440 existant,
556 2398 685 2446 illaque,
700 2399 820 2446 absque
841 2398 1053 2434 declaratione

306 2452 422 2500 aliqua,
437 2466 545 2489 vacare
564 2463 761 2495 censeantur,
778 2453 976 2501 possintque,
999 2466 1053 2501 per

307 2506 447 2543 locorum
483 2507 658 2543 ordinarios
697 2508 743 2542 vel
781 2507 870 2547 alios,
893 2507 932 2541 ad
972 2520 1053 2554 quos

306 2574 416 2597 eorum
443 2562 568 2598 collatio
591 2562 738 2609 pertinet,
766 2561 910 2610 personis
931 2561 1054 2597 idoneis

307 2616 379 2660 (illis
391 2617 542 2666 exceptis,
557 2628 637 2664 quae
650 2625 815 2665 propterea
831 2615 969 2663 privatae
984 2615 1054 2651 sue—

307 2671 380 2718 rint)
411 2671 510 2708 libere
538 2671 578 2707 de
612 2670 680 2708 iure
709 2670 865 2716 conferri,
895 2670 955 2706 nisi
978 2669 1055 2707 alias

1714 268 1779 301 195

1083 336 1280 383 dispositioni
1316 335 1516 383 Apostolicae
1544 334 1636 370 Sedis
1670 335 1732 370 sint
1756 347 1828 381 spe-

1083 387 1198 420 cialiter
1209 395 1259 420 aut
1275 385 1462 432 generaliter
1481 393 1646 426 reservata,
1667 393 1696 420 et
1713 385 1829 420 nihilo-

1085 436 1188 470 miuus
1214 436 1365 471 alienatae
1394 447 1442 471 res
1473 443 1502 470 et
1531 435 1611 470 bona
1644 434 1828 470 huiusmodi

1083 487 1118 519 'td
1141 485 1314 529 Ecclesias,
1347 485 1532 520 monasteria
1560 493 1590 519 et
1613 484 1680 520 loca
1708 486 1768 531 pia,
1791 483 1828 519 ad

1083 548 1162 581 quae
1197 545 1268 570 ante
1301 536 1521 571 alienationem
1549 535 1733 570 huiusmodi
1764 546 1831 581 per-

1084 586 1236 626 tinebant,
1264 585 1360 620 libere
1383 592 1588 621 revertantur.

1132 635 1216 670 Nulli
1240 647 1314 679 ergo
1336 644 1388 670 etc.

1131 683 1248 719 Datum
1268 684 1389 720 Romae
1405 684 1487 732 apud
1507 684 1659 719 Sanctum
1675 684 1831 726 Marcum,

1083 746 1165 768 auno
1193 733 1417 769 lucarnationis
1451 733 1628 769 dominicae
1662 733 1830 769 millesimo

1084 783 1396 839 quadrinoentesimo
1439 784 1635 830 sexagesimo
1682 783 1830 830 septimo,

1083 832 1227 868 kalendis
1255 834 1366 875 martii,
1392 833 1591 880 pontificatus
1618 833 1715 869 nostri
1748 844 1830 867 anno

1083 894 1113 916 ιι
1136 885 1190 926 (Ι).

1139 944 1198 974 Dat.
1215 945 1262 974 die
1279 945 1291 974 t
1311 945 1408 974 martii
1425 945 1511 981 1457,
1529 944 1631 985 pontif.
1645 954 1719 975 anno
1736 953 1777 974 111.

1071 281 1091 302 tt
1123 280 1170 302 l‘l’.

1389 1130 1446 1164 vn
1467 1133 1521 1174 (ρ).

1086 1212 1206 1245 Erectio
1222 1212 1374 1245 Ecclesiae
1388 1213 1572 1245 cathedralis
1600 1212 1774 1245 Viennensis
1800 1212 1834 1244 in

1134 1262 1281 1299 Austrt'a,
1318 1273 1385 1296 cuin
1418 1263 1617 1295 reservatione
1648 1262 1834 1306 iurt'spatro-

1134 1319 1222 1345 nattis
1241 1323 1300 1356 pro
1327 1313 1452 1345 ducibus
1473 1312 1618 1345 Auso-iae
1644 1313 1698 1354 (5).

1350 1389 1565 1421 SUtlilamtm

1086 1451 1250 1482 Exordium.
1273 1469 1312 1474 —
1334 1453 1360 1481 t.
1383 1453 1507 1482 Attentis
1530 1451 1674 1481 Friderici
1701 1451 1833 1490 imperat.

1126 1496 1274 1535 precibuS,
1304 1496 1468 1535 frequentia
1489 1497 1587 1536 populi
1616 1505 1774 1535 rerumque
1796 1495 1836 1524 vi-

1126 1541 1205 1571 litate
1224 1543 1253 1571 in
1273 1542 1378 1580 oppido
1398 1542 1539 1571 Yiennen.
1559 1541 1684 1580 aliisque
1710 1541 1836 1570 circum-

1127 1587 1261 1624 stantiis,
1279 1604 1317 1608 -—
1340 1587 1365 1616 ἱ).
1389 1586 1485 1625 Ipsum
1511 1587 1649 1625 oppidum
1673 1596 1686 1615 a
1711 1585 1834 1615 iurisdi-

1126 1632 1221 1661 ctione
1244 1632 1375 1670 episcopi
1399 1637 1425 1661 et
1448 1632 1566 1671 capituli
1590 1631 1737 1660 Patavien.
1762 1630 1835 1660 libc-

1126 1685 1191 1706 rum
1209 1685 1273 1706 csse
1288 1677 1407 1712 tult,--
1419 1677 1445 1706 3.
1457 1677 1667 1715 Civitatemque
1678 1680 1836 1714 nuncupat,

1126 1737 1164 1742 —
1185 1722 1213 1751 lt.
1234 1721 1473 1759 praeposituram
1503 1721 1529 1750 S.
1555 1720 1694 1760 Stephani
1721 1720 1751 1750 in
1778 1719 1836 1749 Ec-

1126 1765 1249 1795 clesiam
1270 1767 1466 1796 cathedralem
1487 1766 1573 1803 erigit
1596 1775 1646 1804 per
1665 1766 1845 1810 episcopum,

1127 1809 1360 1848 gubernandam.
1378 1828 1417 1832 —
1429 1811 1455 1840 5.
1474 1810 1636 1840 Dioecesim
1654 1809 1837 1849 praescribit.

1126 1872 1164 1877 —
1182 1856 1208 1885 ὃ.
1225 1854 1350 1894 Capituli
1374 1855 1548 1884 efformatio,
1565 1872 1604 1876 —
1622 1854 1678 1884 Dos
1697 1854 1836 1894 episcopi.

1126 1916 1165 1921 ——
1188 1900 1213 1929 7.
1235 1900 1370 1929 Austriae
1393 1899 1519 1929 ducibus
1543 1900 1588 1929 ins
1605 1904 1773 1938 patronatus
1792 1908 1839 1927 as-

1127 1948 1246 1974 sertum.
1260 1961 1297 1965 —
1309 1945 1336 1974 8.
1355 1944 1490 1973 Facultas
1508 1945 1646 1983 episcopo
1666 1948 1693 1973 et
1711 1943 1837 1982 capitulo

1128 1989 1193 2018 data
1226 1993 1331 2019 statuta
1354 1988 1540 2018 conficiendi.
1562 2005 1600 2010 -
1621 1989 1648 2017 9.
1673 1986 1838 2017 Clausulae.

1150 2064 1249 2092 Paulus
1267 2064 1408 2100 episcopus
1435 2071 1531 2092 servus
1558 2070 1696 2092 servorum
1714 2062 1774 2095 Dei,

1223 2115 1256 2142 ad
1290 2115 1448 2149 perpetuam
1471 2113 1511 2141 rei
1538 2113 1704 2141 memoriam.

1138 2185 1172 2220 In
1188 2198 1354 2234 sapieniae
1370 2185 1530 2232 dignitatis
1549 2183 1688 2231 specula,
1700 2182 1839 2230 disposi-

1090 2237 1176 2271 tione
1215 2248 1363 2283 superna,
1404 2235 1547 2283 quamtis
1576 2232 1839 2268 insufficientibus

1093 2286 1210 2320 meritis
1232 2286 1416 2331 constituti,
1450 2285 1486 2320 ad
1512 2284 1674 2319 universas
1698 2282 1839 2317 fidelium

1092 2348 1133 2370 rc
1127 2336 1236 2382 riones
1258 2348 1352 2370 curae
1368 2343 1491 2370 nostiae
1508 2334 1702 2375 commissas,
1726 2333 1770 2367 sic
1785 2344 1841 2379 pa-

1093 2396 1198 2420 ternae
1230 2385 1494 2420 considerationis
1527 2384 1675 2418 intuitum
1710 2383 1841 2418 solerter

1094 2436 1302 2474 extendimus,
1330 2436 1375 2470 sic
1398 2435 1435 2469 ad
1464 2435 1616 2469 honorem
1644 2432 1839 2471 earumdem,

1093 2486 1306 2520 extollentiam
1337 2494 1365 2520 et
1393 2485 1648 2519 sublimationem
1677 2482 1840 2518 intendere

1129 2561 1167 2597 (l)
1183 2562 1215 2588 Et
1232 2561 1273 2588 hic
1288 2561 1427 2595 legendum
1442 2560 1539 2594 pontis.
1557 2570 1602 2586 un.
1624 2568 1653 2586 ιιι
1670 2560 1708 2593 (n.
1726 2558 1775 2593 T.).

1129 2602 1168 2636 (⁶2)
1184 2603 1256 2628 Hanc
1278 2602 1375 2627 bullam
1394 2601 1505 2635 legimus
1522 2602 1545 2627 in
1564 2601 1685 2627 Editione
1702 2599 1779 2626 Rom.
1791 2597 1841 2624 sub

1094 2650 1168 2709 ιξῖἒῖἲέ
1189 2642 1247 2669 ΥΙΙΙ
1274 2643 1311 2676 (ιι.
1335 2642 1383 2676 τ.).
1423 2641 1462 2676 (5)
1482 2641 1520 2667 Ex
1550 2640 1653 2675 Regcst.
1675 2640 1700 2666 in
1729 2638 1839 2666 Archiv.

1846 277 1895 303 An.
1913 276 1941 303 C.
1956 275 2025 303 tuos

1885 2197 2003 2219 Exordium.
