2281 3251
89 303 139 332 An.
155 301 185 328 C.
202 301 269 330 ¹5¹9

284 355 416 392 Iacobus
437 356 613 398 Martolilia;
638 357 680 391 illi
705 357 880 404 proximum
905 367 950 392 est
973 370 1031 393 ca-

285 415 383 442 strum
420 406 599 450 Foscandi,
629 407 679 441 ubi
717 416 786 442 nata
817 416 863 442 est
890 408 1031 452 Vienna,

285 456 442 504 quondam
466 456 558 490 ambo
593 457 622 490 in
658 456 717 491 tide
740 456 856 491 Cliristi
886 458 1031 505 baptizati

285 514 315 541 et
337 506 509 541 confirmati
532 518 567 540 ac
588 510 631 549 (ut
646 507 707 540 veri
725 506 879 551 catholici)
896 508 1032 550 educati,

286 556 336 603 qui
361 556 508 599 invicem,
523 556 696 590 secundum
716 557 808 591 ritum
829 565 955 592 sanctae
972 557 1033 591 Ro-

287 618 395 640 manae
430 605 611 648 Ecclesiae,
640 606 873 641 matrimonium
903 616 1033 641 contra—

285 655 396 690 hentes
418 663 448 690 et
469 658 511 698 (nt
539 655 646 690 fideles
672 655 761 690 dccet
784 657 944 703 coniuges)
968 669 1034 691 mu-

287 712 369 739 tuam
392 705 573 740 charitatem
598 705 740 752 vitaeque
760 706 954 742 honestatem
972 718 1032 741 ser-

271 762 393 795 ,vantes
414 755 467 789 din
496 754 738 796 cohabitat-unm
773 768 810 790 ex
839 756 897 791 hoc
925 757 1032 790 matri-

288 805 392 839 monio
421 805 530 839 beatus
552 804 739 840 Franciscus
766 806 803 840 dc
826 805 923 840 Paula
959 819 1033 853 pro-

287 863 419 889 creatur.

336 904 355 952 S
378 906 409 939 9.
438 903 499 945 Qui
523 904 602 939 sacri
626 904 821 951 baptismatis
843 904 927 939 fonte
949 904 1031 940 lava-

114 961 132 983 Δ
159 960 274 989 puerilibus
290 963 338 989 tus
366 962 395 988 et
417 954 593 988 chrismatis
610 962 806 989 sacramento
818 955 1033 1009 confirmatus,

91 993 155 1051 1³52?
165 991 225 1019 “¹¹3
242 992 275 1012 ‘¹¹
289 1003 328 1039 ab
354 1003 538 1050 eisdemque
565 1004 745 1050 parentibus
769 1003 829 1039 sub
852 1004 908 1039 Dei
923 1004 1034 1039 timore

289 1061 319 1089 et
339 1065 445 1089 amore
467 1053 628 1097 educatus,
652 1054 772 1100 insigne
791 1054 950 1101 specimen
966 1066 1035 1089 san-

289 1103 402 1138 ctitatis
428 1103 550 1138 futurae
579 1103 804 1149 praeseferens,
831 1103 1032 1139 solitudinem

290 1161 319 1187 et
345 1153 533 1199 religionem
561 1153 703 1199 diligere,
722 1166 757 1187 ac
784 1153 976 1188 orationibus
1004 1162 1034 1188 et

290 1203 416 1238 ieiuniis
438 1202 562 1237 assidue
588 1214 697 1237 vacare
719 1203 836 1250 coepit3
858 1215 937 1249 quae
960 1215 1032 1237 cum

289 1253 356 1288 eius
373 1252 832 1299 parentesanimadvertissent,
852 1252 968 1298 ipsum,
983 1264 1036 1287 an-

290 1314 362 1336 num
387 1302 511 1336 circiter
529 1301 689 1335 decimum
720 1301 845 1336 tertium
876 1310 1033 1348 agentem,

288 1351 374 1386 iuxta
409 1359 513 1385 votum
552 1362 607 1397 per
641 1363 694 1385 eos
721 1351 895 1392 emissum,
925 1330 1033 1386 domui

287 1400 384 1435 sancti
405 1399 564 1434 Francisci
584 1400 717 1434 civitatis
744 1400 849 1435 Sancti
871 1400 967 1435 Marci
984 1401 1036 1436 ob-

287 1451 436 1484 tulerunt.
464 1449 497 1483 In
522 1461 582 1497 qua
598 1462 686 1496 puer,
711 1450 740 1484 in
764 1459 881 1485 sortem
904 1450 1032 1485 Domini

286 1499 422 1543 electus,
450 1511 532 1533 anno
556 1511 610 1546 per
632 1512 703 1534 eum
734 1509 859 1540 exacto,
887 1500 1035 1547 nullaque

286 1549 483 1597 professione
499 1549 623 1593 emissa,
634 1550 749 1584 vocatis
765 1549 958 1595 parentibus,
969 1562 1034 1591 eos,

286 1606 320 1633 ut
352 1611 386 1633 se
419 1598 456 1633 ad
491 1597 656 1632 ecclesiam
681 1600 779 1633 sancti
802 1598 960 1633 Francisci
997 1600 1035 1635 de

285 1649 404 1683 Assisio
427 1656 456 1683 et
482 1656 608 1682 sanctae
624 1648 739 1683 Mariae
762 1649 799 1682 de
821 1648 962 1694 Angelis,
986 1650 1034 1684 de-

285 1698 419 1732 votionis
441 1709 546 1737 causa,
578 1698 692 1732 ducere
712 1697 844 1739 vellent,
867 1698 959 1732 enixe
982 1711 1035 1733 ro-

284 1748 387 1795 gavit,
414 1747 468 1795 qui
492 1748 543 1794 pio
565 1747 634 1781 eius
661 1747 819 1782 desiderio
841 1757 1033 1788 annuentes,

283 1809 354 1832 sese
378 1797 497 1831 itineris
519 1797 649 1831 comites
672 1797 893 1844 praebuerunt.
909 1797 1034 1839 Quibus

283 1847 424 1882 eCCleSllS
454 1846 564 1881 deVOlss
602 1847 748 1887 VlSllssllS‚
772 1860 800 1880 lss
830 1847 959 1893 paulam
984 1859 1034 1882 ΙΕ-

283 1909 404 1941 versus,
431 1896 514 1931 idem
544 1896 675 1938 beatus,
697 1874 813 1931 Saitcto
835 1896 955 1944 Spiritu
978 1897 1033 1931 in—

283 1947 435 1994 spirante,
457 1947 496 1981 ad
519 1947 684 1981 ecclesiam
709 1946 952 1981 construendam
969 1947 1033 1981 ani-

283 2009 370 2031 mum
394 1996 524 2040 addixit,
544 1997 674 2043 ipseque
692 1997 814 2043 primus
829 1995 1032 2032 fundamenta

283 2046 419 2082 effodere
453 2047 575 2093 coepit,
598 2058 659 2093 quo
688 2047 768 2080 inter
791 2046 909 2081 vicinos
931 2046 1033 2081 divul-

283 2106 367 2143 gato,
389 2096 529 2144 undique
547 2096 585 2131 ad
609 2108 687 2143 opus
710 2096 878 2132 iurandum
901 2109 1034 2132 concur-

284 2153 384 2194 ritur3
417 2152 466 2187 alii
500 2152 586 2200 operi
620 2152 862 2192 incumbebant,
888 2152 1030 2187 nonnulli

284 2207 413 2249 calcem,
438 2207 568 2254 lapides,
588 2214 730 2241 cementa
748 2215 777 2241 et
792 2206 850 2241 alia
874 2207 904 2241 id
919 2219 1033 2253 genus,

282 2263 389 2297 futuro
423 2262 565 2297 aedificio
594 2261 781 2300 neccssaria,
804 2261 1031 2308 deportal)ant;

283 2317 380 2353 fertur
394 2317 487 2353 etiam
512 2325 587 2351 tunc
608 2316 734 2351 fratrem
758 2315 939 2363 quemdam,
958 2329 1032 2351 san-

284 2372 323 2408 cti
347 2372 506 2407 Francisci
534 2371 641 2406 habitu
661 2370 819 2411 indutum,
841 2382 878 2404 ex
911 2371 1033 2418 impro-

283 2428 349 2463 viso
372 2427 497 2462 beatum
521 2426 724 2462 Franciscum
749 2426 786 2460 de
810 2425 907 2460 Paula
931 2426 1033 2461 iucre-

284 2495 374 2531 passe
408 2482 492 2530 quod
516 2490 578 2517 tam
601 2489 764 2528 angustam
794 2480 901 2516 aedem
932 2481 1032 2516 facere

284 2538 486 2585 incoepisset,
500 2537 707 2583 eamdemque
723 2535 863 2570 demoliri
874 2535 931 2570 sibi
948 2548 1033 2571 inan—

284 2592 386 2637 dasse,
409 2604 445 2627 ac
460 2592 551 2627 aliam
576 2592 726 2626 maiorem
749 2591 942 2637 designasse3
960 2591 1032 2626 bea-

285 2655 378 2694 toque
405 2646 573 2681 Francisco
601 2647 639 2681 de
668 2645 760 2680 Paula
789 2646 938 2680 asserenti
973 2646 1032 2680 sibi

284 2701 364 2736 vires
391 2702 427 2736 ad
461 2709 521 2737 tam
550 2702 661 2748 ingens
694 2713 774 2748 opus
805 2700 1031 2749 perficiendum

944 303 1006 326 LEO
1031 303 1054 326 X
1081 304 1130 326 ΡΡ.

1705 293 1773 326 719

1074 370 1135 393 non
1155 358 1309 399 sufficere,
1329 358 1478 394 divinitus
1498 358 1697 406 respondisse
1719 357 1822 393 Deum

1074 408 1320 456 omnipotentem
1349 409 1376 443 ei
1406 409 1490 443 nullo
1518 416 1606 455 pacto
1629 407 1824 448 defuturum,

1074 471 1090 492 e
1113 459 1319 505 vestigioque,
1351 459 1486 506 diruptis
1505 459 1615 498 muris,
1638 458 1825 499 evanuisse,

1076 507 1158 543 unde
1174 520 1235 543 non
1256 509 1412 543 immerito
1429 509 1569 555 plerique
1586 507 1735 555 illumque
1749 507 1824 542 bea-

1076 566 1140 592 tum
1164 557 1366 593 Franciscum
1393 558 1488 593 fuisse
1511 558 1740 592 existimarunt.
1761 557 1824 593 Po-

1075 607 1183 642 stridie
1210 619 1282 642 vero
1313 607 1424 642 nobilis
1452 607 1580 655 quidam
1608 606 1825 643 Consentinus

1075 658 1272 703 supervenit,
1295 658 1347 704 qui
1372 658 1472 692 eidem
1498 657 1599 701 beato,
1631 669 1686 704 pro
1712 656 1823 692 aedifi-

1075 706 1172 741 canda
1195 707 1346 747 ecclesia,
1374 720 1521 750 maenum
1559 706 1625 741 auri
1655 715 1749 753 atque
1775 720 1825 741 ar-

1075 757 1159 801 genti
1194 756 1319 802 pondus
1350 735 1484 797 obtulit
1508 757 1614 797 unde,
1638 756 1722 791 iuxta
1744 757 1825 792 situs

1075 792 1348 852 designationem,
1371 785 1533 841 ecclesiam
1559 805 1687 841 notabili
1713 806 1823 852 forma,

1077 867 1137 889 non
1167 867 1261 901 parvo
1283 864 1409 902 sumptu
1432 865 1612 892 construere
1640 856 1753 903 coepit.

1124 908 1139 947 ξ
1168 907 1223 939 40.
1246 905 1425 953 Numquam
1454 919 1470 940 a
1493 905 1652 941 laboribus
1667 904 1822 947 cessabat,

1078 954 1135 988 sslSl
1158 966 1229 988 CUH]
1253 955 1383 989 Otallonl
1407 956 1584 1011 (llVlssl8qb18
1606 955 1723 990 rebus
1718 965 1824 990 lulen-

1076 1003 1179 1044 debat,
1198 1004 1263 1050 qui,
1291 1005 1347 1039 etsi
1372 1005 1486 1052 vigiliis
1522 1006 1709 1052 ieiuniisque
1731 1005 1823 1040 maxi-

1077 1053 1134 1086 mis
1157 1061 1241 1088 esset
1267 1055 1403 1099 attritus,
1403 1033 1546 1101 &lapides
1574 1064 1689 1099 t.,imen
1703 1055 1822 1090 calcem

1078 1111 1108 1137 et
1142 1102 1224 1148 ligna
1262 1103 1383 1150 aliaque
1410 1105 1445 1137 ad
1476 1104 1622 1139 fabricam
1648 1082 1822 1139 ne⁷cessaria

1077 1152 1213 1199 propriis
1240 1154 1334 1187 etiam
1363 1153 1502 1188 humeris
1524 1153 1646 1188 deferre
1673 1166 1734 1189 non
1767 1154 1826 1189 de·-

1077 1201 1207 1236 sinebat.

1125 1251 1144 1298 S
1166 1255 1220 1286 11.
1240 1252 1315 1287 Erat
1330 1252 1407 1287 adeo
1430 1252 1461 1286 in
1484 1252 1642 1300 loquendo
1668 1252 1828 1288 humanus

1076 1308 1169 1348 atque
1191 1301 1336 1342 affabilis,
1361 1310 1393 1336 ut
1408 1301 1515 1336 nullus
1538 1314 1676 1349 unquam
1700 1303 1737 1337 ad
1753 1315 1825 1338 eum

1076 1351 1259 1392 accesserit,
1283 1351 1350 1398 qni,
1378 1351 1538 1386 mellifluis
1560 1352 1627 1387 eius
1650 1352 1752 1387 verbis
1775 1354 1827 1387 de-

1076 1400 1207 1435 lectatus
1239 1409 1269 1435 et
1296 1401 1471 1435 incredibili
1508 1401 1641 1448 quadam
1671 1403 1826 1437 sermonis

1077 1450 1245 1485 dulcedine
1269 1459 1381 1498 captus
1409 1458 1438 1485 et
1465 1451 1554 1498 quasi
1581 1451 1686 1485 divino
1714 1452 1824 1499 spiritu

1077 1499 1226 1547 repletus,
1249 1501 1288 1535 ab
1306 1512 1342 1535 eo
1366 1512 1427 1535 non
1450 1501 1626 1535 recesserit.

1125 1553 1140 1592 ἕ
1161 1552 1216 1583 12.
1239 1549 1457 1584 Humilitatem
1481 1550 1560 1594 eius,
1583 1551 1676 1585 etiam
1694 1550 1825 1584 instituti

1078 1610 1132 1645 per
1153 1611 1225 1634 eum
1253 1599 1384 1634 Ordinis
1406 1607 1653 1645 cognomentum
1679 1600 1813 1635 ostendit

1076 1648 1173 1694 quod,
1197 1658 1229 1683 ut
1257 1649 1282 1682 is
1309 1649 1450 1684 omnium
1480 1650 1632 1684 minimus
1653 1661 1723 1685 esse
1740 1649 1827 1685 vole-

1077 1697 1139 1741 bat,
1168 1699 1207 1732 ita
1235 1698 1436 1733 Minimornm
1465 1699 1586 1733 censuit
1614 1707 1644 1733 et
1667 1700 1826 1741 instituit;

1076 1747 1217 1782 eiusdem
1241 1749 1332 1783 etiam
1349 1748 1480 1783 Ordinis
1502 1748 1662 1783 institutor
1683 1758 1713 1784 et
1729 1761 1828 1795 gene-

1076 1797 1148 1831 ralis
1176 1807 1334 1833 corrector
1353 1798 1503 1839 existens,
1527 1799 1669 1833 omnium
1698 1811 1731 1833 se
1754 1799 1827 1833 inti-

1075 1858 1163 1881 mum
1187 1848 1298 1894 (quoad
1317 1851 1444 1895 poterat)
1464 1847 1644 1892 exhibebat,
1660 1856 1690 1883 et
1704 1848 1740 1882 ad
1758 1861 1828 1883 om-

1077 1896 1123 1929 nia
1147 1897 1241 1931 etiam
1265 1899 1389 1932 servilia
1413 1909 1507 1944 opera
1522 1901 1567 1941 (ut
1588 1906 1618 1932 et
1641 1899 1753 1933 ceteris
1767 1898 1828 1932 hu-

1075 1946 1214 1981 militatis
1238 1947 1399 1993 praeberet
1419 1948 1611 1994 exemplum)
1635 1947 1828 1983 descendere

1075 2007 1136 2029 non
1160 1996 1405 2043 dedignabatnr3
1438 1997 1554 2044 quippe
1576 1997 1741 2045 discipulis
1764 1999 1829 2032 suis

1075 2045 1349 2082 discumbentibus
1374 2047 1583 2089 ministrabat,
1606 2060 1765 2095 saepeque
1780 2060 1828 2082 ec-

1075 2096 1198 2131 clesiam
1227 2105 1257 2131 et
1286 2097 1390 2132 altaria
1421 2097 1560 2132 verrebat
1587 2105 1617 2131 et
1645 2098 1829 2139 mundabat,

1074 2164 1109 2186 ac
1132 2161 1310 2200 paramenta
1326 2161 1355 2187 et
1368 2152 1426 2187 alia
1439 2152 1476 2187 ad
1486 2152 1626 2187 divinum
1641 2152 1759 2187 cultum
1776 2165 1826 2188 ne-

1074 2208 1207 2243 cessaria
1230 2207 1449 2255 componebat,
1470 2207 1668 2255 aliorumque
1685 2207 1828 2249 fratrum,

1074 2262 1167 2297 etiam
1192 2263 1393 2303 novitiorum,
1410 2262 1593 2296 indumenta
1609 2262 1745 2310 propriis
1761 2275 1828 2298 ma-

1075 2317 1167 2352 nibus
1181 2317 1338 2358 abluebat,
1353 2326 1465 2352 etcum
1480 2317 1602 2351 iuvenis
1616 2316 1720 2352 adbuc
1735 2326 1829 2362 esset,

1074 2371 1315 2419 Calabriamque
1344 2371 1520 2413 incoleret,
1544 2384 1739 2419 numquam,
1768 2372 1827 2407 nisi

1078 2427 1170 2461 nudis
1200 2427 1352 2474 pedibus,
1383 2426 1475 2461 etiam
1499 2439 1554 2473 per
1576 2426 1703 2473 glacies,
1727 2427 1824 2466 nives,

1078 2489 1200 2516 montes
1227 2489 1255 2516 et
1278 2489 1367 2516 acuta
1395 2493 1480 2526 saxa,
1508 2493 1619 2528 vepres
1657 2480 1828 2528 spinasque

1078 2536 1253 2580 incedebat,
1270 2536 1450 2583 nullamque
1467 2548 1502 2570 ex
1519 2547 1567 2575 eo,
1590 2535 1681 2569 etiam
1705 2536 1827 2582 gravis-

1077 2591 1156 2625 simo
1179 2603 1270 2637 saepe
1287 2590 1426 2637 pondere
1449 2602 1596 2638 pressus,
1611 2589 1779 2624 laesionem
1796 2590 1826 2625 in

1077 2646 1214 2693 pedibus
1241 2646 1425 2692 patiebatur.

1126 2705 1141 2743 ξ
1172 2702 1225 2734 15.
1248 2700 1356 2748 Ipsum
1376 2699 1501 2748 saepius
1528 2700 1633 2747 ignem
1657 2699 1752 2736 nudis
1772 2711 1827 2747 pe-

1836 303 1885 331 An.
1904 304 1933 331 C.
1953 304 2020 332 ¹5¹9

1850 919 1937 947 Semper
1950 920 2023 941 orabat.

1837 955 1872 972 aut.
1888 952 2009 977 laborabam

1855 1267 1949 1289 An'abili·
1966 1271 2025 1293 θηις

1841 1560 1940 1582 Ordinem
1966 1567 2025 1583 suum

1841 1592 1954 1619 appellavit
1967 1592 2025 1614 Mini-

1817 1628 1826 1645 7
1841 1629 1928 1649 moi-unu
