<?xml version="1.0" encoding="UTF-8"?>
<!DOCTYPE html PUBLIC "-//W3C//DTD XHTML 1.0 Transitional//EN"
    "http://www.w3.org/TR/xhtml1/DTD/xhtml1-transitional.dtd">
<html xmlns="http://www.w3.org/1999/xhtml" xml:lang="en" lang="en">
 <head>
  <title>
</title>
<meta http-equiv="Content-Type" content="text/html;charset=utf-8" />
  <meta name='ocr-system' content='tesseract 3.04.00' />
  <meta name='ocr-capabilities' content='ocr_page ocr_carea ocr_par ocr_line ocrx_word'/>
</head>
<body>
  <div class='ocr_page' id='page_1' title='image "./bullarumdiplomat05cath/bullarumdiplomat05cath_0363.png"; bbox 0 0 2281 3251; ppageno 0'>
   <div class='ocr_carea' id='block_1_1' title="bbox 121 270 303 297">
    <p class='ocr_par' dir='ltr' id='par_1_1' title="bbox 121 270 303 297">
     <span class='ocr_line' id='line_1_1' title="bbox 121 270 303 297; baseline -0.005 0"><span class='ocrx_word' id='word_1_1' title='bbox 121 272 169 297; x_wconf 74' lang='lat' dir='ltr'>An.</span> <span class='ocrx_word' id='word_1_2' title='bbox 189 272 218 297; x_wconf 76' lang='lat' dir='ltr'>C.</span> <span class='ocrx_word' id='word_1_3' title='bbox 236 270 303 296; x_wconf 70' lang='lat' dir='ltr'>lstOO</span> 
     </span>
    </p>
   </div>
   <div class='ocr_carea' id='block_1_2' title="bbox 900 264 1112 287">
    <p class='ocr_par' dir='ltr' id='par_1_2' title="bbox 900 264 1112 287">
     <span class='ocr_line' id='line_1_2' title="bbox 900 264 1112 287; baseline 0.005 -1"><span class='ocrx_word' id='word_1_4' title='bbox 900 264 1112 287; x_wconf 64' lang='lat' dir='ltr'>mxoCENTms</span> 
     </span>
    </p>
   </div>
   <div class='ocr_carea' id='block_1_3' title="bbox 1140 252 1808 286">
    <p class='ocr_par' dir='ltr' id='par_1_3' title="bbox 1140 252 1808 286">
     <span class='ocr_line' id='line_1_3' title="bbox 1140 252 1808 286; baseline -0.004 0"><span class='ocrx_word' id='word_1_5' title='bbox 1140 264 1198 286; x_wconf 70' lang='lat' dir='ltr'>viri</span> <span class='ocrx_word' id='word_1_6' title='bbox 1228 264 1275 286; x_wconf 80' lang='grc' dir='ltr'>ιϊ.</span> <span class='ocrx_word' id='word_1_7' title='bbox 1740 252 1808 283; x_wconf 70' lang='lat'>545</span> 
     </span>
    </p>
   </div>
   <div class='ocr_carea' id='block_1_4' title="bbox 316 316 1860 420">
    <p class='ocr_par' dir='ltr' id='par_1_4' title="bbox 316 316 1860 420">
     <span class='ocr_line' id='line_1_4' title="bbox 316 316 1860 368; baseline -0.006 -9"><span class='ocrx_word' id='word_1_8' title='bbox 316 337 400 368; x_wconf 88' lang='lat' dir='ltr'>sum,</span> <span class='ocrx_word' id='word_1_9' title='bbox 415 324 444 357; x_wconf 91' lang='lat' dir='ltr'>in</span> <span class='ocrx_word' id='word_1_10' title='bbox 461 335 554 357; x_wconf 84' lang='lat' dir='ltr'>suum</span> <span class='ocrx_word' id='word_1_11' title='bbox 568 321 686 367; x_wconf 82' lang='lat' dir='ltr'>possint</span> <span class='ocrx_word' id='word_1_12' title='bbox 703 321 817 366; x_wconf 74' lang='lat' dir='ltr'>eligere</span> <span class='ocrx_word' id='word_1_13' title='bbox 840 320 1066 358; x_wconf 72' lang='lat' dir='ltr'>‹20111&#39;essm-ein,</span> <span class='ocrx_word' id='word_1_14' title='bbox 1110 320 1134 353; x_wconf 91' lang='lat' dir='ltr'>si</span> <span class='ocrx_word' id='word_1_15' title='bbox 1159 319 1330 353; x_wconf 70' lang='lat' dir='ltr'>confratres</span> <span class='ocrx_word' id='word_1_16' title='bbox 1359 318 1506 364; x_wconf 73' lang='lat' dir='ltr'>praedicti</span> <span class='ocrx_word' id='word_1_17' title='bbox 1535 330 1550 350; x_wconf 89' lang='lat' dir='ltr'>a</span> <span class='ocrx_word' id='word_1_18' title='bbox 1574 316 1752 351; x_wconf 70' lang='lat' dir='ltr'>sinceritate</span> <span class='ocrx_word' id='word_1_19' title='bbox 1776 316 1860 353; x_wconf 77' lang='lat' dir='ltr'>fidei,</span> 
     </span>
     <span class='ocr_line' id='line_1_5' title="bbox 316 365 1859 420; baseline -0.006 -13"><span class='ocrx_word' id='word_1_20' title='bbox 316 374 382 420; x_wconf 89' lang='lat' dir='ltr'>qui,</span> <span class='ocrx_word' id='word_1_21' title='bbox 405 373 462 406; x_wconf 87' lang='lat' dir='ltr'>vita</span> <span class='ocrx_word' id='word_1_22' title='bbox 481 372 525 406; x_wconf 91' lang='lat' dir='ltr'>eis</span> <span class='ocrx_word' id='word_1_23' title='bbox 545 371 669 409; x_wconf 87' lang='lat' dir='ltr'>comite,</span> <span class='ocrx_word' id='word_1_24' title='bbox 691 370 720 403; x_wconf 96' lang='lat' dir='ltr'>in</span> <span class='ocrx_word' id='word_1_25' title='bbox 744 370 869 404; x_wconf 79' lang='lat' dir='ltr'>casibus</span> <span class='ocrx_word' id='word_1_26' title='bbox 891 369 965 403; x_wconf 75' lang='lat' dir='ltr'>Sodi</span> <span class='ocrx_word' id='word_1_27' title='bbox 986 369 1067 415; x_wconf 58' lang='lat' dir='ltr'>Apo&lt;</span> <span class='ocrx_word' id='word_1_28' title='bbox 1111 369 1227 402; x_wconf 85' lang='lat' dir='ltr'>unitate</span> <span class='ocrx_word' id='word_1_29' title='bbox 1250 368 1410 402; x_wconf 78' lang='lat' dir='ltr'>Romanae</span> <span class='ocrx_word' id='word_1_30' title='bbox 1428 366 1586 400; x_wconf 78' lang='lat' dir='ltr'>Ecclesiae</span> <span class='ocrx_word' id='word_1_31' title='bbox 1612 365 1802 412; x_wconf 71' lang='lat' dir='ltr'>praedictae,</span> <span class='ocrx_word' id='word_1_32' title='bbox 1824 378 1859 399; x_wconf 84' lang='lat' dir='ltr'>ac</span> 
     </span>
    </p>
   </div>
   <div class='ocr_carea' id='block_1_5' title="bbox 311 419 1067 2722">
    <p class='ocr_par' dir='ltr' id='par_1_5' title="bbox 311 419 1067 2722">
     <span class='ocr_line' id='line_1_6' title="bbox 315 419 1066 465; baseline -0.005 -9"><span class='ocrx_word' id='word_1_33' title='bbox 315 422 442 457; x_wconf 88' lang='lat' dir='ltr'>stolicae</span> <span class='ocrx_word' id='word_1_34' title='bbox 475 420 642 455; x_wconf 67' lang='lat' dir='ltr'>reservatis</span> <span class='ocrx_word' id='word_1_35' title='bbox 668 422 902 465; x_wconf 80' lang='lat' dir='ltr'>(praeterquam</span> <span class='ocrx_word' id='word_1_36' title='bbox 931 419 1066 453; x_wconf 81' lang='lat' dir='ltr'>oll&#39;ensae</span> 
     </span>
     <span class='ocr_line' id='line_1_7' title="bbox 315 468 1066 511; baseline -0.007 -6"><span class='ocrx_word' id='word_1_37' title='bbox 315 470 544 505; x_wconf 87' lang='lat' dir='ltr'>ecclesiastieae</span> <span class='ocrx_word' id='word_1_38' title='bbox 572 468 734 511; x_wconf 86' lang='lat' dir='ltr'>libertatis,</span> <span class='ocrx_word' id='word_1_39' title='bbox 763 468 931 502; x_wconf 86' lang='lat' dir='ltr'>criminum</span> <span class='ocrx_word' id='word_1_40' title='bbox 956 468 1066 501; x_wconf 75' lang='lat' dir='ltr'>baert·-</span> 
     </span>
     <span class='ocr_line' id='line_1_8' title="bbox 315 517 1066 563; baseline -0.005 -10"><span class='ocrx_word' id='word_1_41' title='bbox 315 521 369 563; x_wconf 81' lang='lat' dir='ltr'>sis,</span> <span class='ocrx_word' id='word_1_42' title='bbox 392 519 572 553; x_wconf 68' lang='lat' dir='ltr'>rebellionis</span> <span class='ocrx_word' id='word_1_43' title='bbox 594 526 647 552; x_wconf 87' lang='lat' dir='ltr'>aut</span> <span class='ocrx_word' id='word_1_44' title='bbox 675 517 918 563; x_wconf 69' lang='lat' dir='ltr'>conspirationis</span> <span class='ocrx_word' id='word_1_45' title='bbox 941 518 970 549; x_wconf 89' lang='lat' dir='ltr'>in</span> <span class='ocrx_word' id='word_1_46' title='bbox 997 529 1066 563; x_wconf 91' lang='lat' dir='ltr'>per-</span> 
     </span>
     <span class='ocr_line' id='line_1_9' title="bbox 315 565 1063 603; baseline -0.005 0"><span class='ocrx_word' id='word_1_47' title='bbox 315 581 423 603; x_wconf 91' lang='lat' dir='ltr'>sonam</span> <span class='ocrx_word' id='word_1_48' title='bbox 453 567 499 602; x_wconf 84' lang='lat' dir='ltr'>vel</span> <span class='ocrx_word' id='word_1_49' title='bbox 528 575 643 601; x_wconf 91' lang='lat' dir='ltr'>statum</span> <span class='ocrx_word' id='word_1_50' title='bbox 668 566 802 600; x_wconf 84' lang='lat' dir='ltr'>Romani</span> <span class='ocrx_word' id='word_1_51' title='bbox 826 565 989 600; x_wconf 82' lang='lat' dir='ltr'>Pontificis</span> <span class='ocrx_word' id='word_1_52' title='bbox 1010 579 1063 599; x_wconf 78' lang='lat' dir='ltr'>sen</span> 
     </span>
     <span class='ocr_line' id='line_1_10' title="bbox 314 615 1066 662; baseline -0.008 -10"><span class='ocrx_word' id='word_1_53' title='bbox 314 617 430 652; x_wconf 85' lang='lat' dir='ltr'>Sedem</span> <span class='ocrx_word' id='word_1_54' title='bbox 455 616 636 662; x_wconf 87' lang='lat' dir='ltr'>praefatam,</span> <span class='ocrx_word' id='word_1_55' title='bbox 657 615 796 649; x_wconf 81' lang='lat' dir='ltr'>falsitatis</span> <span class='ocrx_word' id='word_1_56' title='bbox 819 615 978 650; x_wconf 86' lang='lat' dir='ltr'>literarum</span> <span class='ocrx_word' id='word_1_57' title='bbox 996 628 1066 661; x_wconf 73' lang='lat' dir='ltr'>apo-</span> 
     </span>
     <span class='ocr_line' id='line_1_11' title="bbox 314 664 1067 711; baseline -0.007 -11"><span class='ocrx_word' id='word_1_58' title='bbox 314 667 508 709; x_wconf 89' lang='lat' dir='ltr'>stolicarum,</span> <span class='ocrx_word' id='word_1_59' title='bbox 530 665 794 711; x_wconf 68' lang='lat' dir='ltr'>supplicationum</span> <span class='ocrx_word' id='word_1_60' title='bbox 821 672 849 697; x_wconf 87' lang='lat' dir='ltr'>et</span> <span class='ocrx_word' id='word_1_61' title='bbox 872 664 1067 698; x_wconf 78' lang='lat' dir='ltr'>commissio-</span> 
     </span>
     <span class='ocr_line' id='line_1_12' title="bbox 316 713 1066 760; baseline -0.005 -11"><span class='ocrx_word' id='word_1_62' title='bbox 316 728 402 756; x_wconf 91' lang='lat' dir='ltr'>num,</span> <span class='ocrx_word' id='word_1_63' title='bbox 422 715 604 757; x_wconf 69' lang='lat' dir='ltr'>invasionis,</span> <span class='ocrx_word' id='word_1_64' title='bbox 623 713 878 760; x_wconf 77' lang='lat' dir='ltr'>depraedationis</span> <span class='ocrx_word' id='word_1_65' title='bbox 902 713 947 747; x_wconf 87' lang='lat' dir='ltr'>vel</span> <span class='ocrx_word' id='word_1_66' title='bbox 971 725 1066 747; x_wconf 87' lang='lat' dir='ltr'>oceu-</span> 
     </span>
     <span class='ocr_line' id='line_1_13' title="bbox 316 763 1065 812; baseline -0.005 -13"><span class='ocrx_word' id='word_1_67' title='bbox 316 765 450 812; x_wconf 88' lang='lat' dir='ltr'>pationis</span> <span class='ocrx_word' id='word_1_68' title='bbox 466 772 519 798; x_wconf 86' lang='lat' dir='ltr'>ant</span> <span class='ocrx_word' id='word_1_69' title='bbox 536 763 758 797; x_wconf 72' lang='lat' dir='ltr'>devastationis</span> <span class='ocrx_word' id='word_1_70' title='bbox 774 770 924 797; x_wconf 88' lang='lat' dir='ltr'>terrarum</span> <span class='ocrx_word' id='word_1_71' title='bbox 951 770 981 796; x_wconf 90' lang='lat' dir='ltr'>et</span> <span class='ocrx_word' id='word_1_72' title='bbox 997 774 1065 795; x_wconf 81' lang='lat' dir='ltr'>ma-</span> 
     </span>
     <span class='ocr_line' id='line_1_14' title="bbox 314 810 1065 849; baseline -0.005 -1"><span class='ocrx_word' id='word_1_73' title='bbox 314 815 356 849; x_wconf 91' lang='lat' dir='ltr'>ris</span> <span class='ocrx_word' id='word_1_74' title='bbox 377 813 539 848; x_wconf 76' lang='lat' dir='ltr'>Romanae</span> <span class='ocrx_word' id='word_1_75' title='bbox 566 812 727 847; x_wconf 78' lang='lat' dir='ltr'>Ecclesiae</span> <span class='ocrx_word' id='word_1_76' title='bbox 762 812 893 845; x_wconf 85' lang='lat' dir='ltr'>mediate</span> <span class='ocrx_word' id='word_1_77' title='bbox 923 810 968 845; x_wconf 91' lang='lat' dir='ltr'>vel</span> <span class='ocrx_word' id='word_1_78' title='bbox 1000 810 1065 844; x_wconf 88' lang='lat' dir='ltr'>im-</span> 
     </span>
     <span class='ocr_line' id='line_1_15' title="bbox 313 859 1065 906; baseline -0.008 -8"><span class='ocrx_word' id='word_1_79' title='bbox 313 863 448 898; x_wconf 85' lang='lat' dir='ltr'>mediate</span> <span class='ocrx_word' id='word_1_80' title='bbox 474 862 703 905; x_wconf 84' lang='lat' dir='ltr'>subiectorum,</span> <span class='ocrx_word' id='word_1_81' title='bbox 726 861 864 895; x_wconf 73' lang='lat' dir='ltr'>offensae</span> <span class='ocrx_word' id='word_1_82' title='bbox 893 859 1065 906; x_wconf 79' lang='lat' dir='ltr'>personalis</span> 
     </span>
     <span class='ocr_line' id='line_1_16' title="bbox 313 908 1065 959; baseline -0.005 -13"><span class='ocrx_word' id='word_1_83' title='bbox 313 914 343 946; x_wconf 91' lang='lat' dir='ltr'>in</span> <span class='ocrx_word' id='word_1_84' title='bbox 368 913 553 959; x_wconf 81' lang='lat' dir='ltr'>episcopum</span> <span class='ocrx_word' id='word_1_85' title='bbox 579 911 623 945; x_wconf 83' lang='lat' dir='ltr'>vel</span> <span class='ocrx_word' id='word_1_86' title='bbox 647 911 742 945; x_wconf 87' lang='lat' dir='ltr'>alium</span> <span class='ocrx_word' id='word_1_87' title='bbox 765 910 950 957; x_wconf 85' lang='lat' dir='ltr'>praelatum,</span> <span class='ocrx_word' id='word_1_88' title='bbox 968 908 1065 943; x_wconf 86' lang='lat' dir='ltr'>devo-</span> 
     </span>
     <span class='ocr_line' id='line_1_17' title="bbox 314 958 1064 997; baseline -0.008 -1"><span class='ocrx_word' id='word_1_89' title='bbox 314 962 441 996; x_wconf 90' lang='lat' dir='ltr'>lutionis</span> <span class='ocrx_word' id='word_1_90' title='bbox 464 973 629 996; x_wconf 81' lang='lat' dir='ltr'>causarum</span> <span class='ocrx_word' id='word_1_91' title='bbox 653 960 690 994; x_wconf 87' lang='lat' dir='ltr'>ad</span> <span class='ocrx_word' id='word_1_92' title='bbox 719 959 893 993; x_wconf 76' lang='lat' dir='ltr'>Romanam</span> <span class='ocrx_word' id='word_1_93' title='bbox 918 958 1064 997; x_wconf 88' lang='lat' dir='ltr'>Curiam,</span> 
     </span>
     <span class='ocr_line' id='line_1_18' title="bbox 312 1007 1065 1054; baseline -0.007 -9"><span class='ocrx_word' id='word_1_94' title='bbox 312 1011 478 1046; x_wconf 78' lang='lat' dir='ltr'>delationis</span> <span class='ocrx_word' id='word_1_95' title='bbox 509 1022 667 1044; x_wconf 87' lang='lat' dir='ltr'>armorum</span> <span class='ocrx_word' id='word_1_96' title='bbox 683 1019 713 1044; x_wconf 89' lang='lat' dir='ltr'>et</span> <span class='ocrx_word' id='word_1_97' title='bbox 728 1009 859 1042; x_wconf 87' lang='lat' dir='ltr'>aliorum</span> <span class='ocrx_word' id='word_1_98' title='bbox 890 1007 1065 1054; x_wconf 84' lang='lat' dir='ltr'>probibito-</span> 
     </span>
     <span class='ocr_line' id='line_1_19' title="bbox 313 1057 1065 1106; baseline -0.008 -11"><span class='ocrx_word' id='word_1_99' title='bbox 313 1073 381 1094; x_wconf 87' lang='lat' dir='ltr'>rum</span> <span class='ocrx_word' id='word_1_100' title='bbox 404 1060 442 1094; x_wconf 91' lang='lat' dir='ltr'>ad</span> <span class='ocrx_word' id='word_1_101' title='bbox 467 1068 570 1106; x_wconf 88' lang='lat' dir='ltr'>partes</span> <span class='ocrx_word' id='word_1_102' title='bbox 594 1059 794 1099; x_wconf 64' lang='lat' dir='ltr'>infideliuml,</span> <span class='ocrx_word' id='word_1_103' title='bbox 818 1057 914 1091; x_wconf 79' lang='lat' dir='ltr'>semel</span> <span class='ocrx_word' id='word_1_104' title='bbox 938 1057 1065 1090; x_wconf 88' lang='lat' dir='ltr'>dumta-</span> 
     </span>
     <span class='ocr_line' id='line_1_20' title="bbox 312 1106 1065 1153; baseline -0.005 -10"><span class='ocrx_word' id='word_1_105' title='bbox 312 1118 362 1143; x_wconf 83' lang='lat' dir='ltr'>xat</span> <span class='ocrx_word' id='word_1_106' title='bbox 399 1110 429 1143; x_wconf 91' lang='lat' dir='ltr'>in</span> <span class='ocrx_word' id='word_1_107' title='bbox 458 1110 537 1149; x_wconf 67' lang='lat' dir='ltr'>vita,</span> <span class='ocrx_word' id='word_1_108' title='bbox 566 1109 595 1142; x_wconf 89' lang='lat' dir='ltr'>in</span> <span class='ocrx_word' id='word_1_109' title='bbox 624 1108 695 1142; x_wconf 87' lang='lat' dir='ltr'>aliis</span> <span class='ocrx_word' id='word_1_110' title='bbox 722 1119 814 1150; x_wconf 78' lang='lat' dir='ltr'>vern,</span> <span class='ocrx_word' id='word_1_111' title='bbox 839 1106 963 1153; x_wconf 81' lang='lat' dir='ltr'>quoties</span> <span class='ocrx_word' id='word_1_112' title='bbox 985 1118 1065 1151; x_wconf 92' lang='lat' dir='ltr'>opus</span> 
     </span>
     <span class='ocr_line' id='line_1_21' title="bbox 313 1154 1066 1205; baseline -0.007 -13"><span class='ocrx_word' id='word_1_113' title='bbox 313 1158 407 1193; x_wconf 85' lang='lat' dir='ltr'>fuerit</span> <span class='ocrx_word' id='word_1_114' title='bbox 421 1166 648 1205; x_wconf 87' lang='lat' dir='ltr'>opportunum,</span> <span class='ocrx_word' id='word_1_115' title='bbox 671 1155 870 1191; x_wconf 55' lang='lat' dir='ltr'>confessione</span> <span class='ocrx_word' id='word_1_116' title='bbox 888 1167 996 1189; x_wconf 89' lang='lat' dir='ltr'>eorum</span> <span class='ocrx_word' id='word_1_117' title='bbox 1016 1154 1066 1187; x_wconf 88' lang='lat' dir='ltr'>di-</span> 
     </span>
     <span class='ocr_line' id='line_1_22' title="bbox 314 1203 1064 1253; baseline -0.007 -12"><span class='ocrx_word' id='word_1_118' title='bbox 314 1207 446 1253; x_wconf 83' lang='lat' dir='ltr'>ligeuter</span> <span class='ocrx_word' id='word_1_119' title='bbox 468 1207 586 1250; x_wconf 88' lang='lat' dir='ltr'>audita,</span> <span class='ocrx_word' id='word_1_120' title='bbox 610 1218 664 1253; x_wconf 92' lang='lat' dir='ltr'>pro</span> <span class='ocrx_word' id='word_1_121' title='bbox 687 1205 864 1240; x_wconf 81' lang='lat' dir='ltr'>commissis</span> <span class='ocrx_word' id='word_1_122' title='bbox 891 1205 937 1238; x_wconf 78' lang='lat' dir='ltr'>eis</span> <span class='ocrx_word' id='word_1_123' title='bbox 970 1203 1064 1237; x_wconf 84' lang='lat' dir='ltr'>debi-</span> 
     </span>
     <span class='ocr_line' id='line_1_23' title="bbox 313 1253 1065 1300; baseline -0.005 -10"><span class='ocrx_word' id='word_1_124' title='bbox 313 1265 373 1290; x_wconf 89' lang='lat' dir='ltr'>tam</span> <span class='ocrx_word' id='word_1_125' title='bbox 401 1256 631 1290; x_wconf 80' lang='lat' dir='ltr'>absolutionem</span> <span class='ocrx_word' id='word_1_126' title='bbox 668 1253 840 1300; x_wconf 90' lang='lat' dir='ltr'>impendat,</span> <span class='ocrx_word' id='word_1_127' title='bbox 865 1262 895 1287; x_wconf 87' lang='lat' dir='ltr'>et</span> <span class='ocrx_word' id='word_1_128' title='bbox 925 1253 1065 1298; x_wconf 78' lang='lat' dir='ltr'>iniungat</span> 
     </span>
     <span class='ocr_line' id='line_1_24' title="bbox 313 1303 1063 1352; baseline -0.007 -12"><span class='ocrx_word' id='word_1_129' title='bbox 313 1306 535 1352; x_wconf 86' lang='lat' dir='ltr'>poenitentiam</span> <span class='ocrx_word' id='word_1_130' title='bbox 549 1304 730 1340; x_wconf 89' lang='lat' dir='ltr'>salutarem.</span> <span class='ocrx_word' id='word_1_131' title='bbox 742 1303 870 1338; x_wconf 84' lang='lat' dir='ltr'>Necnon</span> <span class='ocrx_word' id='word_1_132' title='bbox 887 1311 954 1336; x_wconf 83' lang='lat' dir='ltr'>vota</span> <span class='ocrx_word' id='word_1_133' title='bbox 971 1314 1063 1348; x_wconf 87' lang='lat' dir='ltr'>quae-</span> 
     </span>
     <span class='ocr_line' id='line_1_25' title="bbox 312 1351 1064 1402; baseline -0.004 -14"><span class='ocrx_word' id='word_1_134' title='bbox 312 1367 448 1402; x_wconf 85' lang='lat' dir='ltr'>cumque</span> <span class='ocrx_word' id='word_1_135' title='bbox 476 1354 696 1397; x_wconf 87' lang='lat' dir='ltr'>(ultramarino</span> <span class='ocrx_word' id='word_1_136' title='bbox 721 1352 863 1387; x_wconf 87' lang='lat' dir='ltr'>liminum</span> <span class='ocrx_word' id='word_1_137' title='bbox 893 1351 1064 1398; x_wconf 81' lang='lat' dir='ltr'>Apostolo-</span> 
     </span>
     <span class='ocr_line' id='line_1_26' title="bbox 313 1401 1062 1449; baseline -0.005 -11"><span class='ocrx_word' id='word_1_138' title='bbox 313 1416 393 1442; x_wconf 88' lang='lat' dir='ltr'>rum,</span> <span class='ocrx_word' id='word_1_139' title='bbox 409 1413 439 1438; x_wconf 88' lang='lat' dir='ltr'>et</span> <span class='ocrx_word' id='word_1_140' title='bbox 461 1404 494 1439; x_wconf 87' lang='lat' dir='ltr'>S.</span> <span class='ocrx_word' id='word_1_141' title='bbox 518 1403 621 1437; x_wconf 79' lang='lat' dir='ltr'>Iacobi</span> <span class='ocrx_word' id='word_1_142' title='bbox 644 1404 673 1436; x_wconf 93' lang='lat' dir='ltr'>in</span> <span class='ocrx_word' id='word_1_143' title='bbox 697 1401 923 1449; x_wconf 86' lang='lat' dir='ltr'>Compostella,</span> <span class='ocrx_word' id='word_1_144' title='bbox 941 1413 1062 1435; x_wconf 86' lang='lat' dir='ltr'>necnon</span> 
     </span>
     <span class='ocr_line' id='line_1_27' title="bbox 312 1451 1064 1497; baseline -0.007 -9"><span class='ocrx_word' id='word_1_145' title='bbox 312 1453 463 1489; x_wconf 83' lang='lat' dir='ltr'>castitatis</span> <span class='ocrx_word' id='word_1_146' title='bbox 485 1461 516 1488; x_wconf 88' lang='lat' dir='ltr'>et</span> <span class='ocrx_word' id='word_1_147' title='bbox 536 1452 711 1497; x_wconf 76' lang='lat' dir='ltr'>Religionis</span> <span class='ocrx_word' id='word_1_148' title='bbox 728 1453 806 1485; x_wconf 86' lang='lat' dir='ltr'>votis</span> <span class='ocrx_word' id='word_1_149' title='bbox 829 1451 986 1484; x_wconf 83' lang='lat' dir='ltr'>dumtaxat</span> <span class='ocrx_word' id='word_1_150' title='bbox 1015 1462 1064 1484; x_wconf 82' lang='lat' dir='ltr'>ex-</span> 
     </span>
     <span class='ocr_line' id='line_1_28' title="bbox 312 1501 1063 1549; baseline -0.007 -12"><span class='ocrx_word' id='word_1_151' title='bbox 312 1503 434 1549; x_wconf 86' lang='lat' dir='ltr'>ceptis)</span> <span class='ocrx_word' id='word_1_152' title='bbox 458 1503 486 1536; x_wconf 93' lang='lat' dir='ltr'>in</span> <span class='ocrx_word' id='word_1_153' title='bbox 512 1502 570 1536; x_wconf 84' lang='lat' dir='ltr'>alia</span> <span class='ocrx_word' id='word_1_154' title='bbox 595 1501 718 1548; x_wconf 81' lang='lat' dir='ltr'>pietatis</span> <span class='ocrx_word' id='word_1_155' title='bbox 746 1513 840 1547; x_wconf 88' lang='lat' dir='ltr'>opera</span> <span class='ocrx_word' id='word_1_156' title='bbox 869 1507 1063 1534; x_wconf 85' lang='lat' dir='ltr'>commutare</span> 
     </span>
     <span class='ocr_line' id='line_1_29' title="bbox 313 1548 1064 1598; baseline -0.004 -13"><span class='ocrx_word' id='word_1_157' title='bbox 313 1553 421 1587; x_wconf 84' lang='lat' dir='ltr'>valeat.</span> <span class='ocrx_word' id='word_1_158' title='bbox 445 1551 602 1598; x_wconf 84' lang='lat' dir='ltr'>Quodque</span> <span class='ocrx_word' id='word_1_159' title='bbox 613 1550 788 1593; x_wconf 85' lang='lat' dir='ltr'>confessor,</span> <span class='ocrx_word' id='word_1_160' title='bbox 806 1562 898 1596; x_wconf 89' lang='lat' dir='ltr'>quem</span> <span class='ocrx_word' id='word_1_161' title='bbox 916 1548 1064 1583; x_wconf 85' lang='lat' dir='ltr'>duxerint</span> 
     </span>
     <span class='ocr_line' id='line_1_30' title="bbox 312 1598 1063 1647; baseline -0.007 -12"><span class='ocrx_word' id='word_1_162' title='bbox 312 1601 509 1647; x_wconf 76' lang='lat' dir='ltr'>eligendum,</span> <span class='ocrx_word' id='word_1_163' title='bbox 537 1601 678 1635; x_wconf 89' lang='lat' dir='ltr'>omnium</span> <span class='ocrx_word' id='word_1_164' title='bbox 709 1608 921 1646; x_wconf 83' lang='lat' dir='ltr'>peccatorum,</span> <span class='ocrx_word' id='word_1_165' title='bbox 939 1598 977 1631; x_wconf 89' lang='lat' dir='ltr'>de</span> <span class='ocrx_word' id='word_1_166' title='bbox 999 1598 1063 1644; x_wconf 77' lang='lat' dir='ltr'>qui·</span> 
     </span>
     <span class='ocr_line' id='line_1_31' title="bbox 313 1648 1063 1686; baseline -0.005 -1"><span class='ocrx_word' id='word_1_167' title='bbox 313 1651 372 1685; x_wconf 84' lang='lat' dir='ltr'>bus</span> <span class='ocrx_word' id='word_1_168' title='bbox 394 1650 489 1685; x_wconf 89' lang='lat' dir='ltr'>corde</span> <span class='ocrx_word' id='word_1_169' title='bbox 511 1650 636 1685; x_wconf 81' lang='lat' dir='ltr'>contriti</span> <span class='ocrx_word' id='word_1_170' title='bbox 656 1658 687 1683; x_wconf 86' lang='lat' dir='ltr'>et</span> <span class='ocrx_word' id='word_1_171' title='bbox 706 1661 758 1683; x_wconf 86' lang='lat' dir='ltr'>ore</span> <span class='ocrx_word' id='word_1_172' title='bbox 781 1648 917 1683; x_wconf 75' lang='lat' dir='ltr'>confessi</span> <span class='ocrx_word' id='word_1_173' title='bbox 936 1648 1063 1686; x_wconf 76' lang='lat' dir='ltr'>fuerint,</span> 
     </span>
     <span class='ocr_line' id='line_1_32' title="bbox 311 1697 1065 1743; baseline -0.004 -10"><span class='ocrx_word' id='word_1_174' title='bbox 311 1700 409 1735; x_wconf 87' lang='lat' dir='ltr'>semel</span> <span class='ocrx_word' id='word_1_175' title='bbox 434 1701 462 1733; x_wconf 94' lang='lat' dir='ltr'>in</span> <span class='ocrx_word' id='word_1_176' title='bbox 491 1700 551 1733; x_wconf 87' lang='lat' dir='ltr'>vita</span> <span class='ocrx_word' id='word_1_177' title='bbox 576 1707 606 1733; x_wconf 85' lang='lat' dir='ltr'>et</span> <span class='ocrx_word' id='word_1_178' title='bbox 628 1699 659 1733; x_wconf 92' lang='lat' dir='ltr'>iu</span> <span class='ocrx_word' id='word_1_179' title='bbox 688 1698 797 1732; x_wconf 90' lang='lat' dir='ltr'>mortis</span> <span class='ocrx_word' id='word_1_180' title='bbox 825 1697 970 1741; x_wconf 84' lang='lat' dir='ltr'>articulo,</span> <span class='ocrx_word' id='word_1_181' title='bbox 995 1697 1065 1743; x_wconf 90' lang='lat' dir='ltr'>ple-</span> 
     </span>
     <span class='ocr_line' id='line_1_33' title="bbox 311 1745 1063 1785; baseline -0.005 -2"><span class='ocrx_word' id='word_1_182' title='bbox 311 1761 382 1783; x_wconf 87' lang='lat' dir='ltr'>nam</span> <span class='ocrx_word' id='word_1_183' title='bbox 406 1749 623 1783; x_wconf 82' lang='lat' dir='ltr'>remissionem</span> <span class='ocrx_word' id='word_1_184' title='bbox 647 1748 692 1782; x_wconf 89' lang='lat' dir='ltr'>eis</span> <span class='ocrx_word' id='word_1_185' title='bbox 721 1747 750 1781; x_wconf 86' lang='lat' dir='ltr'>in</span> <span class='ocrx_word' id='word_1_186' title='bbox 773 1746 952 1781; x_wconf 85' lang='lat' dir='ltr'>sinceritate</span> <span class='ocrx_word' id='word_1_187' title='bbox 976 1745 1063 1785; x_wconf 84' lang='lat' dir='ltr'>fidei,</span> 
     </span>
     <span class='ocr_line' id='line_1_34' title="bbox 313 1796 1065 1839; baseline -0.004 -7"><span class='ocrx_word' id='word_1_188' title='bbox 313 1798 431 1833; x_wconf 87' lang='lat' dir='ltr'>unitate</span> <span class='ocrx_word' id='word_1_189' title='bbox 467 1807 592 1832; x_wconf 88' lang='lat' dir='ltr'>sanctae</span> <span class='ocrx_word' id='word_1_190' title='bbox 620 1797 781 1831; x_wconf 85' lang='lat' dir='ltr'>Romanae</span> <span class='ocrx_word' id='word_1_191' title='bbox 807 1796 992 1839; x_wconf 76' lang='lat' dir='ltr'>Ecclesiae,</span> <span class='ocrx_word' id='word_1_192' title='bbox 1030 1808 1065 1829; x_wconf 89' lang='lat' dir='ltr'>ac</span> 
     </span>
     <span class='ocr_line' id='line_1_35' title="bbox 312 1845 1065 1882; baseline -0.005 0"><span class='ocrx_word' id='word_1_193' title='bbox 312 1847 488 1882; x_wconf 87' lang='lat' dir='ltr'>obedientia</span> <span class='ocrx_word' id='word_1_194' title='bbox 511 1855 541 1881; x_wconf 86' lang='lat' dir='ltr'>et</span> <span class='ocrx_word' id='word_1_195' title='bbox 557 1847 724 1881; x_wconf 87' lang='lat' dir='ltr'>devotione</span> <span class='ocrx_word' id='word_1_196' title='bbox 747 1853 851 1880; x_wconf 89' lang='lat' dir='ltr'>nostra</span> <span class='ocrx_word' id='word_1_197' title='bbox 869 1845 915 1879; x_wconf 89' lang='lat' dir='ltr'>vel</span> <span class='ocrx_word' id='word_1_198' title='bbox 934 1857 1065 1879; x_wconf 89' lang='lat' dir='ltr'>succes-</span> 
     </span>
     <span class='ocr_line' id='line_1_36' title="bbox 311 1894 1062 1932; baseline -0.005 0"><span class='ocrx_word' id='word_1_199' title='bbox 311 1909 418 1932; x_wconf 87' lang='lat' dir='ltr'>sorum</span> <span class='ocrx_word' id='word_1_200' title='bbox 434 1904 613 1931; x_wconf 82' lang='lat' dir='ltr'>nostrorun]</span> <span class='ocrx_word' id='word_1_201' title='bbox 633 1896 852 1930; x_wconf 87' lang='lat' dir='ltr'>Romanorum</span> <span class='ocrx_word' id='word_1_202' title='bbox 873 1894 1062 1929; x_wconf 77' lang='lat' dir='ltr'>Pontificum</span> 
     </span>
     <span class='ocr_line' id='line_1_37' title="bbox 312 1943 1065 1991; baseline -0.004 -10"><span class='ocrx_word' id='word_1_203' title='bbox 312 1947 462 1981; x_wconf 88' lang='lat' dir='ltr'>canonice</span> <span class='ocrx_word' id='word_1_204' title='bbox 480 1945 663 1980; x_wconf 88' lang='lat' dir='ltr'>intrantium</span> <span class='ocrx_word' id='word_1_205' title='bbox 685 1943 937 1991; x_wconf 88' lang='lat' dir='ltr'>persistentibus,</span> <span class='ocrx_word' id='word_1_206' title='bbox 960 1953 1065 1978; x_wconf 88' lang='lat' dir='ltr'>aucto-</span> 
     </span>
     <span class='ocr_line' id='line_1_38' title="bbox 312 1993 1063 2041; baseline -0.007 -11"><span class='ocrx_word' id='word_1_207' title='bbox 312 1996 401 2030; x_wconf 86' lang='lat' dir='ltr'>ritate</span> <span class='ocrx_word' id='word_1_208' title='bbox 427 1995 598 2041; x_wconf 86' lang='lat' dir='ltr'>apostolica</span> <span class='ocrx_word' id='word_1_209' title='bbox 626 1994 800 2029; x_wconf 88' lang='lat' dir='ltr'>concedere</span> <span class='ocrx_word' id='word_1_210' title='bbox 824 1994 934 2037; x_wconf 86' lang='lat' dir='ltr'>valeat,</span> <span class='ocrx_word' id='word_1_211' title='bbox 954 1993 1063 2028; x_wconf 87' lang='lat' dir='ltr'>eadem</span> 
     </span>
     <span class='ocr_line' id='line_1_39' title="bbox 312 2043 1063 2090; baseline -0.008 -9"><span class='ocrx_word' id='word_1_212' title='bbox 312 2044 497 2080; x_wconf 89' lang='lat' dir='ltr'>auctoritate</span> <span class='ocrx_word' id='word_1_213' title='bbox 518 2044 703 2090; x_wconf 86' lang='lat' dir='ltr'>apostolica,</span> <span class='ocrx_word' id='word_1_214' title='bbox 728 2051 835 2078; x_wconf 88' lang='lat' dir='ltr'>tenore</span> <span class='ocrx_word' id='word_1_215' title='bbox 852 2043 1063 2090; x_wconf 87' lang='lat' dir='ltr'>praesentium</span> 
     </span>
     <span class='ocr_line' id='line_1_40' title="bbox 313 2095 1064 2144; baseline -0.005 -11"><span class='ocrx_word' id='word_1_216' title='bbox 313 2099 515 2133; x_wconf 88' lang='lat' dir='ltr'>concedimus</span> <span class='ocrx_word' id='word_1_217' title='bbox 538 2097 652 2144; x_wconf 90' lang='lat' dir='ltr'>pariter</span> <span class='ocrx_word' id='word_1_218' title='bbox 679 2106 708 2130; x_wconf 89' lang='lat' dir='ltr'>et</span> <span class='ocrx_word' id='word_1_219' title='bbox 724 2097 936 2142; x_wconf 82' lang='lat' dir='ltr'>indulgemus.</span> <span class='ocrx_word' id='word_1_220' title='bbox 954 2095 1007 2130; x_wconf 89' lang='lat' dir='ltr'>Sic</span> <span class='ocrx_word' id='word_1_221' title='bbox 1027 2104 1064 2129; x_wconf 90' lang='lat' dir='ltr'>ta-</span> 
     </span>
     <span class='ocr_line' id='line_1_41' title="bbox 313 2149 1065 2198; baseline -0.005 -12"><span class='ocrx_word' id='word_1_222' title='bbox 313 2164 397 2192; x_wconf 90' lang='lat' dir='ltr'>men,</span> <span class='ocrx_word' id='word_1_223' title='bbox 421 2151 506 2198; x_wconf 91' lang='lat' dir='ltr'>quod</span> <span class='ocrx_word' id='word_1_224' title='bbox 530 2151 612 2185; x_wconf 88' lang='lat' dir='ltr'>idem</span> <span class='ocrx_word' id='word_1_225' title='bbox 629 2150 791 2184; x_wconf 87' lang='lat' dir='ltr'>confessor</span> <span class='ocrx_word' id='word_1_226' title='bbox 806 2149 845 2184; x_wconf 90' lang='lat' dir='ltr'>de</span> <span class='ocrx_word' id='word_1_227' title='bbox 860 2149 920 2193; x_wconf 86' lang='lat' dir='ltr'>liis,</span> <span class='ocrx_word' id='word_1_228' title='bbox 937 2149 975 2183; x_wconf 89' lang='lat' dir='ltr'>de</span> <span class='ocrx_word' id='word_1_229' title='bbox 994 2149 1065 2196; x_wconf 92' lang='lat' dir='ltr'>qui-</span> 
     </span>
     <span class='ocr_line' id='line_1_42' title="bbox 314 2203 1065 2250; baseline -0.005 -10"><span class='ocrx_word' id='word_1_230' title='bbox 314 2207 373 2240; x_wconf 91' lang='lat' dir='ltr'>bus</span> <span class='ocrx_word' id='word_1_231' title='bbox 405 2205 496 2240; x_wconf 83' lang='lat' dir='ltr'>fuerit</span> <span class='ocrx_word' id='word_1_232' title='bbox 524 2204 612 2239; x_wconf 91' lang='lat' dir='ltr'>alteri</span> <span class='ocrx_word' id='word_1_233' title='bbox 640 2203 809 2238; x_wconf 76' lang='lat' dir='ltr'>satisfactio</span> <span class='ocrx_word' id='word_1_234' title='bbox 833 2203 1065 2250; x_wconf 85' lang='lat' dir='ltr'>impendenda,</span> 
     </span>
     <span class='ocr_line' id='line_1_43' title="bbox 315 2257 1063 2303; baseline -0.007 -9"><span class='ocrx_word' id='word_1_235' title='bbox 315 2260 398 2295; x_wconf 84' lang='lat' dir='ltr'>illam</span> <span class='ocrx_word' id='word_1_236' title='bbox 421 2259 540 2294; x_wconf 91' lang='lat' dir='ltr'>eisdem</span> <span class='ocrx_word' id='word_1_237' title='bbox 564 2257 773 2292; x_wconf 86' lang='lat' dir='ltr'>confratribus</span> <span class='ocrx_word' id='word_1_238' title='bbox 790 2269 844 2303; x_wconf 91' lang='lat' dir='ltr'>per</span> <span class='ocrx_word' id='word_1_239' title='bbox 862 2269 895 2291; x_wconf 90' lang='lat' dir='ltr'>se</span> <span class='ocrx_word' id='word_1_240' title='bbox 919 2259 1015 2303; x_wconf 82' lang='lat' dir='ltr'>ipSOS,</span> <span class='ocrx_word' id='word_1_241' title='bbox 1038 2258 1063 2291; x_wconf 90' lang='lat' dir='ltr'>si</span> 
     </span>
     <span class='ocr_line' id='line_1_44' title="bbox 315 2310 1066 2361; baseline -0.007 -12"><span class='ocrx_word' id='word_1_242' title='bbox 315 2313 557 2361; x_wconf 76' lang='lat' dir='ltr'>supervixerint,</span> <span class='ocrx_word' id='word_1_243' title='bbox 574 2312 619 2346; x_wconf 88' lang='lat' dir='ltr'>vel</span> <span class='ocrx_word' id='word_1_244' title='bbox 644 2324 698 2358; x_wconf 79' lang='lat' dir='ltr'>per</span> <span class='ocrx_word' id='word_1_245' title='bbox 716 2311 806 2354; x_wconf 88' lang='lat' dir='ltr'>alios,</span> <span class='ocrx_word' id='word_1_246' title='bbox 828 2310 852 2344; x_wconf 87' lang='lat' dir='ltr'>si</span> <span class='ocrx_word' id='word_1_247' title='bbox 869 2311 971 2345; x_wconf 81' lang='lat' dir='ltr'>forsan</span> <span class='ocrx_word' id='word_1_248' title='bbox 991 2318 1066 2345; x_wconf 88' lang='lat' dir='ltr'>tuuc</span> 
     </span>
     <span class='ocr_line' id='line_1_45' title="bbox 316 2365 1064 2411; baseline -0.004 -9"><span class='ocrx_word' id='word_1_249' title='bbox 316 2367 508 2407; x_wconf 70' lang='lat' dir='ltr'>transierint,</span> <span class='ocrx_word' id='word_1_250' title='bbox 523 2366 697 2401; x_wconf 88' lang='lat' dir='ltr'>faciendam</span> <span class='ocrx_word' id='word_1_251' title='bbox 719 2365 873 2410; x_wconf 80' lang='lat' dir='ltr'>iniungat,</span> <span class='ocrx_word' id='word_1_252' title='bbox 895 2377 989 2411; x_wconf 88' lang='lat' dir='ltr'>quam</span> <span class='ocrx_word' id='word_1_253' title='bbox 1007 2365 1064 2411; x_wconf 85' lang='lat' dir='ltr'>ipsi</span> 
     </span>
     <span class='ocr_line' id='line_1_46' title="bbox 316 2412 1066 2461; baseline -0.005 -6"><span class='ocrx_word' id='word_1_254' title='bbox 316 2421 489 2456; x_wconf 84' lang='lat' dir='ltr'>confratres</span> <span class='ocrx_word' id='word_1_255' title='bbox 521 2420 567 2454; x_wconf 88' lang='lat' dir='ltr'>vel</span> <span class='ocrx_word' id='word_1_256' title='bbox 601 2419 651 2453; x_wconf 84' lang='lat' dir='ltr'>alii</span> <span class='ocrx_word' id='word_1_257' title='bbox 688 2419 789 2453; x_wconf 84' lang='lat' dir='ltr'>faeere</span> <span class='ocrx_word' id='word_1_258' title='bbox 817 2412 1007 2461; x_wconf 75' lang='lat' dir='ltr'>teneantur,</span> <span class='ocrx_word' id='word_1_259' title='bbox 1035 2426 1066 2451; x_wconf 92' lang='lat' dir='ltr'>ut</span> 
     </span>
     <span class='ocr_line' id='line_1_47' title="bbox 318 2471 1066 2522; baseline -0.007 -13"><span class='ocrx_word' id='word_1_260' title='bbox 318 2474 500 2522; x_wconf 86' lang='lat' dir='ltr'>praefertur.</span> <span class='ocrx_word' id='word_1_261' title='bbox 524 2473 562 2508; x_wconf 89' lang='lat' dir='ltr'>Et</span> <span class='ocrx_word' id='word_1_262' title='bbox 579 2486 629 2518; x_wconf 88' lang='lat' dir='ltr'>ue,</span> <span class='ocrx_word' id='word_1_263' title='bbox 646 2472 729 2519; x_wconf 87' lang='lat' dir='ltr'>quod</span> <span class='ocrx_word' id='word_1_264' title='bbox 753 2471 844 2515; x_wconf 85' lang='lat' dir='ltr'>absit,</span> <span class='ocrx_word' id='word_1_265' title='bbox 869 2479 995 2518; x_wconf 88' lang='lat' dir='ltr'>propter</span> <span class='ocrx_word' id='word_1_266' title='bbox 1013 2471 1066 2505; x_wconf 85' lang='lat' dir='ltr'>liu-</span> 
     </span>
     <span class='ocr_line' id='line_1_48' title="bbox 318 2525 1067 2574; baseline -0.007 -11"><span class='ocrx_word' id='word_1_267' title='bbox 318 2528 454 2564; x_wconf 89' lang='lat' dir='ltr'>iusmodi</span> <span class='ocrx_word' id='word_1_268' title='bbox 471 2528 603 2574; x_wconf 79' lang='lat' dir='ltr'>gratiam</span> <span class='ocrx_word' id='word_1_269' title='bbox 618 2527 664 2561; x_wconf 86' lang='lat' dir='ltr'>vel</span> <span class='ocrx_word' id='word_1_270' title='bbox 680 2526 904 2561; x_wconf 84' lang='lat' dir='ltr'>concessiones</span> <span class='ocrx_word' id='word_1_271' title='bbox 919 2525 974 2570; x_wconf 91' lang='lat' dir='ltr'>ipsi</span> <span class='ocrx_word' id='word_1_272' title='bbox 991 2537 1067 2559; x_wconf 90' lang='lat' dir='ltr'>con-</span> 
     </span>
     <span class='ocr_line' id='line_1_49' title="bbox 317 2578 1066 2627; baseline -0.005 -10"><span class='ocrx_word' id='word_1_273' title='bbox 317 2583 426 2617; x_wconf 87' lang='lat' dir='ltr'>fratres</span> <span class='ocrx_word' id='word_1_274' title='bbox 455 2581 624 2616; x_wconf 87' lang='lat' dir='ltr'>reddautur</span> <span class='ocrx_word' id='word_1_275' title='bbox 660 2579 863 2627; x_wconf 82' lang='lat' dir='ltr'>procliviores</span> <span class='ocrx_word' id='word_1_276' title='bbox 897 2580 933 2612; x_wconf 82' lang='lat' dir='ltr'>ad</span> <span class='ocrx_word' id='word_1_277' title='bbox 963 2578 1066 2613; x_wconf 89' lang='lat' dir='ltr'>illicita</span> 
     </span>
     <span class='ocr_line' id='line_1_50' title="bbox 319 2632 1067 2682; baseline -0.004 -12"><span class='ocrx_word' id='word_1_278' title='bbox 319 2638 523 2682; x_wconf 88' lang='lat' dir='ltr'>imposterum</span> <span class='ocrx_word' id='word_1_279' title='bbox 547 2634 785 2678; x_wconf 81' lang='lat' dir='ltr'>committenda,</span> <span class='ocrx_word' id='word_1_280' title='bbox 805 2633 951 2668; x_wconf 83' lang='lat' dir='ltr'>volumus</span> <span class='ocrx_word' id='word_1_281' title='bbox 969 2632 1067 2680; x_wconf 82' lang='lat' dir='ltr'>quod,</span> 
     </span>
     <span class='ocr_line' id='line_1_51' title="bbox 397 2690 949 2722; baseline -0.005 0"><span class='ocrx_word' id='word_1_282' title='bbox 397 2692 470 2722; x_wconf 70' lang='lat' dir='ltr'>Ball.</span> <span class='ocrx_word' id='word_1_283' title='bbox 491 2691 566 2721; x_wconf 71' lang='lat' dir='ltr'>[lom.</span> <span class='ocrx_word' id='word_1_284' title='bbox 588 2692 640 2721; x_wconf 59' lang='lat' dir='ltr'>tvl.</span> <span class='ocrx_word' id='word_1_285' title='bbox 665 2691 691 2720; x_wconf 77' lang='lat' dir='ltr'>l&#39;.</span> <span class='ocrx_word' id='word_1_286' title='bbox 912 2690 949 2720; x_wconf 64' lang='grc' dir='ltr'>»Η</span> 
     </span>
    </p>
   </div>
   <div class='ocr_carea' id='block_1_6' title="bbox 1106 414 1861 2681">
    <p class='ocr_par' dir='ltr' id='par_1_6' title="bbox 1108 414 1861 854">
     <span class='ocr_line' id='line_1_52' title="bbox 1109 414 1861 452; baseline -0.004 -1"><span class='ocrx_word' id='word_1_287' title='bbox 1109 418 1283 452; x_wconf 73' lang='lat' dir='ltr'>obedientia</span> <span class='ocrx_word' id='word_1_288' title='bbox 1318 426 1347 450; x_wconf 78' lang='lat' dir='ltr'>et</span> <span class='ocrx_word' id='word_1_289' title='bbox 1380 416 1543 449; x_wconf 73' lang='lat' dir='ltr'>devotione</span> <span class='ocrx_word' id='word_1_290' title='bbox 1579 423 1680 448; x_wconf 89' lang='lat' dir='ltr'>nostra</span> <span class='ocrx_word' id='word_1_291' title='bbox 1710 414 1755 449; x_wconf 77' lang='lat' dir='ltr'>vel</span> <span class='ocrx_word' id='word_1_292' title='bbox 1784 426 1861 448; x_wconf 84' lang='lat' dir='ltr'>suc-</span> 
     </span>
     <span class='ocr_line' id='line_1_53' title="bbox 1108 462 1859 501; baseline -0.005 -1"><span class='ocrx_word' id='word_1_293' title='bbox 1108 479 1269 501; x_wconf 69' lang='lat' dir='ltr'>cessorum</span> <span class='ocrx_word' id='word_1_294' title='bbox 1293 473 1472 500; x_wconf 85' lang='lat' dir='ltr'>nostrornm</span> <span class='ocrx_word' id='word_1_295' title='bbox 1508 464 1723 498; x_wconf 77' lang='lat' dir='ltr'>Romanorum</span> <span class='ocrx_word' id='word_1_296' title='bbox 1748 462 1859 497; x_wconf 84' lang='lat' dir='ltr'>Ponti-</span> 
     </span>
     <span class='ocr_line' id='line_1_54' title="bbox 1110 512 1859 555; baseline -0.007 -5"><span class='ocrx_word' id='word_1_297' title='bbox 1110 517 1202 550; x_wconf 81' lang='lat' dir='ltr'>ficum</span> <span class='ocrx_word' id='word_1_298' title='bbox 1219 516 1369 549; x_wconf 85' lang='lat' dir='ltr'>canonice</span> <span class='ocrx_word' id='word_1_299' title='bbox 1392 514 1576 548; x_wconf 89' lang='lat' dir='ltr'>intrantium</span> <span class='ocrx_word' id='word_1_300' title='bbox 1591 512 1778 553; x_wconf 81' lang='lat' dir='ltr'>destiterint,</span> <span class='ocrx_word' id='word_1_301' title='bbox 1794 521 1859 555; x_wconf 87' lang='lat' dir='ltr'>aut,</span> 
     </span>
     <span class='ocr_line' id='line_1_55' title="bbox 1108 562 1858 599; baseline -0.005 -1"><span class='ocrx_word' id='word_1_302' title='bbox 1108 578 1144 598; x_wconf 75' lang='lat' dir='ltr'>cx</span> <span class='ocrx_word' id='word_1_303' title='bbox 1177 564 1366 599; x_wconf 71' lang='lat' dir='ltr'>confidentia</span> <span class='ocrx_word' id='word_1_304' title='bbox 1394 563 1535 598; x_wconf 89' lang='lat' dir='ltr'>eiusdem</span> <span class='ocrx_word' id='word_1_305' title='bbox 1565 562 1779 596; x_wconf 79' lang='lat' dir='ltr'>concessionis</span> <span class='ocrx_word' id='word_1_306' title='bbox 1812 562 1858 595; x_wconf 79' lang='lat' dir='ltr'>vel</span> 
     </span>
     <span class='ocr_line' id='line_1_56' title="bbox 1110 610 1858 659; baseline -0.004 -12"><span class='ocrx_word' id='word_1_307' title='bbox 1110 613 1314 657; x_wconf 82' lang='lat' dir='ltr'>remissionis,</span> <span class='ocrx_word' id='word_1_308' title='bbox 1346 612 1448 659; x_wconf 83' lang='lat' dir='ltr'>aliqua</span> <span class='ocrx_word' id='word_1_309' title='bbox 1479 612 1578 646; x_wconf 89' lang='lat' dir='ltr'>forsan</span> <span class='ocrx_word' id='word_1_310' title='bbox 1619 610 1858 654; x_wconf 85' lang='lat' dir='ltr'>commiserint,</span> 
     </span>
     <span class='ocr_line' id='line_1_57' title="bbox 1108 659 1859 705; baseline -0.005 -9"><span class='ocrx_word' id='word_1_311' title='bbox 1108 663 1271 697; x_wconf 74' lang='lat' dir='ltr'>concessio</span> <span class='ocrx_word' id='word_1_312' title='bbox 1311 671 1340 696; x_wconf 86' lang='lat' dir='ltr'>et</span> <span class='ocrx_word' id='word_1_313' title='bbox 1369 662 1513 696; x_wconf 80' lang='lat' dir='ltr'>remissio</span> <span class='ocrx_word' id='word_1_314' title='bbox 1540 674 1575 695; x_wconf 90' lang='lat' dir='ltr'>ac</span> <span class='ocrx_word' id='word_1_315' title='bbox 1605 668 1785 705; x_wconf 83' lang='lat' dir='ltr'>praesentes</span> <span class='ocrx_word' id='word_1_316' title='bbox 1813 659 1859 692; x_wconf 90' lang='lat' dir='ltr'>li-</span> 
     </span>
     <span class='ocr_line' id='line_1_58' title="bbox 1110 709 1859 756; baseline -0.004 -11"><span class='ocrx_word' id='word_1_317' title='bbox 1110 722 1192 745; x_wconf 74' lang='lat' dir='ltr'>terae</span> <span class='ocrx_word' id='word_1_318' title='bbox 1228 711 1433 751; x_wconf 82' lang='lat' dir='ltr'>huiusmodi,</span> <span class='ocrx_word' id='word_1_319' title='bbox 1461 710 1563 756; x_wconf 87' lang='lat' dir='ltr'>quoad</span> <span class='ocrx_word' id='word_1_320' title='bbox 1593 709 1771 743; x_wconf 86' lang='lat' dir='ltr'>facultatem</span> <span class='ocrx_word' id='word_1_321' title='bbox 1800 709 1859 743; x_wconf 88' lang='lat' dir='ltr'>cli-</span> 
     </span>
     <span class='ocr_line' id='line_1_59' title="bbox 1108 758 1859 806; baseline -0.004 -12"><span class='ocrx_word' id='word_1_322' title='bbox 1108 761 1198 806; x_wconf 75' lang='lat' dir='ltr'>gendi</span> <span class='ocrx_word' id='word_1_323' title='bbox 1223 760 1435 794; x_wconf 86' lang='lat' dir='ltr'>confessorem</span> <span class='ocrx_word' id='word_1_324' title='bbox 1465 758 1661 803; x_wconf 82' lang='lat' dir='ltr'>huiusmodi,</span> <span class='ocrx_word' id='word_1_325' title='bbox 1688 758 1733 792; x_wconf 88' lang='lat' dir='ltr'>eis</span> <span class='ocrx_word' id='word_1_326' title='bbox 1756 758 1859 792; x_wconf 89' lang='lat' dir='ltr'>uulla—</span> 
     </span>
     <span class='ocr_line' id='line_1_60' title="bbox 1110 809 1444 854; baseline -0.006 -10"><span class='ocrx_word' id='word_1_327' title='bbox 1110 820 1199 844; x_wconf 86' lang='lat' dir='ltr'>tenus</span> <span class='ocrx_word' id='word_1_328' title='bbox 1222 809 1444 854; x_wconf 72' lang='lat' dir='ltr'>suffragentur.</span> 
     </span>
    </p>

    <p class='ocr_par' dir='ltr' id='par_1_7' title="bbox 1106 857 1860 1881">
     <span class='ocr_line' id='line_1_61' title="bbox 1156 857 1858 906; baseline -0.001 -14"><span class='ocrx_word' id='word_1_329' title='bbox 1156 859 1176 906; x_wconf 59' lang='lat' dir='ltr'>g</span> <span class='ocrx_word' id='word_1_330' title='bbox 1194 862 1225 892; x_wconf 77' lang='grc' dir='ltr'>Τ.</span> <span class='ocrx_word' id='word_1_331' title='bbox 1250 858 1426 900; x_wconf 84' lang='lat' dir='ltr'>Praeterea,</span> <span class='ocrx_word' id='word_1_332' title='bbox 1448 870 1485 891; x_wconf 88' lang='lat' dir='ltr'>ne</span> <span class='ocrx_word' id='word_1_333' title='bbox 1509 858 1668 903; x_wconf 69' lang='lat' dir='ltr'>contingat</span> <span class='ocrx_word' id='word_1_334' title='bbox 1687 857 1858 891; x_wconf 70' lang='lat' dir='ltr'>confratris</span> 
     </span>
     <span class='ocr_line' id='line_1_62' title="bbox 1109 906 1858 953; baseline -0.001 -12"><span class='ocrx_word' id='word_1_335' title='bbox 1109 908 1285 953; x_wconf 84' lang='lat' dir='ltr'>praedictos</span> <span class='ocrx_word' id='word_1_336' title='bbox 1300 920 1403 942; x_wconf 87' lang='lat' dir='ltr'>coram</span> <span class='ocrx_word' id='word_1_337' title='bbox 1419 907 1552 941; x_wconf 82' lang='lat' dir='ltr'>diversis</span> <span class='ocrx_word' id='word_1_338' title='bbox 1571 906 1781 940; x_wconf 88' lang='lat' dir='ltr'>tribunalibus</span> <span class='ocrx_word' id='word_1_339' title='bbox 1797 914 1858 940; x_wconf 89' lang='lat' dir='ltr'>tra-</span> 
     </span>
     <span class='ocr_line' id='line_1_63' title="bbox 1108 955 1857 1002; baseline -0.001 -11"><span class='ocrx_word' id='word_1_340' title='bbox 1108 958 1150 1001; x_wconf 83' lang='lat' dir='ltr'>lii,</span> <span class='ocrx_word' id='word_1_341' title='bbox 1177 970 1231 991; x_wconf 85' lang='lat' dir='ltr'>eos</span> <span class='ocrx_word' id='word_1_342' title='bbox 1253 966 1281 991; x_wconf 75' lang='lat' dir='ltr'>et</span> <span class='ocrx_word' id='word_1_343' title='bbox 1305 957 1442 1002; x_wconf 83' lang='lat' dir='ltr'>ipsorum</span> <span class='ocrx_word' id='word_1_344' title='bbox 1467 955 1651 1002; x_wconf 74' lang='lat' dir='ltr'>quemlibet,</span> <span class='ocrx_word' id='word_1_345' title='bbox 1673 968 1707 990; x_wconf 90' lang='lat' dir='ltr'>ac</span> <span class='ocrx_word' id='word_1_346' title='bbox 1724 955 1803 990; x_wconf 87' lang='lat' dir='ltr'>bona</span> <span class='ocrx_word' id='word_1_347' title='bbox 1819 956 1857 990; x_wconf 86' lang='lat' dir='ltr'>ad</span> 
     </span>
     <span class='ocr_line' id='line_1_64' title="bbox 1108 1004 1858 1053; baseline 0.001 -14"><span class='ocrx_word' id='word_1_348' title='bbox 1108 1007 1206 1053; x_wconf 77' lang='lat' dir='ltr'>ipsam</span> <span class='ocrx_word' id='word_1_349' title='bbox 1236 1006 1522 1040; x_wconf 72' lang='lat' dir='ltr'>confraternitatem</span> <span class='ocrx_word' id='word_1_350' title='bbox 1552 1004 1584 1039; x_wconf 85' lang='lat' dir='ltr'>S.</span> <span class='ocrx_word' id='word_1_351' title='bbox 1621 1005 1746 1039; x_wconf 88' lang='lat' dir='ltr'>loannis</span> <span class='ocrx_word' id='word_1_352' title='bbox 1775 1018 1858 1040; x_wconf 87' lang='lat' dir='ltr'>nunc</span> 
     </span>
     <span class='ocr_line' id='line_1_65' title="bbox 1107 1054 1858 1101; baseline -0.001 -12"><span class='ocrx_word' id='word_1_353' title='bbox 1107 1065 1137 1090; x_wconf 84' lang='lat' dir='ltr'>et</span> <span class='ocrx_word' id='word_1_354' title='bbox 1160 1068 1215 1101; x_wconf 83' lang='lat' dir='ltr'>pro</span> <span class='ocrx_word' id='word_1_355' title='bbox 1244 1064 1384 1101; x_wconf 89' lang='lat' dir='ltr'>tempore</span> <span class='ocrx_word' id='word_1_356' title='bbox 1408 1054 1608 1101; x_wconf 85' lang='lat' dir='ltr'>pertinentia,</span> <span class='ocrx_word' id='word_1_357' title='bbox 1635 1066 1728 1088; x_wconf 85' lang='lat' dir='ltr'>curae</span> <span class='ocrx_word' id='word_1_358' title='bbox 1751 1063 1779 1088; x_wconf 85' lang='lat' dir='ltr'>et</span> <span class='ocrx_word' id='word_1_359' title='bbox 1803 1054 1858 1088; x_wconf 86' lang='lat' dir='ltr'>in-</span> 
     </span>
     <span class='ocr_line' id='line_1_66' title="bbox 1108 1104 1857 1150; baseline 0 -12"><span class='ocrx_word' id='word_1_360' title='bbox 1108 1104 1279 1139; x_wconf 87' lang='lat' dir='ltr'>risdictioni</span> <span class='ocrx_word' id='word_1_361' title='bbox 1295 1104 1559 1150; x_wconf 86' lang='lat' dir='ltr'>oinnimodaequc</span> <span class='ocrx_word' id='word_1_362' title='bbox 1573 1104 1730 1150; x_wconf 85' lang='lat' dir='ltr'>potestati,</span> <span class='ocrx_word' id='word_1_363' title='bbox 1753 1104 1857 1150; x_wconf 82' lang='lat' dir='ltr'>quoad</span> 
     </span>
     <span class='ocr_line' id='line_1_67' title="bbox 1107 1152 1858 1200; baseline -0.003 -12"><span class='ocrx_word' id='word_1_364' title='bbox 1107 1154 1249 1200; x_wconf 80' lang='lat' dir='ltr'>singulas</span> <span class='ocrx_word' id='word_1_365' title='bbox 1276 1165 1387 1188; x_wconf 84' lang='lat' dir='ltr'>causas</span> <span class='ocrx_word' id='word_1_366' title='bbox 1419 1153 1553 1196; x_wconf 79' lang='lat' dir='ltr'>civiles,</span> <span class='ocrx_word' id='word_1_367' title='bbox 1589 1152 1687 1187; x_wconf 81' lang='lat' dir='ltr'>reales</span> <span class='ocrx_word' id='word_1_368' title='bbox 1715 1153 1760 1186; x_wconf 83' lang='lat' dir='ltr'>vel</span> <span class='ocrx_word' id='word_1_369' title='bbox 1787 1165 1858 1198; x_wconf 87' lang='lat' dir='ltr'>per-</span> 
     </span>
     <span class='ocr_line' id='line_1_68' title="bbox 1107 1201 1859 1248; baseline -0.001 -11"><span class='ocrx_word' id='word_1_370' title='bbox 1107 1204 1244 1246; x_wconf 74' lang='lat' dir='ltr'>sonaleS,</span> <span class='ocrx_word' id='word_1_371' title='bbox 1267 1202 1381 1237; x_wconf 90' lang='lat' dir='ltr'>Curiae</span> <span class='ocrx_word' id='word_1_372' title='bbox 1403 1214 1567 1237; x_wconf 88' lang='lat' dir='ltr'>causarum</span> <span class='ocrx_word' id='word_1_373' title='bbox 1596 1201 1748 1236; x_wconf 85' lang='lat' dir='ltr'>Gamerae</span> <span class='ocrx_word' id='word_1_374' title='bbox 1770 1201 1859 1248; x_wconf 81' lang='lat' dir='ltr'>Apo-</span> 
     </span>
     <span class='ocr_line' id='line_1_69' title="bbox 1107 1251 1859 1297; baseline -0.004 -10"><span class='ocrx_word' id='word_1_375' title='bbox 1107 1252 1233 1287; x_wconf 85' lang='lat' dir='ltr'>stolicae</span> <span class='ocrx_word' id='word_1_376' title='bbox 1251 1252 1384 1287; x_wconf 88' lang='lat' dir='ltr'>auditori</span> <span class='ocrx_word' id='word_1_377' title='bbox 1407 1251 1547 1297; x_wconf 79' lang='lat' dir='ltr'>generali</span> <span class='ocrx_word' id='word_1_378' title='bbox 1565 1263 1648 1286; x_wconf 86' lang='lat' dir='ltr'>nunc</span> <span class='ocrx_word' id='word_1_379' title='bbox 1662 1258 1691 1285; x_wconf 87' lang='lat' dir='ltr'>et</span> <span class='ocrx_word' id='word_1_380' title='bbox 1709 1263 1764 1297; x_wconf 90' lang='lat' dir='ltr'>pro</span> <span class='ocrx_word' id='word_1_381' title='bbox 1777 1259 1859 1285; x_wconf 86' lang='lat' dir='ltr'>tem-</span> 
     </span>
     <span class='ocr_line' id='line_1_70' title="bbox 1109 1299 1858 1348; baseline -0.003 -12"><span class='ocrx_word' id='word_1_382' title='bbox 1109 1314 1183 1348; x_wconf 87' lang='lat' dir='ltr'>pore</span> <span class='ocrx_word' id='word_1_383' title='bbox 1205 1301 1364 1345; x_wconf 86' lang='lat' dir='ltr'>existenti,</span> <span class='ocrx_word' id='word_1_384' title='bbox 1388 1301 1427 1335; x_wconf 87' lang='lat' dir='ltr'>ita</span> <span class='ocrx_word' id='word_1_385' title='bbox 1453 1310 1485 1335; x_wconf 88' lang='lat' dir='ltr'>ut</span> <span class='ocrx_word' id='word_1_386' title='bbox 1507 1313 1611 1335; x_wconf 85' lang='lat' dir='ltr'>eoram</span> <span class='ocrx_word' id='word_1_387' title='bbox 1627 1312 1663 1336; x_wconf 89' lang='lat' dir='ltr'>eo</span> <span class='ocrx_word' id='word_1_388' title='bbox 1686 1299 1858 1343; x_wconf 87' lang='lat' dir='ltr'>dumtaxat,</span> 
     </span>
     <span class='ocr_line' id='line_1_71' title="bbox 1107 1349 1858 1394; baseline -0.003 -9"><span class='ocrx_word' id='word_1_389' title='bbox 1107 1360 1136 1385; x_wconf 88' lang='lat' dir='ltr'>et</span> <span class='ocrx_word' id='word_1_390' title='bbox 1159 1363 1221 1386; x_wconf 90' lang='lat' dir='ltr'>non</span> <span class='ocrx_word' id='word_1_391' title='bbox 1245 1363 1349 1386; x_wconf 87' lang='lat' dir='ltr'>coram</span> <span class='ocrx_word' id='word_1_392' title='bbox 1378 1351 1438 1385; x_wconf 87' lang='lat' dir='ltr'>alio</span> <span class='ocrx_word' id='word_1_393' title='bbox 1473 1350 1600 1394; x_wconf 88' lang='lat' dir='ltr'>iudice,</span> <span class='ocrx_word' id='word_1_394' title='bbox 1626 1349 1784 1384; x_wconf 90' lang='lat' dir='ltr'>ordinario</span> <span class='ocrx_word' id='word_1_395' title='bbox 1811 1350 1858 1383; x_wconf 88' lang='lat' dir='ltr'>vel</span> 
     </span>
     <span class='ocr_line' id='line_1_72' title="bbox 1107 1399 1859 1447; baseline -0.001 -13"><span class='ocrx_word' id='word_1_396' title='bbox 1107 1400 1250 1447; x_wconf 82' lang='lat' dir='ltr'>delegato</span> <span class='ocrx_word' id='word_1_397' title='bbox 1274 1400 1376 1434; x_wconf 83' lang='lat' dir='ltr'>dictae</span> <span class='ocrx_word' id='word_1_398' title='bbox 1402 1400 1498 1443; x_wconf 90' lang='lat' dir='ltr'>urbis,</span> <span class='ocrx_word' id='word_1_399' title='bbox 1523 1412 1576 1445; x_wconf 89' lang='lat' dir='ltr'>pro</span> <span class='ocrx_word' id='word_1_400' title='bbox 1604 1399 1859 1445; x_wconf 79' lang='lat' dir='ltr'>quibuscumque</span> 
     </span>
     <span class='ocr_line' id='line_1_73' title="bbox 1107 1448 1859 1496; baseline -0.004 -12"><span class='ocrx_word' id='word_1_401' title='bbox 1107 1451 1210 1484; x_wconf 83' lang='lat' dir='ltr'>causis</span> <span class='ocrx_word' id='word_1_402' title='bbox 1226 1450 1326 1496; x_wconf 62' lang='lat' dir='ltr'>ipsius</span> <span class='ocrx_word' id='word_1_403' title='bbox 1338 1448 1600 1483; x_wconf 84' lang='lat' dir='ltr'>confraternitatis</span> <span class='ocrx_word' id='word_1_404' title='bbox 1619 1453 1764 1495; x_wconf 80' lang='lat' dir='ltr'>(poenam</span> <span class='ocrx_word' id='word_1_405' title='bbox 1784 1460 1859 1482; x_wconf 88' lang='lat' dir='ltr'>san-</span> 
     </span>
     <span class='ocr_line' id='line_1_74' title="bbox 1106 1497 1859 1546; baseline -0.003 -13"><span class='ocrx_word' id='word_1_406' title='bbox 1106 1500 1212 1546; x_wconf 75' lang='lat' dir='ltr'>guinis</span> <span class='ocrx_word' id='word_1_407' title='bbox 1234 1498 1501 1533; x_wconf 82' lang='lat' dir='ltr'>concernentibus</span> <span class='ocrx_word' id='word_1_408' title='bbox 1515 1498 1677 1532; x_wconf 82' lang='lat' dir='ltr'>dumtaxat</span> <span class='ocrx_word' id='word_1_409' title='bbox 1698 1497 1859 1544; x_wconf 76' lang='lat' dir='ltr'>exceptis),</span> 
     </span>
     <span class='ocr_line' id='line_1_75' title="bbox 1107 1548 1858 1592; baseline -0.005 -8"><span class='ocrx_word' id='word_1_410' title='bbox 1107 1549 1281 1589; x_wconf 82' lang='lat' dir='ltr'>conveniri,</span> <span class='ocrx_word' id='word_1_411' title='bbox 1319 1548 1410 1592; x_wconf 78' lang='lat' dir='ltr'>trabi,</span> <span class='ocrx_word' id='word_1_412' title='bbox 1433 1548 1554 1582; x_wconf 69' lang='lat' dir='ltr'>evocari</span> <span class='ocrx_word' id='word_1_413' title='bbox 1583 1560 1637 1582; x_wconf 89' lang='lat' dir='ltr'>sen</span> <span class='ocrx_word' id='word_1_414' title='bbox 1664 1548 1858 1582; x_wconf 83' lang='lat' dir='ltr'>reconveniri</span> 
     </span>
     <span class='ocr_line' id='line_1_76' title="bbox 1108 1596 1860 1646; baseline -0.004 -13"><span class='ocrx_word' id='word_1_415' title='bbox 1108 1600 1231 1646; x_wconf 83' lang='lat' dir='ltr'>possint</span> <span class='ocrx_word' id='word_1_416' title='bbox 1247 1607 1275 1633; x_wconf 77' lang='lat' dir='ltr'>et</span> <span class='ocrx_word' id='word_1_417' title='bbox 1290 1598 1438 1641; x_wconf 85' lang='lat' dir='ltr'>debeant,</span> <span class='ocrx_word' id='word_1_418' title='bbox 1461 1597 1571 1632; x_wconf 86' lang='lat' dir='ltr'>eadem</span> <span class='ocrx_word' id='word_1_419' title='bbox 1588 1597 1772 1631; x_wconf 80' lang='lat' dir='ltr'>auctoritate</span> <span class='ocrx_word' id='word_1_420' title='bbox 1789 1596 1860 1630; x_wconf 84' lang='lat' dir='ltr'>sub-</span> 
     </span>
     <span class='ocr_line' id='line_1_77' title="bbox 1108 1647 1858 1693; baseline -0.005 -10"><span class='ocrx_word' id='word_1_421' title='bbox 1108 1649 1263 1683; x_wconf 86' lang='lat' dir='ltr'>mittimus</span> <span class='ocrx_word' id='word_1_422' title='bbox 1290 1656 1320 1681; x_wconf 91' lang='lat' dir='ltr'>et</span> <span class='ocrx_word' id='word_1_423' title='bbox 1355 1647 1544 1682; x_wconf 87' lang='lat' dir='ltr'>subiicimus</span> <span class='ocrx_word' id='word_1_424' title='bbox 1579 1659 1633 1693; x_wconf 86' lang='lat' dir='ltr'>per</span> <span class='ocrx_word' id='word_1_425' title='bbox 1661 1653 1858 1692; x_wconf 76' lang='lat' dir='ltr'>praesentes·‚</span> 
     </span>
     <span class='ocr_line' id='line_1_78' title="bbox 1108 1697 1860 1742; baseline -0.004 -10"><span class='ocrx_word' id='word_1_426' title='bbox 1108 1710 1230 1733; x_wconf 85' lang='lat' dir='ltr'>necnon</span> <span class='ocrx_word' id='word_1_427' title='bbox 1255 1697 1426 1732; x_wconf 84' lang='lat' dir='ltr'>sententias</span> <span class='ocrx_word' id='word_1_428' title='bbox 1449 1704 1478 1731; x_wconf 83' lang='lat' dir='ltr'>et</span> <span class='ocrx_word' id='word_1_429' title='bbox 1502 1708 1670 1742; x_wconf 85' lang='lat' dir='ltr'>processus</span> <span class='ocrx_word' id='word_1_430' title='bbox 1687 1723 1694 1736; x_wconf 91' lang='lat'><strong>‚</strong></span> <span class='ocrx_word' id='word_1_431' title='bbox 1722 1707 1803 1742; x_wconf 88' lang='lat' dir='ltr'>qnos</span> <span class='ocrx_word' id='word_1_432' title='bbox 1830 1703 1860 1729; x_wconf 86' lang='lat' dir='ltr'>et</span> 
     </span>
     <span class='ocr_line' id='line_1_79' title="bbox 1106 1744 1858 1794; baseline -0.005 -12"><span class='ocrx_word' id='word_1_433' title='bbox 1106 1760 1185 1794; x_wconf 90' lang='lat' dir='ltr'>quas</span> <span class='ocrx_word' id='word_1_434' title='bbox 1209 1747 1238 1781; x_wconf 92' lang='lat' dir='ltr'>in</span> <span class='ocrx_word' id='word_1_435' title='bbox 1263 1746 1456 1781; x_wconf 87' lang='lat' dir='ltr'>contrarium</span> <span class='ocrx_word' id='word_1_436' title='bbox 1481 1745 1588 1780; x_wconf 85' lang='lat' dir='ltr'>baberi</span> <span class='ocrx_word' id='word_1_437' title='bbox 1616 1753 1647 1779; x_wconf 90' lang='lat' dir='ltr'>et</span> <span class='ocrx_word' id='word_1_438' title='bbox 1667 1744 1858 1791; x_wconf 81' lang='lat' dir='ltr'>promulgari</span> 
     </span>
     <span class='ocr_line' id='line_1_80' title="bbox 1107 1794 1857 1842; baseline -0.005 -11"><span class='ocrx_word' id='word_1_439' title='bbox 1107 1797 1272 1842; x_wconf 83' lang='lat' dir='ltr'>contigerit</span> <span class='ocrx_word' id='word_1_440' title='bbox 1289 1823 1298 1840; x_wconf 96' lang='lat'>,</span> <span class='ocrx_word' id='word_1_441' title='bbox 1335 1796 1453 1830; x_wconf 91' lang='lat' dir='ltr'>nullius</span> <span class='ocrx_word' id='word_1_442' title='bbox 1477 1794 1598 1830; x_wconf 85' lang='lat' dir='ltr'>roboris</span> <span class='ocrx_word' id='word_1_443' title='bbox 1625 1794 1672 1828; x_wconf 86' lang='lat' dir='ltr'>vel</span> <span class='ocrx_word' id='word_1_444' title='bbox 1708 1794 1857 1829; x_wconf 87' lang='lat' dir='ltr'>momenti</span> 
     </span>
     <span class='ocr_line' id='line_1_81' title="bbox 1106 1843 1821 1881; baseline -0.007 0"><span class='ocrx_word' id='word_1_445' title='bbox 1106 1847 1239 1881; x_wconf 80' lang='lat' dir='ltr'>existere</span> <span class='ocrx_word' id='word_1_446' title='bbox 1262 1845 1371 1880; x_wconf 86' lang='lat' dir='ltr'>eadem</span> <span class='ocrx_word' id='word_1_447' title='bbox 1395 1844 1580 1879; x_wconf 80' lang='lat' dir='ltr'>anctoritate</span> <span class='ocrx_word' id='word_1_448' title='bbox 1607 1843 1821 1878; x_wconf 85' lang='lat' dir='ltr'>decernimus.</span> 
     </span>
    </p>

    <p class='ocr_par' dir='ltr' id='par_1_8' title="bbox 1107 1892 1860 2681">
     <span class='ocr_line' id='line_1_82' title="bbox 1156 1892 1858 1940; baseline -0.004 -11"><span class='ocrx_word' id='word_1_449' title='bbox 1156 1900 1170 1939; x_wconf 67' lang='grc' dir='ltr'>ξ</span> <span class='ocrx_word' id='word_1_450' title='bbox 1194 1899 1225 1929; x_wconf 82' lang='grc'>8.</span> <span class='ocrx_word' id='word_1_451' title='bbox 1249 1894 1288 1929; x_wconf 87' lang='lat' dir='ltr'>Et</span> <span class='ocrx_word' id='word_1_452' title='bbox 1311 1895 1335 1928; x_wconf 85' lang='lat' dir='ltr'>si</span> <span class='ocrx_word' id='word_1_453' title='bbox 1356 1894 1458 1929; x_wconf 89' lang='lat' dir='ltr'>forsan</span> <span class='ocrx_word' id='word_1_454' title='bbox 1483 1893 1648 1940; x_wconf 82' lang='lat' dir='ltr'>contigerit</span> <span class='ocrx_word' id='word_1_455' title='bbox 1670 1892 1793 1940; x_wconf 88' lang='lat' dir='ltr'>aliquos</span> <span class='ocrx_word' id='word_1_456' title='bbox 1812 1892 1858 1926; x_wconf 80' lang='lat' dir='ltr'>sic</span> 
     </span>
     <span class='ocr_line' id='line_1_83' title="bbox 1110 1941 1859 1990; baseline -0.004 -11"><span class='ocrx_word' id='word_1_457' title='bbox 1110 1946 1220 1979; x_wconf 90' lang='lat' dir='ltr'>ultimo</span> <span class='ocrx_word' id='word_1_458' title='bbox 1242 1943 1401 1990; x_wconf 85' lang='lat' dir='ltr'>supplicio</span> <span class='ocrx_word' id='word_1_459' title='bbox 1425 1943 1601 1986; x_wconf 87' lang='lat' dir='ltr'>damnatos,</span> <span class='ocrx_word' id='word_1_460' title='bbox 1625 1942 1652 1976; x_wconf 89' lang='lat' dir='ltr'>in</span> <span class='ocrx_word' id='word_1_461' title='bbox 1677 1954 1785 1977; x_wconf 89' lang='lat' dir='ltr'>eorum</span> <span class='ocrx_word' id='word_1_462' title='bbox 1808 1941 1859 1976; x_wconf 88' lang='lat' dir='ltr'>bo-</span> 
     </span>
     <span class='ocr_line' id='line_1_84' title="bbox 1108 1991 1859 2040; baseline -0.005 -11"><span class='ocrx_word' id='word_1_463' title='bbox 1108 1996 1155 2029; x_wconf 92' lang='lat' dir='ltr'>nis</span> <span class='ocrx_word' id='word_1_464' title='bbox 1178 2006 1235 2029; x_wconf 85' lang='lat' dir='ltr'>seu</span> <span class='ocrx_word' id='word_1_465' title='bbox 1263 1994 1366 2040; x_wconf 88' lang='lat' dir='ltr'>aliqua</span> <span class='ocrx_word' id='word_1_466' title='bbox 1402 2001 1487 2039; x_wconf 85' lang='lat' dir='ltr'>parte</span> <span class='ocrx_word' id='word_1_467' title='bbox 1516 2004 1624 2027; x_wconf 83' lang='lat' dir='ltr'>eorum</span> <span class='ocrx_word' id='word_1_468' title='bbox 1654 1991 1859 2026; x_wconf 87' lang='lat' dir='ltr'>confraterni-</span> 
     </span>
     <span class='ocr_line' id='line_1_85' title="bbox 1109 2040 1856 2084; baseline -0.005 -6"><span class='ocrx_word' id='word_1_469' title='bbox 1109 2052 1201 2078; x_wconf 81' lang='lat' dir='ltr'>tatem</span> <span class='ocrx_word' id='word_1_470' title='bbox 1226 2042 1408 2078; x_wconf 88' lang='lat' dir='ltr'>huiusmodi</span> <span class='ocrx_word' id='word_1_471' title='bbox 1432 2042 1582 2076; x_wconf 81' lang='lat' dir='ltr'>haeredes</span> <span class='ocrx_word' id='word_1_472' title='bbox 1605 2041 1788 2084; x_wconf 86' lang='lat' dir='ltr'>instituere,</span> <span class='ocrx_word' id='word_1_473' title='bbox 1811 2040 1856 2074; x_wconf 81' lang='lat' dir='ltr'>vel</span> 
     </span>
     <span class='ocr_line' id='line_1_86' title="bbox 1107 2090 1859 2141; baseline -0.005 -13"><span class='ocrx_word' id='word_1_474' title='bbox 1107 2093 1209 2141; x_wconf 87' lang='lat' dir='ltr'>aliqua</span> <span class='ocrx_word' id='word_1_475' title='bbox 1226 2093 1270 2128; x_wconf 91' lang='lat' dir='ltr'>eis</span> <span class='ocrx_word' id='word_1_476' title='bbox 1290 2092 1467 2138; x_wconf 80' lang='lat' dir='ltr'>relinquere</span> <span class='ocrx_word' id='word_1_477' title='bbox 1491 2091 1580 2130; x_wconf 75' lang='lat' dir='ltr'>velle,</span> <span class='ocrx_word' id='word_1_478' title='bbox 1597 2091 1681 2137; x_wconf 89' lang='lat' dir='ltr'>quod</span> <span class='ocrx_word' id='word_1_479' title='bbox 1705 2090 1765 2137; x_wconf 86' lang='lat' dir='ltr'>ipsi</span> <span class='ocrx_word' id='word_1_480' title='bbox 1782 2102 1859 2124; x_wconf 90' lang='lat' dir='ltr'>eon-</span> 
     </span>
     <span class='ocr_line' id='line_1_87' title="bbox 1109 2140 1857 2188; baseline -0.007 -10"><span class='ocrx_word' id='word_1_481' title='bbox 1109 2143 1217 2178; x_wconf 88' lang='lat' dir='ltr'>fratres</span> <span class='ocrx_word' id='word_1_482' title='bbox 1246 2143 1276 2176; x_wconf 91' lang='lat' dir='ltr'>in</span> <span class='ocrx_word' id='word_1_483' title='bbox 1298 2141 1399 2182; x_wconf 87' lang='lat' dir='ltr'>bonis,</span> <span class='ocrx_word' id='word_1_484' title='bbox 1424 2141 1452 2175; x_wconf 92' lang='lat' dir='ltr'>in</span> <span class='ocrx_word' id='word_1_485' title='bbox 1474 2140 1588 2188; x_wconf 88' lang='lat' dir='ltr'>quibus</span> <span class='ocrx_word' id='word_1_486' title='bbox 1616 2140 1779 2184; x_wconf 86' lang='lat' dir='ltr'>haeredes,</span> <span class='ocrx_word' id='word_1_487' title='bbox 1802 2150 1857 2173; x_wconf 88' lang='lat' dir='ltr'>seu</span> 
     </span>
     <span class='ocr_line' id='line_1_88' title="bbox 1108 2189 1859 2240; baseline -0.007 -13"><span class='ocrx_word' id='word_1_488' title='bbox 1108 2204 1189 2240; x_wconf 89' lang='lat' dir='ltr'>quae</span> <span class='ocrx_word' id='word_1_489' title='bbox 1211 2192 1256 2227; x_wconf 89' lang='lat' dir='ltr'>cis</span> <span class='ocrx_word' id='word_1_490' title='bbox 1273 2204 1328 2238; x_wconf 86' lang='lat' dir='ltr'>per</span> <span class='ocrx_word' id='word_1_491' title='bbox 1350 2191 1450 2225; x_wconf 86' lang='lat' dir='ltr'>dictos</span> <span class='ocrx_word' id='word_1_492' title='bbox 1474 2190 1582 2224; x_wconf 87' lang='lat' dir='ltr'>ultimo</span> <span class='ocrx_word' id='word_1_493' title='bbox 1598 2189 1756 2236; x_wconf 86' lang='lat' dir='ltr'>supplicio</span> <span class='ocrx_word' id='word_1_494' title='bbox 1774 2189 1859 2223; x_wconf 86' lang='lat' dir='ltr'>dam-</span> 
     </span>
     <span class='ocr_line' id='line_1_89' title="bbox 1109 2238 1857 2286; baseline -0.007 -10"><span class='ocrx_word' id='word_1_495' title='bbox 1109 2250 1198 2276; x_wconf 87' lang='lat' dir='ltr'>natos</span> <span class='ocrx_word' id='word_1_496' title='bbox 1226 2241 1329 2276; x_wconf 82' lang='lat' dir='ltr'>relicta</span> <span class='ocrx_word' id='word_1_497' title='bbox 1360 2240 1473 2274; x_wconf 83' lang='lat' dir='ltr'>fuerint</span> <span class='ocrx_word' id='word_1_498' title='bbox 1512 2251 1567 2286; x_wconf 91' lang='lat' dir='ltr'>pro</span> <span class='ocrx_word' id='word_1_499' title='bbox 1595 2246 1738 2285; x_wconf 90' lang='lat' dir='ltr'>tempore</span> <span class='ocrx_word' id='word_1_500' title='bbox 1771 2238 1857 2281; x_wconf 80' lang='lat' dir='ltr'>(sine</span> 
     </span>
     <span class='ocr_line' id='line_1_90' title="bbox 1110 2288 1860 2338; baseline -0.008 -12"><span class='ocrx_word' id='word_1_501' title='bbox 1110 2291 1302 2338; x_wconf 84' lang='lat' dir='ltr'>praeiudicio</span> <span class='ocrx_word' id='word_1_502' title='bbox 1327 2290 1403 2333; x_wconf 82' lang='lat' dir='ltr'>fisci)</span> <span class='ocrx_word' id='word_1_503' title='bbox 1427 2288 1610 2332; x_wconf 83' lang='lat' dir='ltr'>succedere,</span> <span class='ocrx_word' id='word_1_504' title='bbox 1631 2296 1662 2322; x_wconf 89' lang='lat' dir='ltr'>et</span> <span class='ocrx_word' id='word_1_505' title='bbox 1690 2288 1740 2323; x_wconf 86' lang='lat' dir='ltr'>illa</span> <span class='ocrx_word' id='word_1_506' title='bbox 1758 2288 1787 2321; x_wconf 88' lang='lat' dir='ltr'>in</span> <span class='ocrx_word' id='word_1_507' title='bbox 1809 2289 1860 2321; x_wconf 90' lang='lat' dir='ltr'>in-</span> 
     </span>
     <span class='ocr_line' id='line_1_91' title="bbox 1108 2337 1859 2384; baseline -0.004 -11"><span class='ocrx_word' id='word_1_508' title='bbox 1108 2340 1191 2375; x_wconf 90' lang='lat' dir='ltr'>dicio</span> <span class='ocrx_word' id='word_1_509' title='bbox 1213 2349 1241 2375; x_wconf 83' lang='lat' dir='ltr'>et</span> <span class='ocrx_word' id='word_1_510' title='bbox 1269 2347 1353 2374; x_wconf 85' lang='lat' dir='ltr'>extra</span> <span class='ocrx_word' id='word_1_511' title='bbox 1383 2338 1577 2384; x_wconf 88' lang='lat' dir='ltr'>ubicumque</span> <span class='ocrx_word' id='word_1_512' title='bbox 1604 2337 1642 2372; x_wconf 90' lang='lat' dir='ltr'>ab</span> <span class='ocrx_word' id='word_1_513' title='bbox 1667 2337 1717 2371; x_wconf 89' lang='lat' dir='ltr'>illa</span> <span class='ocrx_word' id='word_1_514' title='bbox 1746 2345 1859 2371; x_wconf 89' lang='lat' dir='ltr'>tenen-</span> 
     </span>
     <span class='ocr_line' id='line_1_92' title="bbox 1110 2387 1857 2436; baseline -0.005 -12"><span class='ocrx_word' id='word_1_515' title='bbox 1110 2390 1192 2424; x_wconf 89' lang='lat' dir='ltr'>tibus</span> <span class='ocrx_word' id='word_1_516' title='bbox 1217 2402 1271 2436; x_wconf 88' lang='lat' dir='ltr'>pro</span> <span class='ocrx_word' id='word_1_517' title='bbox 1300 2388 1409 2422; x_wconf 70' lang='lat' dir='ltr'>eadem</span> <span class='ocrx_word' id='word_1_518' title='bbox 1433 2387 1686 2421; x_wconf 87' lang='lat' dir='ltr'>confraternitate</span> <span class='ocrx_word' id='word_1_519' title='bbox 1710 2396 1815 2432; x_wconf 88' lang='lat' dir='ltr'>petere</span> <span class='ocrx_word' id='word_1_520' title='bbox 1829 2395 1857 2419; x_wconf 93' lang='lat' dir='ltr'>et</span> 
     </span>
     <span class='ocr_line' id='line_1_93' title="bbox 1109 2435 1859 2484; baseline -0.007 -11"><span class='ocrx_word' id='word_1_521' title='bbox 1109 2439 1235 2484; x_wconf 80' lang='lat' dir='ltr'>exigere</span> <span class='ocrx_word' id='word_1_522' title='bbox 1259 2438 1390 2484; x_wconf 86' lang='lat' dir='ltr'>possint,</span> <span class='ocrx_word' id='word_1_523' title='bbox 1413 2436 1504 2470; x_wconf 88' lang='lat' dir='ltr'>etiam</span> <span class='ocrx_word' id='word_1_524' title='bbox 1528 2437 1551 2470; x_wconf 90' lang='lat' dir='ltr'>si</span> <span class='ocrx_word' id='word_1_525' title='bbox 1569 2436 1685 2478; x_wconf 87' lang='lat' dir='ltr'>forsan,</span> <span class='ocrx_word' id='word_1_526' title='bbox 1709 2436 1738 2469; x_wconf 91' lang='lat' dir='ltr'>in</span> <span class='ocrx_word' id='word_1_527' title='bbox 1770 2435 1859 2468; x_wconf 89' lang='lat' dir='ltr'>insti—</span> 
     </span>
     <span class='ocr_line' id='line_1_94' title="bbox 1110 2484 1859 2532; baseline -0.007 -10"><span class='ocrx_word' id='word_1_528' title='bbox 1110 2488 1286 2523; x_wconf 89' lang='lat' dir='ltr'>tutionibus</span> <span class='ocrx_word' id='word_1_529' title='bbox 1308 2499 1361 2521; x_wconf 79' lang='lat' dir='ltr'>seu</span> <span class='ocrx_word' id='word_1_530' title='bbox 1386 2486 1501 2520; x_wconf 86' lang='lat' dir='ltr'>relictis</span> <span class='ocrx_word' id='word_1_531' title='bbox 1516 2485 1695 2532; x_wconf 82' lang='lat' dir='ltr'>praedictis,</span> <span class='ocrx_word' id='word_1_532' title='bbox 1719 2484 1793 2518; x_wconf 87' lang='lat' dir='ltr'>iuris</span> <span class='ocrx_word' id='word_1_533' title='bbox 1811 2496 1859 2517; x_wconf 89' lang='lat' dir='ltr'>so-</span> 
     </span>
     <span class='ocr_line' id='line_1_95' title="bbox 1111 2533 1858 2577; baseline -0.008 -5"><span class='ocrx_word' id='word_1_534' title='bbox 1111 2538 1288 2572; x_wconf 87' lang='lat' dir='ltr'>lemnitates</span> <span class='ocrx_word' id='word_1_535' title='bbox 1314 2536 1495 2570; x_wconf 87' lang='lat' dir='ltr'>observatae</span> <span class='ocrx_word' id='word_1_536' title='bbox 1523 2547 1586 2569; x_wconf 85' lang='lat' dir='ltr'>nou</span> <span class='ocrx_word' id='word_1_537' title='bbox 1615 2534 1742 2577; x_wconf 90' lang='lat' dir='ltr'>fuerint,</span> <span class='ocrx_word' id='word_1_538' title='bbox 1764 2533 1858 2567; x_wconf 87' lang='lat' dir='ltr'>durn-</span> 
     </span>
     <span class='ocr_line' id='line_1_96' title="bbox 1111 2582 1859 2620; baseline -0.007 0"><span class='ocrx_word' id='word_1_539' title='bbox 1111 2587 1204 2620; x_wconf 90' lang='lat' dir='ltr'>modo</span> <span class='ocrx_word' id='word_1_540' title='bbox 1227 2586 1265 2620; x_wconf 82' lang='lat' dir='ltr'>de</span> <span class='ocrx_word' id='word_1_541' title='bbox 1288 2585 1447 2619; x_wconf 75' lang='lat' dir='ltr'>voluntate</span> <span class='ocrx_word' id='word_1_542' title='bbox 1463 2584 1617 2618; x_wconf 88' lang='lat' dir='ltr'>dictorum</span> <span class='ocrx_word' id='word_1_543' title='bbox 1637 2583 1680 2617; x_wconf 85' lang='lat' dir='ltr'>sic</span> <span class='ocrx_word' id='word_1_544' title='bbox 1698 2582 1859 2616; x_wconf 90' lang='lat' dir='ltr'>instituen-</span> 
     </span>
     <span class='ocr_line' id='line_1_97' title="bbox 1111 2631 1859 2681; baseline -0.007 -11"><span class='ocrx_word' id='word_1_545' title='bbox 1111 2637 1187 2671; x_wconf 90' lang='lat' dir='ltr'>tium</span> <span class='ocrx_word' id='word_1_546' title='bbox 1206 2635 1251 2669; x_wconf 78' lang='lat' dir='ltr'>vel</span> <span class='ocrx_word' id='word_1_547' title='bbox 1271 2634 1521 2681; x_wconf 74' lang='lat' dir='ltr'>disponentium,</span> <span class='ocrx_word' id='word_1_548' title='bbox 1545 2633 1639 2667; x_wconf 80' lang='lat' dir='ltr'>verbo</span> <span class='ocrx_word' id='word_1_549' title='bbox 1663 2632 1707 2666; x_wconf 72' lang='lat' dir='ltr'>vel</span> <span class='ocrx_word' id='word_1_550' title='bbox 1731 2631 1859 2678; x_wconf 84' lang='lat' dir='ltr'>scripto,</span> 
     </span>
    </p>
   </div>
   <div class='ocr_carea' id='block_1_7' title="bbox 1875 262 2059 289">
    <p class='ocr_par' dir='ltr' id='par_1_9' title="bbox 1875 262 2059 289">
     <span class='ocr_line' id='line_1_98' title="bbox 1875 262 2059 289; baseline 0.005 -1"><span class='ocrx_word' id='word_1_551' title='bbox 1875 262 1925 288; x_wconf 84' lang='lat' dir='ltr'>Au.</span> <span class='ocrx_word' id='word_1_552' title='bbox 1943 264 1970 289; x_wconf 82' lang='lat' dir='ltr'>C.</span> <span class='ocrx_word' id='word_1_553' title='bbox 1993 263 2059 289; x_wconf 59' lang='lat' dir='ltr'>mos)</span> 
     </span>
    </p>
   </div>
   <div class='ocr_carea' id='block_1_8' title="bbox 1874 871 2060 960">
    <p class='ocr_par' dir='ltr' id='par_1_10' title="bbox 1874 871 2060 960">
     <span class='ocr_line' id='line_1_99' title="bbox 1876 871 2058 897; baseline 0 -5"><span class='ocrx_word' id='word_1_554' title='bbox 1876 871 2058 897; x_wconf 68' lang='lat' dir='ltr'>privilegiari-riori</span> 
     </span>
     <span class='ocr_line' id='line_1_100' title="bbox 1874 902 2060 929; baseline -0.011 -6"><span class='ocrx_word' id='word_1_555' title='bbox 1874 904 1910 929; x_wconf 77' lang='lat' dir='ltr'>Ap.</span> <span class='ocrx_word' id='word_1_556' title='bbox 1937 902 1957 923; x_wconf 71' lang='grc' dir='ltr'>[ξ.</span> <span class='ocrx_word' id='word_1_557' title='bbox 1973 902 2060 923; x_wconf 68' lang='lat' dir='ltr'>confra-</span> 
     </span>
     <span class='ocr_line' id='line_1_101' title="bbox 1874 934 2057 960; baseline 0.005 -6"><span class='ocrx_word' id='word_1_558' title='bbox 1874 934 2057 960; x_wconf 72' lang='lat' dir='ltr'>tribuselargitur.</span> 
     </span>
    </p>
   </div>
   <div class='ocr_carea' id='block_1_9' title="bbox 1873 1904 2062 2173">
    <p class='ocr_par' dir='ltr' id='par_1_11' title="bbox 1873 1904 2062 2173">
     <span class='ocr_line' id='line_1_102' title="bbox 1898 1904 2062 1924; baseline -0.006 -1"><span class='ocrx_word' id='word_1_559' title='bbox 1898 1904 2062 1924; x_wconf 65' lang='lat' dir='ltr'>[hereditates-</span> 
     </span>
     <span class='ocr_line' id='line_1_103' title="bbox 1874 1935 2060 1961; baseline 0 -7"><span class='ocrx_word' id='word_1_560' title='bbox 1874 1940 1913 1961; x_wconf 81' lang='lat' dir='ltr'>qne</span> <span class='ocrx_word' id='word_1_561' title='bbox 1929 1942 1940 1954; x_wconf 79' lang='lat' dir='ltr'>a</span> <span class='ocrx_word' id='word_1_562' title='bbox 1956 1935 2060 1954; x_wconf 79' lang='lat' dir='ltr'>condem-</span> 
     </span>
     <span class='ocr_line' id='line_1_104' title="bbox 1873 1964 2059 1991; baseline 0.005 -7"><span class='ocrx_word' id='word_1_563' title='bbox 1873 1966 1927 1984; x_wconf 78' lang='lat' dir='ltr'>natis</span> <span class='ocrx_word' id='word_1_564' title='bbox 1938 1964 1984 1984; x_wconf 73' lang='lat' dir='ltr'>hab.</span> <span class='ocrx_word' id='word_1_565' title='bbox 1996 1970 2059 1991; x_wconf 69' lang='lat' dir='ltr'>posse</span> 
     </span>
     <span class='ocr_line' id='line_1_105' title="bbox 1874 1996 2059 2020; baseline 0 -5"><span class='ocrx_word' id='word_1_566' title='bbox 1874 1996 1966 2020; x_wconf 71' lang='lat' dir='ltr'>indulget</span> <span class='ocrx_word' id='word_1_567' title='bbox 1975 2011 1980 2019; x_wconf 84' lang='grc'>,</span> <span class='ocrx_word' id='word_1_568' title='bbox 2013 1996 2059 2016; x_wconf 80' lang='lat' dir='ltr'>sino</span> 
     </span>
     <span class='ocr_line' id='line_1_106' title="bbox 1873 2028 2060 2053; baseline 0 -6"><span class='ocrx_word' id='word_1_569' title='bbox 1873 2028 2004 2053; x_wconf 69' lang='lat' dir='ltr'>praeiudicio</span> <span class='ocrx_word' id='word_1_570' title='bbox 2037 2029 2060 2047; x_wconf 87' lang='lat' dir='ltr'>ti-</span> 
     </span>
     <span class='ocr_line' id='line_1_107' title="bbox 1873 2059 2057 2081; baseline -0.005 -2"><span class='ocrx_word' id='word_1_571' title='bbox 1873 2059 1911 2081; x_wconf 70' lang='lat' dir='ltr'>sci,</span> <span class='ocrx_word' id='word_1_572' title='bbox 1920 2059 2008 2079; x_wconf 82' lang='lat' dir='ltr'>etiamin</span> <span class='ocrx_word' id='word_1_573' title='bbox 2018 2060 2057 2078; x_wconf 82' lang='lat' dir='ltr'>vim</span> 
     </span>
     <span class='ocr_line' id='line_1_108' title="bbox 1873 2089 2057 2115; baseline 0.005 -7"><span class='ocrx_word' id='word_1_574' title='bbox 1873 2089 2006 2115; x_wconf 73' lang='lat' dir='ltr'>disposition.</span> <span class='ocrx_word' id='word_1_575' title='bbox 2016 2095 2057 2109; x_wconf 87' lang='lat' dir='ltr'>non</span> 
     </span>
     <span class='ocr_line' id='line_1_109' title="bbox 1874 2120 2058 2141; baseline 0.005 -2"><span class='ocrx_word' id='word_1_576' title='bbox 1874 2120 1949 2140; x_wconf 43' lang='lat' dir='ltr'>haben,</span> <span class='ocrx_word' id='word_1_577' title='bbox 1960 2122 2011 2141; x_wconf 77' lang='lat' dir='ltr'>turis</span> <span class='ocrx_word' id='word_1_578' title='bbox 2022 2127 2058 2140; x_wconf 82' lang='lat' dir='ltr'>so-</span> 
     </span>
     <span class='ocr_line' id='line_1_110' title="bbox 1873 2153 2000 2173; baseline 0 0"><span class='ocrx_word' id='word_1_579' title='bbox 1873 2153 2000 2173; x_wconf 34' lang='lat' dir='ltr'>lemnitates,</span> 
     </span>
    </p>
   </div>
  </div>
 </body>
</html>
