2281 3251
272 264 323 292 An.
340 264 370 292 C.
386 263 452 291 15¹6

293 874 341 894 Ideo
364 873 384 894 S.
405 872 459 892 Gie-

280 911 348 931 ssurius
377 903 459 930 praedi-

279 940 361 957 catoren
386 935 459 954 horta-

279 970 338 990 batur
353 971 374 988 ut
389 967 429 987 liic.

517 251 588 284 682
1064 254 1249 278 arctatura:
1279 255 1439 276 nomnen

469 329 538 352 vare
551 316 710 357 deberent,
726 324 947 361 persermones
961 323 1034 345 suos
1046 324 1061 345 a
1076 322 1171 345 sensu
1186 319 1214 344 ct

470 365 642 415 praeceptis
670 362 851 398 universalis
873 361 1030 396 Ecclesiae
1051 359 1215 395 retrahen—

472 427 529 459 tes,
543 428 557 449 a
574 415 731 460 >acrisque
752 410 1041 448 constitutionilnis,
1053 422 1132 457 quas
1149 422 1215 443 ma-

471 468 552 501 xime
574 465 660 511 sequi
684 462 846 504 deberent,
869 459 1217 503 deviantes,auditores

471 528 543 550 suos
565 522 720 551 amovent,
747 523 783 546 ac
807 512 898 557 longe
922 510 1037 544 faciunt
1065 522 1080 543 a
1102 508 1214 543 salute.

471 565 530 600 Per
553 565 627 598 haec
647 573 780 608 namque
798 569 826 595 et
842 561 898 595 alia
916 559 1111 598 huiusmodi,
1131 559 1215 592 snu-

474 614 618 661 plicioies
637 612 781 646 lioniincs
793 619 822 645 et
845 610 882 644 ad
903 609 1121 655 deceptionem
1143 619 1218 654 pro-

472 663 612 698 cliviores
641 674 655 696 a
681 662 726 695 ria
761 660 871 695 salutis
898 667 927 694 et
949 659 1126 693 obedientia
1151 657 1218 692 Ro-

474 724 581 747 manae
617 710 776 746 Ecclesiae
810 710 998 754 deviantes,
1036 709 1066 742 in
1095 719 1218 743 errores

474 763 572 796 varios
595 760 742 806 perfacile
766 759 969 793 inducuntur.

520 811 584 858 §⁶20
602 811 765 856 Propterea
781 808 963 855 Gregorius.
975 808 1068 842 buius
1079 807 1219 842 muneris

477 861 683 908 peritissimus
709 868 738 894 et
762 859 879 893 fervore
903 858 1037 892 caritatis
1060 858 1218 901 incensus,

476 910 701 958 praedicatores
725 909 926 943 veliementer
950 908 1088 942 bortatur
1109 916 1137 941 et
1154 919 1218 941 mo-

475 968 525 994 net
561 969 607 999 ut,
630 959 741 993 dicturi
769 958 806 992 ad
842 957 1014 1004 populum,
1046 956 1218 1003 prudentes

475 1010 620 1056 cautique
634 1009 793 1046 accedant,
805 1007 984 1046 ue,diceudi
1000 1007 1115 1053 impetu
1130 1008 1219 1052 rapti,

475 1059 641 1093 voi-borum
670 1058 838 1095 erroribus,
853 1058 940 1104 quasi
952 1056 1073 1096 iaculis,
1086 1056 1220 1090 audieu-

476 1110 552 1143 tium
581 1108 672 1143 corda
695 1108 873 1153 conligant,
900 1115 929 1141 ct
956 1119 1026 1141 euni
1062 1107 1220 1153 sapientes

477 1159 605 1193 fortasse
622 1157 717 1191 videri
728 1157 917 1200 desiderant,
931 1156 1066 1204 decepti,
1078 1165 1220 1202 speratae

476 1208 598 1243 virtutis
625 1219 807 1254 compagem
833 1207 1018 1253 insipienter
1031 1206 1218 1240 discindant.

476 1257 578 1305 Saepe
591 1270 725 1303 namque
739 1256 901 1290 verborum
914 1256 1042 1291 effectus
1056 1256 1220 1299 amittitur,

477 1320 548 1342 cum
593 1307 778 1353 loquacitate
810 1307 989 1353 importuna
1017 1305 1064 1339 vel
1097 1306 1220 1340 incauta

476 1357 667 1392 audientium
700 1356 793 1391 corda
817 1356 1001 1401 levigantur.
1032 1355 1071 1390 Et
1092 1368 1168 1390 sane
1190 1356 1219 1389 in

477 1407 564 1441 nullo
579 1406 638 1440 alio
658 1406 765 1440 rudem
791 1406 808 1439 ii
833 1405 955 1453 plebem
980 1405 1090 1439 maiori
1106 1405 1221 1440 damno

476 1456 686 1502 scandaloque
712 1455 862 1493 afficiunt,
885 1468 978 1501 quani
1007 1468 1078 1490 cnm
1102 1455 1147 1490 vel
1176 1464 1222 1489 ta-

477 1510 573 1546 cenda
602 1510 792 1557 praedicant,
811 1509 856 1543 vel
881 1510 952 1544 falsa
976 1519 1006 1543 et
1030 1509 1150 1544 inutilia
1169 1510 1222 1546 do-

475 1560 595 1600 cendo,
619 1572 686 1595 eam
712 1560 741 1593 in
769 1572 905 1593 errorem
930 1559 1095 1594 inducunt.
1119 1559 1219 1601 Quae,

474 1615 620 1662 quoniam
650 1614 721 1648 liuic
749 1626 853 1648 sacrae
888 1614 1030 1660 religioni
1067 1613 1221 1649 divinitus

475 1669 645 1712 institutae,
663 1680 739 1702 nova
755 1677 784 1701 et
800 1668 911 1712 aliena,
922 1668 1051 1702 omniuo
1066 1670 1220 1704 contraria

475 1735 543 1758 esse
571 1731 760 1765 noscuntur,
787 1723 869 1768 gravi
901 1730 984 1757 certe
1011 1731 1220 1770 accuratoque

474 1785 546 1813 sunt
566 1777 708 1811 examine
724 1776 829 1822 digna,
848 1789 885 1811 ne
903 1776 1086 1811 scandalum
1104 1778 1221 1824 populo

475 1831 646 1866 christiano
661 1838 688 1865 et
701 1842 827 1864 suorum
842 1838 1017 1875 auctorum,
1034 1843 1069 1865 ac
1085 1832 1217 1866 aliorum

473 1885 637 1920 animabus
661 1885 816 1919 interitum
843 1885 973 1931 pariant.

522 1939 542 1986 S
570 1943 603 1973 5.
629 1938 694 1973 Nos
717 1939 822 1984 igitur,
845 1947 968 1973 sauctae
983 1939 1040 1973 Dei
1060 1939 1220 1975 Ecclesiae

288 2014 310 2036 g.
323 2014 460 2036 „icponfflu
471 1994 743 2041 (cui,‹lisponeute
752 1993 900 2037 Domino,
917 1993 1221 2042 praesidenius,quae

279 2047 335 2067 tuber
351 2047 461 2072 praediea-

281 2081 319 2098 tor.
336 2077 412 2098 debere
422 2078 460 2104 prt-

280 2115 304 2129 us
320 2109 462 2130 examinant

282 2139 404 2168 approbat&

475 2049 600 2097 quidem
631 2061 694 2083 una
721 2056 789 2089 est,
822 2056 851 2083 et
879 2048 982 2083 Deum
1007 2061 1103 2083 unum
1130 2062 1220 2097 prae-

475 2103 568 2148 dicat,
590 2103 675 2147 colit,
694 2115 728 2137 ac
749 2114 840 2136 uuam
857 2101 949 2136 fidem
968 2102 1096 2137 firmiter
1115 2112 1144 2138 et
1160 2104 1223 2138 sin-

476 2170 545 2193 cere
563 2158 741 2197 confitetur,
765 2157 847 2191 iuxta
879 2156 954 2191 illud
985 2157 1155 2204 prophetae
1173 2171 1223 2194 ra-

478 2212 629 2247 ticinium:
661 2214 724 2253 Oui
744 2213 882 2246 habitare
903 2213 976 2257 facit
1003 2213 1093 2246 unius
1119 2215 1221 2258 moris)

478 2267 734 2307 uniformitatem,
762 2273 914 2313 quantum
937 2277 1009 2300 cum
1028 2264 1092 2300 Deo
1109 2278 1222 2312 possu-

1259 308 1403 356 illa'quae
1424 309 1574 349 diximus,
1591 309 1619 344 in
1644 309 1931 357 praedicationibus
1944 323 2005 346 non

1259 359 1335 393 riam
1359 359 1494 405 amplius
1510 358 1638 394 Domini
1662 360 1691 394 in
1717 360 1829 394 virtute
1845 361 2007 401 docentes,

1259 421 1319 442 nou
1333 408 1554 455 Evangelium,
1567 418 1601 443 ut
1613 408 1776 453 deberent,
1792 411 2007 456 explanantes,

1258 458 1312 492 sed
1332 458 1462 493 conficta
1481 459 1632 494 miracula
1654 468 1684 493 et
1707 471 1784 494 nova
1807 471 1843 494 ac
1862 459 1935 494 falsa
1956 472 2008 495 ra-

1259 508 1375 549 ticinia,
1391 508 1513 556 aliaque
1537 509 1613 544 leria
1630 518 1659 543 et
1675 508 1714 543 ab
1735 509 1871 544 anilibus
1892 509 2009 545 fabulis

1259 571 1368 606 parum
1392 559 1535 593 distantia
1549 586 1558 603 ,
1592 571 1805 606 magnumque
1824 559 2008 594 scandalum

1260 608 1419 654 parientia,
1447 609 1531 643 nulla
1555 608 1731 643 devotionis
1753 616 1781 642 et
1804 610 2008 650 auctoritatis,

1259 658 1388 705 eiusque
1418 658 1626 705 improbantis
1651 670 1686 693 ac
1719 658 1898 704 repellentis
1933 659 2010 695 haec

1260 707 1364 742 liabita
1393 708 1523 748 ratione,
1552 708 1646 742 vastis
1672 707 1864 742 clamoribus
1893 709 2010 756 impri-

1259 770 1344 792 mere
1371 770 1406 792 ac
1429 758 1561 792 suadere
1587 757 1704 804 ubique
1731 767 1894 799 conantes3
1916 767 1947 793 et
1971 771 2010 794 ne

1261 807 1431 853 pontificali
1449 808 1576 854 quidem
1600 807 1751 853 dignitate
1775 806 1968 854 fulgentibus
1981 815 2012 844 et

1259 858 1327 891 aliis
1342 857 1501 891 Ecclesiae
1525 857 1668 904 praelatis
1692 865 1866 904 parcentes,
1893 857 2011 904 quibus

1262 907 1365 953 potius
1388 906 1540 941 bonorem
1563 919 1598 942 ac
1635 907 1839 941 reverentiam
1863 907 2011 943 exhibere

1260 956 1422 998 deberent,
1446 956 1502 991 sed
1531 957 1559 990 in
1587 968 1696 991 eorum
1721 968 1871 1003 personas
1898 969 1933 992 ac
1945 966 2011 992 sta-

1262 1016 1326 1040 tum
1362 1006 1523 1041 audaciter
1549 1018 1585 1040 ac
1613 1015 1729 1040 temere
1752 1006 1855 1040 inrelii
1880 1019 2012 1043 consue-

1262 1057 1354 1096 visse,
1378 1066 1405 1091 et
1421 1056 1480 1091 alia
1509 1055 1690 1090 huiusmodi
1714 1056 1911 1092 commisisse
1933 1069 2012 1092 con-

1261 1115 1332 1146 stat,
1356 1106 1385 1140 iu
1410 1105 1550 1141 futurum
1579 1105 1768 1146 al›stineant;
1792 1114 1823 1140 ut
1851 1114 1911 1141 tam
1929 1107 2012 1154 peri-

1262 1156 1405 1190 culosum
1422 1155 1703 1202 contagiosumque
1726 1155 1843 1190 malunt
1867 1169 1900 1191 ac
1932 1169 2013 1192 mor-

1262 1206 1347 1240 tifera
1359 1207 1455 1252 pestis
1464 1206 1612 1240 radicitus
1625 1205 1785 1246 evellatur,
1800 1213 1829 1240 et
1841 1206 2012 1242 arefactum

1262 1256 1301 1290 ita
1326 1256 1452 1303 penitus
1476 1256 1628 1299 deleatur,
1653 1264 1684 1289 ut
1701 1267 1758 1290 nec
1781 1256 1932 1291 memoria
1945 1257 2013 1292 eius

1264 1314 1433 1350 remaneat,
1455 1318 1544 1340 sacro
1560 1305 1755 1352 approbante
1777 1306 1921 1350 concilio,
1948 1315 2013 1341 sta-

1263 1356 1382 1390 tuimus
1417 1364 1447 1390 et
1469 1356 1652 1390 ordinamus
1679 1363 1711 1389 ut
1733 1355 1840 1390 nullus
1864 1363 1924 1390 tam
1948 1357 2013 1391 cle-

1264 1406 1348 1439 ricus
1362 1405 1544 1443 saecularis,
1561 1417 1654 1451 quam
1671 1404 1904 1452 cuiuscumque
1918 1406 2012 1441 etiam

1263 1455 1511 1490 Mendicautiuni
1531 1453 1662 1489 Ordinis
1685 1454 1849 1500 regularis,
1872 1463 1925 1490 aut
1939 1456 2014 1502 qui-

1263 1505 1308 1539 vis
1329 1505 1430 1550 alius,
1464 1504 1502 1539 ad
1525 1516 1621 1551 quem
1646 1504 1777 1539 facultas
1801 1504 2013 1551 praedicandi,

1265 1563 1324 1588 tarn
1347 1554 1385 1589 de
1413 1555 1502 1599 iure,
1528 1566 1621 1601 quam
1651 1554 1690 1589 de
1711 1554 1942 1590 consuetudine
1965 1555 2013 1591 vel

1264 1609 1424 1656 privilegio
1437 1617 1491 1644 aut
1505 1608 1592 1652 alias,
1609 1609 1757 1655 pertinet,
1773 1608 1813 1643 ad
1829 1608 2013 1645 huiusmodi

1262 1662 1399 1698 officium
1415 1662 1626 1698 exercendum
1641 1662 1832 1707 admittatur,
1849 1663 1907 1698 nisi
1924 1664 2015 1711 prius

1264 1729 1318 1765 per
1339 1718 1533 1764 superiorem
1554 1729 1645 1752 suum
1663 1718 1834 1764 respective
1849 1717 2015 1764 diligenter

1263 1771 1459 1806 examinatus
1480 1771 1521 1815 (in
1537 1783 1596 1818 qua
1621 1783 1653 1806 re
1669 1770 1895 1806 conscientiam
1915 1772 2014 1819 ipsius

1262 1826 1438 1873 superioris
1451 1829 1685 1870 oneramus),ac
1699 1837 1820 1860 morum
1837 1825 2015 1873 honestate,

1263 1881 1416 1925 doctrina,
1425 1880 1587 1927 probitate,
1598 1879 1762 1927 prudentia
1773 1888 1803 1914 et
1815 1879 1894 1915 vitae
1909 1892 2017 1917 exem-

1265 1935 1405 1982 plaritate
1425 1934 1462 1969 ad
1488 1933 1563 1969 illud
1587 1942 1679 1981 aptus
1706 1942 1736 1969 et
1764 1933 1897 1969 idoneus
1920 1943 2014 1983 repe-

1263 1990 1372 2028 riatur;
1386 1997 1416 2024 et
1439 1989 1501 2029 liic,
1524 2000 1726 2036 quocumque
1750 1996 1857 2035 postea
1886 1990 2014 2036 praedi-

1263 2052 1389 2080 caturus
1411 2043 1589 2084 accesserit,
1611 2043 1649 2078 de
1673 2043 1853 2078 huiusmodi
1869 2045 2013 2081 examine

1263 2107 1293 2133 et
1327 2098 1496 2134 idoneitate
1527 2110 1582 2132 sua
1613 2110 1668 2145 per
1690 2097 1794 2132 literas
1816 2097 2013 2135 authenticas

1263 2167 1317 2189 seu
1341 2153 1414 2188 alias
1448 2153 1495 2189 sui
1524 2152 1748 2188 examinatoris
1776 2153 2014 2200 approbatoris-

1263 2221 1325 2258 que
1351 2209 1511 2257 episcopis
1532 2217 1562 2244 et
1589 2208 1658 2243 aliis
1681 2208 1821 2243 locorum
1845 2207 2013 2244 ordinariis

1264 2265 1358 2300 fidem
1385 2264 1523 2311 legitime
1546 2262 1647 2298 faciat.

2023 257 2073 284 An.
2089 256 2119 283 C.
2137 256 2204 283 ¹5¹6
2247 298 2250 302 ι

2254 1295 2269 1593 l

2252 1589 2269 1646 ἢ

2259 1654 2268 1693 i

2255 1703 2268 1779 Ξ

477 2333 565 2361 mua,
594 2320 799 2368 posthabitam
830 2320 990 2363 reducere,
1013 2327 1043 2354 et
1071 2328 1220 2355 retentam
1312 2323 1327 2363 g
1349 2321 1383 2353 4.
1404 2317 1591 2353 Mandantcs
1613 2316 1772 2362 omnibus,
1788 2316 1840 2364 qui
1858 2316 1917 2352 boc
1931 2329 2012 2353 onus
2038 2336 2168 2366 aomina-q.
2183 2336 2210 2360 8-

478 2387 678 2415 couscrvar03
715 2375 832 2421 quique
869 2375 983 2422 populo
1013 2374 1141 2409 verbum
1165 2374 1221 2410 Dei
1264 2373 1459 2418 substinent,
1481 2373 1599 2420 quique
1628 2372 1658 2406 in
1682 2371 1821 2407 futurum
1844 2372 2011 2409 substine-
2024 2369 2210 2396 ungena-nium

2024 2405 2109 2421 nusum
2119 2399 2159 2421 DD.
2171 2407 2208 2428 ap·
2259 2417 2263 2423 .

480 2429 659 2478 praedicant
696 2429 770 2463 tales
787 2441 854 2464 csse
876 2429 1040 2476 cupientes
1069 2437 1221 2464 uteorum

480 2483 710 2532 praedicatione
735 2483 874 2518 Ecclesia
891 2484 1010 2518 nullum
1040 2483 1221 2518 scandalum

480 2539 626 2586 patiatur,
637 2537 702 2573 etsi
726 2538 777 2585 qui
795 2538 988 2585 corrigibiles
1009 2547 1082 2573 sunt
1112 2538 1150 2572 ab
1164 2538 1222 2577 his,

481 2605 560 2640 quae
576 2593 725 2641 proximis
741 2593 916 2640 nostrisque
931 2593 1125 2641 temporibus
1139 2605 1225 2641 prac-

481 2656 698 2697 sumpserunt,
709 2660 780 2684 cum
793 2648 960 2684 nonnullos
974 2656 1225 2697 eorum,praeter

1265 2429 1354 2475 bunt,
1370 2437 1402 2465 ut
1417 2429 1630 2476 evangelicam
1647 2427 1806 2463 veritatem
1827 2436 1857 2464 et
1872 2436 2010 2464 sanctam
2024 2431 2209 2485 gfgffirffighgssss·
2257 2436 2266 2483 ff

1264 2485 1474 2533 Scripturam,
1485 2484 1567 2520 iuxta
1581 2483 1836 2526 declarationem,
1855 2484 2012 2532 interpre-

1266 2541 1413 2575 tationem
1435 2548 1465 2575 et
1486 2539 1720 2587 ampliationem
1737 2538 1917 2580 doctorum,
1932 2550 2012 2587 quos

1265 2593 1406 2630 Ecclesia
1423 2594 1466 2629 vel
1485 2607 1560 2630 usus
1578 2593 1749 2629 diuturnus
1762 2593 1957 2641 approbavit,
1972 2592 2012 2629 le-

1265 2648 1449 2697 gendosque
1471 2649 1624 2685 hactenus
1651 2648 1768 2697 recepit
1789 2656 1820 2685 et
1841 2648 1871 2684 in
1898 2655 2012 2698 poste-
