2281 3251
107 281 157 308 Λιι.
175 282 204 307 C.
222 280 289 308 11157

120 1518 204 1539 Fratres
225 1517 288 1544 aliqui

105 1550 167 1570 huius
203 1549 289 1570 Ordinis

105 1581 130 1601 ad
143 1579 289 1601 Men-ficantes

105 1614 125 1631 et
150 1611 203 1631 alios
225 1610 289 1631 Ordi-

105 1647 143 1662 nes
153 1642 244 1662 transire
254 1647 288 1662 vo·

104 1671 188 1693 luerunt
206 1672 245 1699 (1).

923 282 1095 306 tlALtASTtts
1117 284 1153 306 ΙΙΙ
1177 284 1226 306 PP.

344 333 453 363 tionem
473 332 563 363 huius
582 332 681 362 bullae
705 333 858 373 praecipit.
882 351 920 356 —
935 335 963 364 4.
982 335 1055 365 Cou-

345 378 441 408 trariis
465 377 602 407 omuibus
629 378 759 415 derogat.
782 395 819 400 —
846 379 872 408 5.
893 378 1056 410 Transum-

344 422 399 461 ptis
414 422 493 451 credi
517 421 608 451 iubet.

357 498 490 526 camstus
507 498 658 533 episcopus.
677 505 774 528 servus
786 505 927 527 sorvorum
939 499 1002 533 Dei.

453 547 487 575 ad
519 546 644 576 futuram
674 548 715 576 rei
738 548 906 576 memoriam.

353 619 457 666 Super
478 631 605 666 gregem
635 619 831 654 dominicum
858 629 981 656 nostrae
1011 623 1057 656 ri-

192 694 209 712 .'
250 708 253 711 Α
303 669 448 716 gilantiae
475 669 628 703 divinitus
655 669 810 703 creditum
849 670 958 704 intenti
982 685 1058 717 spe—

303 718 452 753 culatoris
479 718 614 753 officium
651 727 857 763 exercentes,
885 733 957 766 erga
987 722 1056 755 siu-

302 768 394 814 gulos
435 768 592 814 regulares
626 767 764 803 Ordines
799 769 895 803 aciem
933 778 1057 805 nostrae

303 816 566 852 considerationis
615 817 823 857 intendimus,
870 828 899 853 et
947 832 1055 854 eorum

302 874 402 901 status
426 867 648 914 perspicaciter
684 867 883 902 meditamur.
908 868 948 902 Et
984 870 1055 916 quia

303 928 439 963 quorum
460 916 588 963 regulae
623 916 756 952 laxiores
772 945 780 960 ,
808 930 984 964 quorumve
1006 931 1057 953 ar-

302 966 416 1000 ctiores
458 967 593 1000 existant
628 978 665 1000 ex
715 967 824 1001 multis
858 969 1056 1012 argumentis

303 1015 497 1062 colligimus,
515 1027 664 1062 personas
688 1015 766 1057 illas,
789 1028 869 1064 quae
891 1017 929 1052 de
951 1017 1057 1064 aliquo

303 1064 503 1109 eorumdem,
524 1066 552 1099 in
570 1077 632 1112 quo
647 1074 721 1099 suut
741 1078 877 1112 superna
895 1068 1054 1102 vocatione

304 1114 416 1154 vocati,
438 1114 475 1148 ad
504 1114 581 1149 alios
602 1114 741 1149 Ordines
770 1115 879 1150 leviter
909 1116 1057 1150 transmi-

303 1172 445 1211 grarunt,
472 1171 503 1198 et
524 1176 617 1211 quae,
633 1176 688 1210 per
712 1165 894 1199 ambitionis
916 1165 1056 1210 devium,

306 1213 345 1248 ab
366 1226 476 1248 eorum
500 1213 687 1248 obedientiis
706 1222 824 1249 temere
847 1224 1056 1260 recesserunt,

303 1262 340 1297 ad
365 1263 500 1309 priorem
523 1262 658 1302 cautam,
680 1264 705 1298 si
730 1264 845 1298 arctior
872 1263 978 1304 fuerit,
1005 1278 1057 1300 re-

303 1312 376 1347 duci
400 1311 606 1352 mandamus,
630 1321 723 1359 prout
755 1325 865 1348 eorum
901 1314 991 1348 saluti
1027 1323 1057 1349 et

302 1360 461 1396 Ordinum
494 1361 678 1397 eorumdem
708 1362 813 1398 decori
841 1363 1057 1411 conspicimus

302 1410 463 1458 expedire.

352 1464 368 1504 g
398 1463 428 1495 1.
451 1460 532 1495 Cum
561 1461 666 1509 itaque
687 1461 769 1496 sicut
796 1461 933 1496 exhibita
964 1462 1055 1497 nobis

304 1522 416 1557 nuper,
441 1523 497 1557 pro
520 1518 607 1558 parte
628 1510 816 1546 dilectorum
834 1511 968 1546 fitiorum
987 1525 1055 1546 ma-

303 1560 390 1606 gistri
427 1560 584 1606 generalis
610 1568 641 1595 et
668 1560 868 1596 definitorum
898 1561 1056 1607 generalis

303 1617 334 1644 et
356 1609 556 1657 provincialis
581 1609 789 1656 capitulorum
828 1610 956 1645 fratrum
993 1611 1055 1645 Or-

303 1659 388 1693 dinis
421 1659 536 1694 Beatae
569 1659 686 1694 Mariae
727 1659 766 1694 de
808 1660 954 1695 Mercede
989 1659 1054 1695 Re-

303 1708 495 1755 demptionis
530 1707 761 1756 Captivorum,
803 1709 912 1756 petitio
952 1711 1055 1745 conti-

303 1757 420 1801 nebat,
445 1757 528 1804 quod
559 1758 701 1792 nonnulli
730 1771 767 1793 ex
791 1759 940 1794 fratribus
967 1760 1054 1794 eius-

302 1807 374 1843 dem
397 1806 528 1842 Ordinis
555 1820 705 1855 expresse
729 1809 873 1855 professi,
892 1810 1053 1845 vocatione

303 1870 360 1892 sua
389 1869 450 1891 non
474 1858 636 1902 contenti,
672 1865 702 1892 et
738 1858 942 1893 immemores
968 1859 1053 1906 quod

303 1907 376 1954 ipsi,
415 1906 606 1941 voluntatem
647 1907 806 1955 propriam
836 1908 1054 1955 abnegantes,

303 1956 502 2003 semetipso&
526 1969 582 2004 pro
619 1956 835 2003 redemptione
859 1959 1052 2004 captivorum

303 2006 355 2053 qui
379 2006 408 2040 in
438 2014 590 2052 potestate
624 2006 798 2041 infidelium
830 2007 928 2042 durae
955 2008 1054 2043 servi-

304 2056 359 2090 tuti
395 2055 627 2100 subiiciuntur,
654 2055 818 2091 Altissimo
846 2056 1053 2099 devoverunt,

304 2105 486 2153 profitentes
508 2118 542 2140 se
565 2114 701 2152 paratOS,
730 2107 822 2140 etiam
862 2119 918 2153 pro
960 2109 1055 2142 unius

303 2154 524 2202 redemptione
555 2155 681 2202 captivi,
718 2168 779 2190 non
804 2156 899 2191 modo
933 2157 1054 2204 seipsos

302 2205 472 2252 captivitati
492 2217 685 2252 paganorum
710 2205 740 2240 in
770 2206 968 2241 excambium
993 2216 1054 2241 tra-

302 2253 388 2298 dere,
414 2254 468 2288 sed
500 2254 605 2295 etiam,
633 2254 657 2289 si
686 2267 769 2301 opus
803 2255 893 2294 foret,
919 2264 1052 2291 mortem

301 2311 332 2338 et
372 2312 524 2339 tormenta
560 2304 719 2351 quaelibet
754 2304 906 2349 tolerare,
945 2318 979 2340 se
1015 2306 1054 2341 ab

302 2353 484 2389 huiusmodi
512 2355 612 2388 sancti
644 2355 704 2388 voti
740 2354 837 2400 iugo,
869 2356 1053 2391 auctoritate

303 2403 440 2450 propria,
450 2402 724 2448 subtrahentlo,ad
738 2403 987 2439 Mendicantium
998 2417 1052 2440 seu

302 2452 436 2487 aliorum
452 2451 608 2488 Ordinum
633 2454 821 2488 monasteria
848 2454 912 2488 sive
942 2454 1054 2490 domos

302 2502 502 2537 evolaverint.
538 2502 689 2538 Nonnulli
726 2515 797 2538 vero
832 2517 868 2538 ex
910 2504 1053 2549 eisdem,

302 2551 411 2586 habitu
443 2559 587 2594 retento,
627 2553 682 2587 sed
724 2553 920 2588 obedientiae
948 2553 1054 2589 fraeno

337 2631 377 2666 (1)
393 2631 432 2657 Tu
449 2631 517 2658 scias
538 2632 563 2659 id
580 2632 692 2660 fortasse
708 2633 746 2660 eis
763 2633 840 2660 licere
852 2642 884 2660 ex
901 2641 958 2668 cap.
974 2635 1053 2665 Licet,

302 2676 340 2703 De
358 2676 543 2709 regularibus.

1737 273 1744 304 1
1763 273 1794 304 'il

1098 338 1237 378 effracto,
1261 349 1316 385 per
1343 337 1447 371 curias
1474 336 1706 383 praelatorum,
1729 344 1781 370 aut
1798 350 1852 370 -rn-

1098 400 1186 433 gum,
1210 388 1402 433 reginarum,
1420 394 1472 420 aut
1486 386 1618 420 aliorum
1638 385 1848 420 saecularium

1100 437 1290 484 principum,
1315 437 1344 470 in
1367 435 1573 483 opprobrium
1601 435 1676 469 dicti
1705 434 1849 473 Ordinis,

1100 487 1171 521 binc
1207 487 1280 521 inde
1306 486 1496 529 discurrant,
1523 493 1552 519 et
1588 484 1669 518 varia
1701 484 1848 518 scaudala

1098 548 1329 583 saepenumero
1353 535 1484 583 pariant.

1147 588 1168 632 5¹
1189 588 1221 619 2.
1244 585 1320 640 Nos,
1344 584 1532 620 meditantes
1558 584 1654 638 quod,
1682 596 1717 618 ex
1740 595 1829 618 acce
1833 604 1850 609 -

1867 283 1916 309 Au.
1933 284 1960 308 t).
1982 283 2047 309 ¹057

1879 594 1907 614 tt·
1912 602 1954 614 m·
1951 596 1983 614 und
1993 594 2020 614 Po
2010 602 2050 615 Γιιι-

1939 629 1956 644 11
1960 630 2048 645 ausitunt

1099 635 1186 669 sione
1207 635 1388 670 emissionis
1410 633 1593 681 posterioris
1609 634 1682 677 voti,
1705 629 1877 667 videlic-ev*
1865 664 1893 682 p
1883 625 1956 676 s,.¹‚‚‚,.'
1941 660 1980 678 ,,
2030 661 2048 674 ρ,

1101 697 1155 731 pto
1179 685 1395 730 redemptione
1419 682 1613 723 huiusmodi,
1641 683 1678 717 ad
1708 684 1764 717 tria
1795 691 1908 737 per¹¹³¹¹

1100 734 1239 780 reliquos
1274 734 1464 778 religionum
1506 733 1719 779 quarumlibet
1749 733 1868 768 emittit

1099 791 1249 818 consueta
1272 782 1490 817 substantialia
1515 791 1595 826 vota,
1612 791 1646 816 ut
1666 783 1848 829 pererrina-

1100 833 1199 867 tiones
1227 833 1477 873 transmarinas,
1512 844 1567 878 pro
1606 831 1786 866 accedendo
1811 831 1869 865 .ιιΙι

1101 882 1244 917 infideles
1282 882 1434 921 eosdem,
1461 890 1492 916 et
1529 881 1740 928 periculosam
1776 894 1847 916 cum

1100 932 1230 978 paganis
1264 931 1536 966 conversationem
1577 940 1607 965 et
1643 931 1762 977 reliqua
1800 944 1849 965 re-

1099 981 1290 1028 demptionis
1303 981 1446 1015 eiusdem
1460 980 1641 1015 discrimina
1657 982 1850 1019 omittamus,

1099 1031 1159 1065 tale
1183 1031 1342 1065 vinculum
1371 1030 1519 1065 fratribus
1545 1030 1619 1064 dicti
1648 1029 1779 1065 Ordinis
1815 1031 1850 1065 ss.

1098 1080 1215 1115 Mariae
1242 1079 1282 1114 de
1305 1079 1450 1115 Mercede
1479 1079 1602 1114 videtur
1632 1080 1796 1121 accedere,
1821 1091 1851 1113 ιιι

1099 1129 1187 1164 Ordo
1210 1130 1277 1177 ipse
1301 1129 1445 1164 videatur
1468 1142 1530 1163 uon
1560 1128 1654 1163 modo
1688 1131 1718 1164 in
1744 1130 1850 1176 regula

1099 1179 1226 1225 largior,
1261 1179 1326 1213 sive
1365 1191 1419 1226 par
1452 1178 1519 1213 aliis
1555 1178 1731 1213 Ordinibus
1761 1189 1853 1213 aute—

1099 1229 1204 1270 dictis,
1231 1228 1286 1263 sed
1309 1229 1355 1263 eis
1385 1228 1478 1274 longe
1500 1227 1615 1262 arctior
1649 1241 1710 1262 nou
1741 1228 1853 1263 imme-

1100 1278 1158 1313 rito
1182 1290 1275 1325 posse
1297 1278 1443 1321 censeri,
1467 1278 1650 1312 auctoritate
1678 1278 1850 1324 apostol-ea

1098 1336 1128 1362 et
1154 1340 1192 1362 ex
1215 1336 1299 1362 certa
1322 1327 1450 1362 scientia
1469 1355 1476 1367 ,
1505 1335 1615 1361 tenore
1639 1330 1851 1373 praesentium

1098 1378 1268 1412 statuimus
1299 1390 1335 1412 ac
1357 1377 1449 1412 etiam
1478 1377 1662 1411 ordinamus
1684 1390 1795 1412 omnes
1823 1387 1851 1411 et

1098 1427 1253 1473 singulos,
1281 1427 1333 1473 qui
1364 1427 1393 1460 in
1419 1426 1558 1474 praefato
1581 1426 1702 1461 Ordine
1724 1427 1761 1461 B.
1793 1428 1854 1461 31..-

1099 1475 1161 1510 riae
1184 1477 1326 1511 solemne
1343 1484 1449 1510 votum
1475 1475 1683 1522 professionis
1697 1489 1851 1523 expresse

1098 1525 1272 1570 emiserint,
1293 1526 1332 1560 ita
1353 1526 1410 1572 ipsi
1434 1525 1546 1560 ordini
1567 1526 1726 1572 perpetuis
1741 1539 1850 1562 corum

1099 1575 1178 1610 vitae
1201 1575 1397 1623 temporibus
1420 1575 1485 1610 fore
1505 1575 1670 1610 efficaciter
1685 1576 1851 1623 obligatos,

1098 1633 1155 1665 ut,
1200 1625 1321 1672 absque
1357 1625 1450 1660 Sedis
1488 1624 1689 1671 Apostolicae
1723 1627 1851 1673 speciali

1098 1674 1235 1719 licentia,
1260 1676 1307 1710 eis
1327 1674 1364 1709 ad
1389 1674 1466 1709 alios
1480 1686 1724 1721 quoscumque,
1754 1689 1853 1722 regu-

1098 1723 1176 1758 la'res
1199 1725 1291 1759 etiam
1323 1724 1587 1759 monasteriorum
1615 1724 1754 1760 Ordines
1775 1740 1829 1760 eos
1844 1754 1853 1770 ,

1098 1774 1283 1809 transeundi
1303 1774 1470 1809 auctoritas
1494 1774 1539 1808 vel
1563 1781 1700 1820 potestas
1724 1775 1852 1809 minima·

1096 1823 1137 1857 sit
1181 1836 1342 1858 concessa.
1380 1823 1597 1858 Decernentes
1636 1832 1786 1859 statutum
1823 1826 1853 1859 ei

1097 1872 1327 1908 ordinationem
1353 1882 1490 1907 nostram
1529 1873 1711 1908 huiusmodi
1727 1902 1735 1918 ,
1759 1876 1850 1909 etiam

1096 1923 1133 1956 ad
1158 1923 1313 1969 praefatos
1336 1923 1510 1957 eorundem
1536 1922 1749 1969 professorum
1771 1925 1850 1959 trabi

1097 1972 1331 2027 translationes,
1356 1973 1395 2007 ita
1419 1972 1573 2010 videlicet,
1589 1973 1672 2018 quod
1696 1975 1852 2019 generalis

1097 2022 1246 2068 magister
1268 2031 1297 2057 et
1321 2022 1504 2057 definitores
1521 2022 1661 2068 praefati,
1691 2033 1852 2069 presentes

1096 2073 1193 2119 etqui
1219 2085 1274 2119 pio
1308 2080 1449 2119 tempore
1473 2071 1608 2115 fuerint,
1649 2084 1703 2118 per
1737 2085 1770 2107 se
1805 2074 1850 2109 iel

1095 2121 1193 2156 alium
1223 2134 1277 2157 seu
1307 2122 1407 2161 alios
1431 2133 1650 2168 quoscumque
1674 2121 1851 2168 religiosos,

1096 2176 1148 2222 qui
1172 2175 1292 2210 dictum
1320 2175 1474 2210 Ordinem
1499 2175 1535 2209 Β.
1559 2175 1675 2210 Mariae
1703 2188 1851 2222 expresse

1098 2230 1229 2277 professi
1247 2230 1373 2275 fuerint,
1387 2239 1420 2264 ut
1437 2229 1622 2276 praefertur,
1635 2229 1851 2277 dequibusvis

1095 2284 1164 2319 aliis
1199 2285 1375 2320 Ordinibus
1415 2297 1590 2331 eorumque
1624 2286 1850 2325 monasteriis,

1096 2338 1245 2374 domibus
1282 2339 1346 2373 sive
1381 2339 1485 2382 locis,
1527 2337 1564 2372 ad
1606 2350 1686 2385 quae
1720 2339 1850 2383 forsan,

1096 2393 1189 2428 etiam
1213 2406 1283 2428 cum
1317 2405 1448 2427 suorum
1483 2392 1681 2439 superiorum
1723 2393 1847 2428 licentia

1096 2455 1124 2482 et
1149 2448 1273 2482 babitus
1297 2448 1481 2487 mutatione,
1505 2460 1560 2494 pro
1579 2455 1719 2494 tempore
1742 2449 1851 2482 trausi-

1098 2509 1214 2546 verant,
1234 2510 1376 2549 repetere
1400 2501 1520 2548 possint
1543 2510 1572 2535 et
1597 2501 1743 2536 debeant.
1767 2501 1849 2547 Ipsi-

1096 2568 1158 2602 que
1190 2556 1236 2590 sic
1273 2555 1410 2590 translati
1447 2555 1609 2602 religiosi,
1649 2555 1741 2590 ctiam
1778 2556 1847 2589 sine

1097 2610 1281 2657 repetitione
1305 2609 1499 2650 huiusmodi,
1521 2609 1558 2644 ad
1583 2609 1717 2656 priorem
1747 2608 1847 2643 Ordi-

1097 2677 1167 2699 nem
1191 2664 1227 2699 B.
1257 2664 1371 2700 Mariae
1393 2663 1615 2712 praedictum,
1642 2662 1700 2697 sub
1734 2662 1847 2698 virtute

1904 688 1977 707 ΜΗ
1969 694 2022 713 pra
2043 699 2052 701 -

1864 722 1932 744 1p.t
1935 719 2049 738 ildivtutn

1869 751 2049 799 γιιιιηιΜιιΓιιιΙκ

1864 787 1902 803 re,
1937 780 2005 800 1104131

1863 811 1935 834 illum
1952 816 2013 836 151οει
2012 787 2050 830 i'lu

1864 842 1931 892 :imni
1989 842 2049 864 1111,

2001 872 2047 891 aib-

1865 878 2047 924 511101111οω0,-

1866 941 1896 956 se,
