2281 3251
257 268 306 296 Aa.
327 267 356 296 C.
373 268 439 295 mo

261 534 299 561 Qui
308 539 393 554 errores
404 534 441 553 im-

255 566 313 593 probi
331 568 385 586 nunt

505 257 573 290 752

503 325 560 358 41.
584 322 717 357 Praelati
754 319 957 356 ecclesiastici
987 328 1016 355 et
1044 319 1205 367 principes

455 373 634 409 saeculares
669 383 731 406 non
767 370 1012 415 malefacerent,
1035 370 1059 404 si
1095 381 1205 405 omnes

455 435 564 459 saccos
585 421 797 457 mendicitatis
820 419 972 455 delerent.

505 473 525 521 g
552 475 584 507 2.
616 471 678 514 Qui
712 470 841 517 quidem
871 481 1005 525 errores,
1033 469 1204 516 respectiie

454 536 548 571 quam
565 523 625 557 sint
642 520 790 569 pestiferi,
802 532 896 567 quam
915 519 1095 567 perniciosi,
1111 531 1203 566 quam

454 572 650 611 scandalosi,
672 583 766 618 quam
797 571 918 618 piarum
947 578 976 605 et
1011 569 1203 624 simplicium

455 623 606 658 mentium
641 620 821 660 seductivi,
853 632 948 667 quam
977 619 1115 666 deniqne
1142 619 1204 654 sint

454 682 560 708 contra
584 683 709 706 omnem
734 670 906 710 caritatem
923 668 1007 705 acS
1029 669 1067 704 R.
1082 669 1120 703 E.
1137 681 1205 704 ma-

455 724 510 757 tris
541 721 681 756 omnium
716 720 853 755 fidelium
877 728 908 755 et
931 720 1095 766 magistrae
1131 719 1202 754 fidei

453 772 659 807 reverentiam
694 778 788 817 atque
816 782 947 805 nervum
976 770 1204 805 ecclesiasticae

453 822 648 869 disciplinae,
663 820 875 856 obedientiam
892 819 1023 864 scilicet,
1041 832 1121 867 quae
1136 820 1205 854 fons

453 881 498 908 est
521 880 551 907 et
572 872 660 918 origo
689 871 833 905 omnium
858 870 1019 914 virtutum,
1048 871 1116 904 sine
1143 883 1202 917 qua

453 922 542 957 facile
569 920 788 968 unusquisque
818 920 952 955 infidelis
978 931 1046 955 esse
1074 921 1205 955 convin-

452 973 560 1016 citur,
595 983 688 1006 nemo
714 983 808 1005 sanae
837 970 952 1005 mentis
979 969 1112 1017 ignorat.
1140 969 1204 1004 Nos

452 1022 545 1069 igitur
573 1022 602 1055 in
633 1021 834 1069 praemissis,
871 1028 978 1067 utpote
1000 1020 1204 1067 gravissimis,

452 1072 641 1119 propensius
667 1076 711 1115 (ut
740 1071 839 1115 decet)
869 1069 1052 1117 procedere,
1081 1082 1202 1105 necnon

451 1121 636 1158 huiusmodi
665 1122 744 1168 pesti
771 1120 945 1167 morboque
967 1132 1149 1160 canceroso,
1166 1132 1204 1155 ne

451 1171 481 1207 in
493 1184 568 1218 agro
582 1171 741 1206 dominico
765 1179 924 1218 tamquam
941 1182 1051 1217 iepres
1072 1171 1203 1205 nocivus

451 1222 586 1257 ulterius
608 1229 724 1268 serpat,
747 1221 828 1256 viam
854 1220 1055 1267 praecludere
1069 1221 1202 1267 cupien-

451 1278 509 1313 tes,
536 1271 641 1306 habita
669 1282 766 1318 snper
794 1270 963 1318 praedictis
990 1270 1152 1305 erroribus
1174 1278 1203 1305 et

450 1333 558 1356 eorum
582 1320 716 1368 singulis
730 1320 870 1367 diligenti
895 1320 1109 1361 trutinatione,
1136 1320 1204 1354 dis-

450 1372 596 1406 cussione
624 1383 660 1406 ac
681 1370 822 1405 districto
849 1370 992 1405 examine
1019 1378 1203 1417 maturaque

450 1420 699 1465 deliberatione,
727 1420 943 1467 omnibusque
978 1420 1034 1454 rite
1066 1421 1203 1468 pensatis

450 1483 485 1506 ac
521 1471 648 1517 saepius
675 1471 830 1505 ventilatis
865 1482 936 1504 cum
970 1470 1202 1505 venerabilibus

451 1521 596 1556 fratribus
620 1520 734 1555 nostris
748 1520 781 1555 S.
805 1520 844 1555 R.
866 1519 902 1554 E.
927 1519 1152 1561 cardinalibus,
1169 1532 1202 1554 ac

451 1570 642 1626 regularium
665 1570 823 1605 Ordinum
848 1569 1007 1617 prioribus
1029 1582 1083 1604 seu
1108 1570 1203 1604 mini-

448 1621 520 1656 stris
542 1620 755 1668 generalibus,
779 1619 988 1676 pluribusque
1005 1620 1075 1655 aliis
1096 1632 1203 1655 sacrae

449 1671 636 1717 theologiae,
653 1682 774 1705 necnon
791 1670 955 1718 utriusque
979 1670 1057 1705 iuris
1080 1670 1201 1726 profes-

449 1720 574 1756 soribus
600 1721 664 1756 sive
689 1721 855 1767 magistris,
871 1728 900 1755 et
922 1720 1052 1768 quidem
1076 1720 1203 1768 peritis-

448 1771 549 1826 simis,
572 1771 748 1818 reperimus
769 1771 898 1806 eosdem
922 1782 1068 1812 errores,
1093 1782 1202 1818 respe-

450 1821 530 1856 ctive
553 1824 597 1864 (ut
616 1820 799 1868 praefertur)
827 1828 880 1855 ant
895 1820 1044 1855 articulos
1059 1833 1120 1855 non
1134 1833 1203 1856 esse

450 1871 631 1912 catholicos,
649 1883 706 1905 nec
721 1879 880 1918 tamquam
895 1870 972 1905 tales
985 1883 1055 1906 esse
1077 1871 1204 1916 dogma-

451 1921 608 1965 tizandos,
631 1920 685 1956 sed
709 1929 816 1956 contra
844 1920 1006 1955 Ecclesiae
1030 1921 1202 1956 catholicae

450 1971 624 2007 doctrinam
647 1971 714 2005 sire
737 1970 954 2015 traditionem,
986 1980 1079 2018 atque
1102 1970 1140 2005 ab
1168 1983 1202 2006 ea

450 2034 553 2057 veram
582 2021 759 2056 divinarum
780 2020 1015 2068 Scripturarum
1044 2029 1201 2068 receptam

452 2071 757 2119 interpretationem,
779 2071 870 2106 cuius
892 2070 1069 2105 auctoritati
1095 2071 1134 2106 ita
1157 2083 1204 2106 ac-

451 2125 681 2173 quiescendum
705 2125 829 2160 censuit
857 2125 1069 2172 Augustinus,
1092 2133 1127 2159 ut
1155 2125 1203 2160 di-

451 2181 530 2216 xerit
552 2193 585 2215 se
601 2181 772 2228 Evangelio
791 2193 854 2216 non
879 2181 975 2216 fuisse
993 2180 1202 2221 crediturum,

451 2235 511 2270 nisi
539 2235 701 2271 Ecclesiae
724 2235 894 2271 catholicae
919 2236 1136 2271 intervenisset
1152 2248 1205 2271 an-

452 2290 591 2325 ctoritas.
602 2290 678 2325 Nam
689 2303 724 2325 cx
736 2290 854 2325 eisdem
865 2290 1025 2325 erroribus
1034 2290 1081 2325 vel
1091 2302 1201 2325 corum

452 2344 557 2391 aliquo
572 2344 620 2378 vel
635 2344 795 2392 aliquibus
823 2344 924 2392 palam
942 2344 1095 2391 sequitur,
1109 2356 1202 2380 eam-

453 2399 525 2434 dem
539 2399 728 2439 Ecclesiam,
746 2411 828 2447 quae
848 2398 969 2447 Spiritu
987 2398 1102 2433 Sancto
1117 2399 1203 2446 regi-

455 2462 516 2497 tur,
543 2465 648 2489 errare
677 2462 707 2489 ct
733 2466 858 2502 semper
879 2466 1011 2489 errasse.
1039 2453 1132 2496 Quod
1156 2462 1203 2488 est

455 2509 560 2556 utique
587 2517 694 2544 contra
724 2508 812 2550 illud,
835 2509 919 2556 quod
943 2508 1090 2544 Christus
1109 2508 1204 2543 disci-

455 2563 538 2610 pulis
560 2563 626 2599 suis
642 2564 671 2598 in
688 2563 883 2599 Aseeusione
905 2575 962 2599 sua
986 2566 1031 2607 (ut
1048 2564 1077 2598 in
1094 2571 1203 2598 sancto

454 2617 625 2665 Evangelio
634 2618 781 2654 Matthaei
794 2618 918 2666 legitur)
929 2618 1071 2666 promisit
1083 2617 1202 2653 dicens:

456 2673 525 2718 qu
545 2673 698 2708 vobiscum
732 2685 798 2708 sum
824 2686 917 2720 usque
948 2675 990 2709 ad
1011 2686 1204 2709 consumma-

1019 263 1205 287 BCLLARtrn
1231 263 1394 287 nonnam

1246 319 1357 353 tionem
1377 320 1509 357 saeculi:
1533 330 1653 354 necnon
1682 325 1788 353 contra
1815 325 1995 352 sanctorum

1247 369 1374 404 lâ€˜atrum
1390 369 1679 413 determinationes,
1694 368 1898 403 conciliorum
1915 379 1996 415 quo-

1245 431 1306 466 que
1329 427 1358 454 et
1380 418 1585 454 Summorum
1613 418 1802 453 Pontificum
1831 429 1996 465 expressas

1246 469 1460 504 ordinationes
1497 481 1551 503 seu
1583 480 1737 507 canoneS,
1773 467 1891 515 quibus
1934 479 1995 502 non

1246 518 1494 567 obtemperasse,
1508 519 1652 553 omnium
1669 518 1833 552 haeresum
1846 526 1876 552 et
1892 517 1995 552 schis-

1247 577 1383 614 matum,
1412 577 1491 604 teste
1513 568 1688 617 Cypriam,
1717 567 1817 603 fomes
1839 576 1868 603 et
1902 579 1995 603 causa

1245 631 1371 666 semper
1390 619 1456 654 luit.

1295 668 1314 716 S
1331 672 1362 704 5.
1382 668 1427 705 De
1444 667 1629 704 eorumdem
1646 667 1752 714 itaque
1768 667 1994 702 venerabilium

1246 718 1374 753 fratrum
1399 728 1579 755 nostrorum
1602 718 1734 752 consilio
1757 725 1787 751 et
1801 729 1944 758 assensu,
1960 730 1995 752 ac

1245 769 1387 804 omnium
1408 779 1437 804 et
1464 768 1664 815 singulorum
1681 767 1912 815 praedictorum
1930 780 1997 803 ma-

1246 827 1314 853 tnra
1350 819 1575 855 deliberatione
1603 818 1782 864 praedicta,
1810 817 1996 853 auctoritate

1246 869 1471 917 omnipotentis
1486 869 1544 904 Dei
1558 877 1586 904 et
1603 868 1763 903 beatorum
1780 868 1996 914 apostolorum

1245 919 1329 955 Petri
1354 928 1383 954 et
1407 920 1496 954 Pauli
1519 928 1548 954 et
1571 927 1688 958 nostra,
1713 917 1869 965 praefatos
1884 929 1995 953 omnes

1245 978 1274 1004 et
1290 970 1432 1016 singulos
1446 969 1594 1004 articulos
1620 980 1674 1003 seu
1684 979 1818 1012 errores,
1835 977 1994 1015 tamqnam

1246 1024 1290 1063 (ut
1313 1020 1531 1067 praemittitur)
1548 1020 1721 1066 respective
1745 1018 1920 1053 haereticos
1942 1027 1996 1053 aut

1245 1069 1448 1105 scandalosos
1469 1078 1522 1105 aut
1548 1069 1641 1104 falsos
1666 1078 1717 1103 aut
1734 1068 1854 1115 piarum
1869 1068 1995 1103 aurium

1245 1120 1414 1155 offensivos
1434 1120 1480 1154 vel
1503 1119 1695 1166 simplicium
1719 1118 1873 1153 mentium
1902 1117 1999 1153 sedu-

1245 1170 1343 1204 ctiros
1360 1178 1389 1205 et
1407 1170 1526 1205 veritati
1542 1168 1714 1204 catholicae
1725 1167 1901 1209 obviantes,
1914 1167 1999 1203 dam-

1246 1232 1375 1260 namus,
1404 1219 1612 1267 reprobamus
1640 1228 1733 1266 atque
1764 1219 1895 1253 omnino
1923 1218 1998 1253 reii-

1245 1269 1356 1314 cimus,
1379 1282 1415 1304 ac
1439 1282 1494 1317 pro
1517 1269 1684 1310 damnatis,
1709 1267 1882 1316 reprobatis
1902 1276 1933 1303 et
1947 1280 1999 1303 re-

1245 1319 1333 1354 iectis
1361 1319 1399 1354 ab
1421 1319 1571 1354 omnibus
1600 1319 1764 1366 utriusque
1794 1331 1890 1353 sexus
1912 1317 2000 1353 chri-

1244 1368 1432 1404 stifidelibus
1468 1369 1574 1404 haberi
1603 1368 1741 1413 debere,
1776 1367 1886 1403 harum
1918 1368 1999 1403 serie

1244 1419 1445 1455 decernimus
1468 1428 1498 1454 et
1520 1418 1728 1454 declaramus.
1747 1417 1944 1459 Inhibentes,
1966 1417 1996 1453 in

1246 1469 1357 1504 virtute
1371 1477 1497 1504 sanctae
1525 1468 1722 1504 obedientiae
1744 1480 1780 1503 ac
1796 1468 1855 1503 sub
1871 1468 1998 1503 maioris

1244 1519 1580 1554 excommunicationis
1607 1518 1686 1553 latae
1712 1519 1907 1560 sententiaeÍ¾
1940 1530 1998 1554 nec

1245 1581 1320 1614 non,
1342 1569 1446 1617 quoad
1460 1569 1689 1605 ecclesiasticas
1704 1576 1734 1604 et
1748 1568 1910 1616 regulares
1927 1581 1999 1616 per-

1244 1631 1349 1664 sonas,
1377 1620 1605 1667 episcopalium
1627 1620 1792 1663 omnium,
1819 1619 1912 1653 etiam
1941 1630 1999 1666 pa-

1245 1669 1471 1709 triarchalium,
1487 1669 1801 1716 metropolitanarum
1815 1677 1844 1704 et
1863 1669 1996 1704 aliarum

1245 1719 1472 1755 cathedralium
1497 1720 1717 1763 ecclesiarum,
1732 1719 1997 1754 monasteriorum

1244 1781 1371 1817 quoque
1399 1779 1428 1805 et
1458 1770 1665 1817 prioratuum,
1688 1769 1781 1804 etiam
1805 1778 1999 1805 conventua-

1244 1819 1321 1854 lium
1358 1828 1387 1854 et
1415 1832 1691 1868 quarumcumque
1725 1819 1912 1866 dignitatum
1946 1827 1999 1854 aut.

1244 1869 1474 1905 beneficiorum
1508 1870 1819 1911 ecclesiasticorum,
1856 1869 1998 1905 saecula-

1245 1920 1326 1954 rium
1351 1920 1599 1968 autquorumvis
1613 1919 1771 1954 Ordinum
1795 1920 1997 1967 regularium,

1245 1970 1428 2018 privationis
1443 1979 1473 2005 et
1497 1970 1700 2005 inhabilitatis
1715 1969 1753 2004 ad
1775 1948 1848 2005 illaD
1848 1978 1877 2005 et
1892 1969 1951 2005 alia
1967 1970 1996 2004 in

1245 2028 1406 2067 posterum
1435 2020 1624 2061 obtinenda,
1652 2032 1714 2068 quo
1742 2031 1815 2055 vero
1845 2020 1884 2055 ad
1919 2032 1997 2055 con-

1245 2078 1368 2113 ventus,
1391 2071 1526 2119 capitula
1550 2083 1604 2106 seu
1628 2070 1740 2105 domos
1776 2078 1829 2104 aut
1851 2070 1899 2118 pia
1930 2070 1998 2106 loca

1245 2125 1454 2160 saecularium
1478 2126 1524 2161 vel
1547 2124 1751 2172 regularium,
1768 2125 1860 2160 etiam
1872 2125 1997 2160 Mendi-

1245 2180 1383 2215 cantium
1411 2193 1534 2216 necnon
1548 2180 1790 2221 Universitates,
1814 2180 1907 2215 etiam
1927 2179 1998 2215 Stu-

1244 2234 1368 2269 diorum
1386 2235 1592 2282 generalium,
1611 2247 1887 2283 quorumcumque
1901 2235 1997 2282 privi-

1245 2289 1409 2336 legiorum,
1433 2290 1639 2335 indultorum,
1661 2302 1677 2325 a
1703 2289 1786 2325 Sede
1815 2290 1995 2337 Apostolica

1245 2344 1292 2379 vel
1326 2345 1392 2379 eius
1419 2345 1548 2392 legatis,
1576 2353 1629 2379 aut
1657 2345 1731 2380 alias
1759 2344 1997 2392 quomodolibet

1245 2399 1424 2435 habitorum
1454 2400 1499 2435 rel
1527 2399 1743 2440 obtentorum,
1766 2400 1996 2448 cuiuscumque

1245 2454 1363 2489 tenoris
1384 2454 1535 2496 existant3
1555 2466 1677 2490 necnon
1697 2454 1835 2489 nominis
1853 2462 1883 2489 et
1906 2464 1996 2501 pote-

1245 2509 1333 2544 statis
1346 2508 1494 2544 Studium
1510 2509 1654 2556 generale
1669 2508 1807 2553 tenendi,
1823 2508 1945 2555 legendi
1959 2521 1996 2544 ac

1248 2564 1611 2612 interpretandiquasvis
1620 2564 1765 2599 scientias
1774 2572 1803 2598 et
1820 2563 1995 2610 facultates,

1246 2627 1276 2654 et
1299 2619 1503 2655 inhabilitatis
1525 2619 1563 2655 ad
1580 2619 1630 2654 illa
1653 2627 1683 2654 et
1709 2619 1767 2654 alia
1791 2619 1821 2653 in
1836 2626 1994 2666 posterum

1246 2674 1435 2717 obtinenda3
1470 2674 1711 2723 praedicationis
1737 2685 1861 2722 quoque
1887 2673 1995 2716 officii,

2013 262 2062 290 An.
2081 261 2109 290 C.
2128 263 2195 292 Â¹520

2019 682 2081 704 Pom.
2092 687 2129 704 eoÎ‡
2140 683 2196 704 dam-

2011 718 2045 735 nat
2061 718 2123 741 t-omq.
2142 714 2196 736 hae-

2009 748 2090 767 reticos
2111 748 2133 767 et
2154 744 2197 766 1â¸1-

2011 783 2054 798 flos.
