2281 3251
92 263 140 290 An.
158 265 186 290 tl.
204 264 271 291 11ι67

103 1059 207 1086 Perpetua
235 1065 273 1086 pax

91 1092 146 1112 inter
157 1090 203 1111 nat.
219 1097 248 1117 pri
244 1091 275 1110 i-ti

91 1123 149 1149 cipes
165 1122 250 1142 indicta.

935 266 1056 290 PAULFS
1080 268 1104 290 11
1130 268 1176 290 PP.

289 319 416 366 petitam
441 320 698 354 deliberationem
716 327 881 361 maturam,
898 332 969 355 cum
994 333 1042 355 ve-

288 368 481 403 nerabilibus
510 369 656 404 fratribus
680 369 795 403 nostris
816 370 956 404 eiusdem
980 369 1042 404 Ro-

288 429 397 452 manae
427 417 590 452 Ecclesiae
623 418 837 452 cardinalibus
874 419 1039 453 nobiscum

289 478 348 501 una
372 466 498 513 provide
521 467 796 501 considerantibus
829 469 1039 502 necessarium

287 522 380 562 atque
402 515 574 562 expediens
587 516 663 560 fore,
679 516 714 550 ad
733 516 929 551 cohibendos
951 517 1040 551 Tur-

287 576 393 599 carum
426 573 556 599 conatus
590 565 789 611 praedictos,
808 567 874 612 qui,
903 567 1039 612 peccatis

287 613 490 655 facientibus,
507 614 612 660 augeri
638 614 785 648 videntur
815 628 842 648 m
874 615 954 659 dies,
969 624 1039 649 vota

287 662 458 697 multorum
487 675 608 709 regum,
629 663 808 709 principum
837 672 867 698 et
902 673 1040 711 potsnta-

288 720 389 752 tuum,
404 711 487 758 quod
503 724 565 746 non
581 712 679 756 aliter,
692 713 749 746 uisi
773 721 893 760 pacata,
908 722 940 747 ut
957 727 1000 760 pi
994 726 1037 748 2-10

288 761 406 805 fertur,
445 761 555 800 Italia,
592 761 668 796 huic
702 763 862 796 communi
898 762 1040 809 periculo

287 819 361 844 sunt
384 810 497 844 auxilia
520 810 691 857 praebituri
711 838 719 851 ,
744 811 772 844 in
804 824 897 846 uuam
927 824 1040 846 conve-

287 859 354 893 nire
378 859 579 899 senteutiam,
599 860 725 894 unicam
751 860 958 906 plurimorum
983 873 1041 907 po-

287 908 417 943 tentiam
446 908 593 949 efficere,
627 909 772 956 viresque
808 909 947 944 fidelium
985 922 1040 956 pro

287 957 480 1005 experientia
504 958 747 1004 praemissorum
773 959 964 993 unanimiter
990 971 1040 993 ex-

287 1007 381 1053 periri
398 1018 474 1053 opor
479 1013 553 1046 tere
570 1015 798 1054 omnipotentis
809 1007 866 1042 Dei
882 1019 916 1042 ac
932 1008 1040 1042 beato-

288 1068 356 1090 rum
384 1055 468 1089 Petri
492 1063 524 1090 et
551 1056 639 1090 Pauli
663 1057 877 1103 apostolorum
907 1057 974 1091 eius
1010 1064 1040 1091 et

288 1105 385 1139 totius
407 1105 553 1140 coelestis
572 1105 679 1140 curiae
700 1105 935 1152 triumphantis,
958 1118 1039 1152 quo-

288 1167 356 1189 rum
378 1154 530 1201 praesidia
554 1166 611 1201 pro
631 1154 843 1200 gerendorum
861 1155 1040 1189 subsisten-

288 1204 327 1237 tia
350 1203 512 1237 humiliter
534 1202 749 1249 imploramus,
772 1203 965 1244 auctoritate,
981 1204 1038 1238 de-

287 1265 349 1299 que
390 1260 514 1287 nostrae
554 1259 584 1287 et
615 1253 805 1298 apostolicae
841 1253 1039 1299 plenitudiue

287 1302 460 1348 potestatis,
481 1302 563 1336 inter
586 1302 750 1336 universos
768 1301 874 1336 Italiae
895 1310 1040 1348 potenta-

288 1358 338 1385 tus
354 1358 384 1385 et
401 1351 569 1397 principeS,
587 1351 709 1385 etiamsi
738 1351 835 1398 regali
858 1351 906 1386 vel
929 1352 1039 1398 quavis

287 1400 345 1434 alia
381 1399 598 1446 praefulgeant
631 1400 798 1445 dignitate,
820 1408 850 1435 et
873 1401 1040 1448 praecipue

289 1449 368 1483 inter
395 1448 617 1483 charissimum
643 1448 671 1482 in
696 1448 822 1483 Christo
850 1448 950 1484 fitium
980 1462 1040 1485 no-

287 1505 386 1532 strum
416 1497 653 1532 Ferdinandum
683 1510 786 1544 regem
809 1498 935 1533 Siciliae
964 1499 1038 1533 citra

287 1546 439 1591 Pharum,
453 1558 560 1593 regem
576 1547 742 1588 illustrem,
758 1559 794 1582 ae
809 1547 938 1582 dilectos
958 1548 1038 1583 filios

288 1595 408 1630 nobiles
418 1596 501 1630 viros
520 1595 782 1642 Christophorum
801 1597 958 1638 Maurum,
973 1597 1040 1631 Ve-

288 1653 496 1691 netorumqne
533 1645 729 1685 dominium,
764 1645 939 1680 Galeatium
970 1646 1039 1681 Ma-

288 1694 363 1729 riam
392 1694 631 1733 Viceeomitem,
665 1694 833 1729 Mediolani
857 1695 982 1736 ducem,
1010 1704 1039 1730 et

287 1744 546 1778 communitatem
581 1744 715 1778 civitatis
742 1743 919 1779 Florentiae
952 1745 1039 1791 ipso-

287 1805 420 1839 rumque
445 1792 528 1838 regis
551 1800 581 1827 et
602 1793 718 1827 ducum
743 1793 895 1828 haeredes
918 1802 945 1827 et
962 1806 1038 1828 suc-

287 1853 441 1886 cessores,
457 1853 563 1888 pacem
581 1850 780 1888 perpetuam,
807 1842 844 1876 ab
863 1843 908 1877 eis
933 1844 1039 1877 omni-

287 1891 346 1925 bus
362 1891 501 1938 ipsisque
523 1890 780 1931 adhaerentibus,
797 1892 988 1938 sequacibus
1010 1901 1039 1927 et

287 1939 423 1974 subditis
456 1939 639 1974 eorumdem
674 1940 894 1975 inviolabiliter
928 1941 1039 1975 obser-

287 1989 432 2030 vandam,
448 1997 478 2023 et
501 1988 578 2023 infra
601 1989 725 2035 triginta
750 1989 872 2024 dierum
901 1990 1037 2036 spatium

287 2050 302 2072 a
327 2037 538 2084 publicatione
562 2039 774 2084 praesentium
803 2039 1038 2086 acceptandam,

288 2091 398 2126 harum
422 2092 502 2127 serie
520 2091 760 2138 promulgamus
782 2100 811 2126 et
827 2092 1037 2135 declaramus,

288 2145 436 2193 illamque
455 2157 490 2179 ac
512 2145 604 2180 etiam
626 2146 775 2179 unitatem
793 2153 822 2179 et
839 2146 1036 2181 concordiam

288 2206 492 2247 perpetuam,
526 2210 719 2245 omnemque
745 2211 904 2233 armorum
933 2211 1037 2235 cessa-

288 2254 406 2289 tionem
435 2260 465 2288 et
499 2265 514 2287 a
549 2253 659 2299 quavis
694 2252 807 2287 iniuria
837 2253 883 2287 vel
920 2254 1037 2288 offensa

288 2306 511 2342 abstinentiam
539 2314 569 2342 et
591 2306 730 2353 quietem
753 2306 968 2341 omnimodam
993 2308 1039 2342 eis

290 2368 320 2395 et
342 2361 482 2407 ipsorum
504 2359 632 2394 cuilibet
656 2359 837 2403 indicimus,
858 2360 1039 2395 nuntiamus

291 2422 383 2461 atque
398 2414 604 2460 iniungimus,
621 2414 773 2459 integram
787 2422 815 2447 et
830 2413 968 2448 illaesam
985 2428 1040 2449 vo-

291 2467 391 2503 lentes
399 2468 532 2502 acetiam
543 2467 762 2506 decernentes,
775 2467 923 2514 ipsosque
935 2475 1040 2514 poten-

293 2531 374 2558 tatus
389 2529 419 2557 et
436 2520 594 2569 principes
613 2520 821 2555 nihilominus
843 2521 871 2555 in
890 2521 1039 2566 Domino,

291 2583 319 2611 et
334 2587 387 2622 per
402 2575 520 2609 viscera
535 2574 773 2610 misericordiae
787 2574 846 2609 Dei
864 2575 960 2609 nostri
984 2587 1040 2610 ex-

290 2629 463 2675 hortantes,
474 2629 582 2677 eisque
603 2641 639 2664 ac
660 2628 774 2664 dilecto
797 2628 860 2663 filio
877 2628 1041 2664 Bartholo-

1716 262 1776 295 tat

1084 335 1161 357 mwo
1178 322 1215 356 de
1244 322 1398 368 Pergamo
1416 323 1639 358 nonnullarum
1657 325 1833 371 armigera-

1084 384 1150 405 rum
1175 372 1314 417 gentium
1330 373 1494 418 capitaneo
1508 373 1678 419 apostolica
1695 375 1833 409 auctori-

1082 428 1142 455 tate
1154 421 1340 455 mandantes
1359 429 1527 467 quatenus,
1538 434 1592 467 pro
1609 422 1750 458 eiusdem
1762 424 1834 459 Sal-

1084 471 1197 504 vatoris
1219 469 1318 515 gloria
1337 469 1513 510 ethonore,
1527 483 1562 505 ac
1578 479 1700 506 nostrae
1722 480 1751 507 et
1772 472 1833 507 Se-

1081 518 1130 553 dis
1147 518 1345 565 Apostolicae
1365 520 1549 559 reverentia,
1572 520 1759 555 christianae
1778 522 1835 556 rei-

1083 567 1228 614 publicae
1268 576 1298 602 et
1337 568 1516 603 universate
1553 568 1669 603 bouum
1709 570 1833 617 privatis

1081 617 1258 651 commodis
1284 624 1494 664 anteponere,
1518 617 1660 662 hostilia,
1686 631 1767 666 quae
1801 620 1831 654 in

1081 666 1248 700 alterutros
1277 668 1431 701 concitata
1454 674 1541 709 sunt,
1563 678 1647 702 arma
1675 668 1834 714 deponant

1080 723 1110 748 et
1132 714 1248 761 deponi
1273 715 1387 750 faciant
1409 727 1481 750 cum
1503 715 1630 757 effectu,
1652 729 1668 751 a
1691 717 1737 752 tia
1761 716 1830 752 sacti

1080 763 1269 807 abstineant,
1297 775 1354 798 nec
1390 776 1422 799 se
1446 765 1580 800 invicem
1607 766 1703 800 armis
1731 778 1833 813 neque

1081 812 1196 846 iniuria
1230 821 1414 858 provocent
1443 813 1511 858 sed,
1532 813 1631 860 Regis
1653 815 1774 862 pacifici
1799 828 1833 850 se

1081 861 1161 896 filios
1182 869 1212 896 et
1234 862 1427 897 cohaeredes
1445 875 1514 897 esse
1534 872 1831 903 commemorantes

1080 910 1279 944 christianam
1304 923 1412 958 pacem
1441 911 1620 956 observent,
1642 913 1776 948 fraterna
1797 926 1831 949 se

1080 959 1310 1006 amplectantur
1341 960 1490 995 charitate
1513 969 1542 995 et
1564 940 1708 1008 diligant,
1736 974 1832 1009 repe-

1081 1016 1182 1043 tentes
1204 1009 1319 1043 animis
1354 1009 1438 1055 quod
1462 1021 1499 1043 ex
1522 1010 1691 1045 concordia
1719 1023 1832 1058 parvae

1081 1069 1130 1091 rcs
1157 1066 1316 1102 crescunt,
1343 1066 1374 1093 et
1395 1058 1552 1093 discordia
1576 1059 1732 1095 maximae
1753 1060 1832 1095 dila-

1081 1106 1212 1147 buntur;
1247 1119 1282 1141 ac
1316 1119 1374 1142 nos
1400 1107 1466 1153 qui,
1494 1107 1552 1142 etsi
1588 1120 1659 1143 curn
1683 1109 1833 1144 omnibus

1079 1155 1350 1197 christifidelibus,
1373 1164 1467 1203 prout
1489 1157 1583 1191 officii
1613 1158 1711 1192 nostri
1739 1158 1833 1193 debi-

1081 1212 1146 1239 tum
1174 1205 1281 1251 exigit,
1306 1217 1415 1252 pacem
1443 1206 1594 1241 continuo
1628 1206 1833 1242 habuerimus

1080 1262 1121 1298 et,
1148 1262 1308 1290 annuente
1342 1254 1499 1294 Domino,
1533 1263 1686 1301 quantum
1713 1255 1752 1290 ad
1775 1268 1833 1291 nos

1080 1303 1200 1343 attinet,
1223 1304 1323 1338 simus
1346 1304 1375 1337 in
1404 1311 1563 1350 posterum
1592 1304 1747 1345 habituri,
1777 1317 1833 1352 pro

1079 1352 1188 1387 maiori
1211 1360 1315 1387 tamen
1341 1352 1497 1387 firmitatis
1523 1353 1636 1388 robore
1658 1363 1689 1389 et
1715 1353 1834 1389 obser-

1080 1402 1181 1436 vantia
1206 1402 1468 1449 praemissorum,
1491 1402 1729 1438 continuatione
1751 1415 1833 1450 quo-

1079 1462 1140 1497 que
1166 1451 1324 1495 eiusdem,
1347 1462 1440 1497 quam
1473 1463 1599 1498 semper
1627 1463 1685 1486 nos
1712 1461 1830 1499 partem

1080 1499 1184 1534 fovere
1212 1501 1446 1544 consuevimus,
1469 1500 1524 1535 sed
1553 1500 1647 1535 veluti
1680 1500 1833 1536 mediato-

1081 1561 1129 1583 res
1150 1557 1181 1583 et
1203 1557 1450 1590 conservatores,
1473 1549 1743 1596 quemadmodum
1763 1562 1834 1598 pro-

1081 1598 1187 1632 vidum
1207 1599 1297 1634 decet
1316 1606 1484 1645 pastorem,
1508 1598 1762 1646 procurabimus,
1781 1611 1835 1634 so-

1080 1647 1284 1689 licitabimus,
1312 1655 1377 1682 tum
1400 1647 1493 1682 etiam
1518 1659 1575 1695 pro
1599 1648 1741 1694 ipsorum
1773 1660 1833 1695 po-

1081 1704 1255 1732 tentatuum
1296 1697 1496 1743 reputatione
1531 1705 1561 1731 et
1598 1697 1739 1738 honore,
1775 1709 1834 1744 nos

1080 1745 1164 1792 ipsos
1187 1753 1218 1780 et
1239 1757 1439 1781 successores
1458 1753 1583 1780 nostros
1609 1746 1762 1781 canonice
1785 1746 1835 1781 in-

1080 1802 1196 1829 trantes
1210 1794 1373 1829 Romanos
1394 1794 1579 1836 Pontifices,
1597 1806 1668 1829 cum
1684 1795 1834 1830 omnibus

1080 1844 1231 1887 vassallis,
1260 1844 1405 1887 vicariis,
1437 1843 1604 1887 dominiis,
1640 1844 1834 1890 provinciis,

1079 1893 1271 1933 civitatibus,
1291 1893 1440 1927 omnibus
1463 1893 1552 1927 terris
1574 1900 1603 1928 et
1623 1893 1732 1927 castris
1751 1893 1835 1940 ipsa-

1079 1954 1214 1988 rumque
1236 1941 1519 1977 communitatibus
1546 1950 1578 1977 et
1599 1941 1747 1983 subditis,
1775 1954 1834 1977 no-

1079 1990 1126 2025 bis
1149 1991 1285 2026 mediate
1308 1992 1354 2026 vel
1383 1991 1565 2026 immediate
1600 1990 1763 2030 subiectis,
1793 1992 1833 2026 ita

1080 2040 1110 2073 in
1145 2040 1210 2086 ipsa
1247 2052 1322 2087 pace
1349 2040 1467 2074 includi
1490 2040 1653 2084 volumus,
1679 2048 1710 2074 et
1739 2049 1834 2087 prout

1079 2094 1221 2140 singulos
1249 2094 1287 2128 de
1315 2094 1591 2141 principalioribus
1618 2093 1835 2140 potentatibus

1079 2147 1244 2182 antedictis
1268 2147 1473 2189 includimus,
1497 2148 1535 2182 ita
1559 2147 1651 2183 etiam
1676 2159 1734 2182 nos
1753 2148 1835 2183 eius-

1079 2200 1150 2234 dem
1187 2201 1272 2247 pacis
1300 2209 1550 2245 conservatores,
1577 2207 1769 2248 protectores
1804 2208 1835 2235 et

1079 2256 1264 2290 defensores
1302 2255 1431 2289 omnino
1472 2255 1565 2289 etiam
1603 2254 1632 2288 in
1669 2261 1833 2301 posterum

1082 2309 1304 2356 promittimus.

1131 2363 1170 2397 Ut
1195 2370 1298 2397 autem
1323 2362 1405 2401 huic,
1431 2370 1462 2396 ut
1485 2373 1662 2409 speramus,
1684 2370 1832 2408 acceptae

1082 2416 1149 2462 paci
1194 2428 1229 2450 ac
1260 2415 1448 2450 concordiae
1489 2416 1611 2462 potiora
1645 2414 1830 2450 adiiciamus

1081 2469 1193 2503 robora
1218 2469 1383 2512 lirmitatis,
1415 2476 1443 2503 et
1473 2468 1572 2515 ipsius
1599 2469 1831 2515 perseverantia

1080 2522 1202 2557 enixius
1218 2530 1415 2569 procuretur,
1435 2529 1529 2569 atque
1548 2521 1642 2556 altera
1659 2529 1689 2556 et
1703 2522 1832 2567 potissi-

1082 2588 1131 2610 ma
1146 2583 1251 2610 nostra
1270 2575 1401 2610 intentio
1421 2587 1614 2622 magnopere
1629 2574 1831 2621 ponderanda

1081 2629 1338 2672 accelerandave,
1355 2628 1561 2676 principalem
1586 2636 1698 2663 tenens
1725 2627 1830 2662 locum

1849 271 1899 298 Αη,
1917 272 1946 298 C.
1965 272 2032 300 11167

1861 1364 1982 1385 Com-ordia
1999 1367 2032 1385 in-

1848 1398 1963 1421 terpretem
1999 1397 2033 1416 in-

1848 1429 1880 1446 ter
1902 1426 2032 1446 dissidentes

1848 1462 1870 1477 se
1886 1456 1930 1477 sore
1947 1457 2036 1483 poltice-

1848 1491 1880 1508 tur
1896 1487 2000 1508 Pontifex.
