2281 3251
0 2594 1 2604 i

0 2610 1 2623 l

0 2627 2 2636 i

88 255 134 279 An.
154 250 184 278 C.
205 250 270 278 ¹509

97 908 152 928 Atius
163 908 216 927 addit
230 913 272 934 pm·

89 946 133 960 nas,

115 2563 245 2585 Venetorum
264 2565 286 2584 ot

103 2595 190 2615 aliorum
211 2593 287 2621 appel-

104 2626 193 2647 tationes
217 2624 285 2645 nullas

104 2662 152 2679 esne
168 2655 268 2682 declarat,

946 246 1050 269 mnus
1072 247 1094 269 11
1118 247 1166 269 1³1².

1696 232 1760 264 481

286 304 484 344 cuiuslibet,
518 303 609 337 etiam
646 302 863 348 publicationis
897 302 1030 337 omissae
1074 314 1141 337 rum
1171 301 1264 336 factas
1287 298 1490 343 huiusmodi,
1517 309 1609 345 quam
1633 308 1689 344 per
1720 308 1816 343 quos-

286 355 398 400 (cuius,
425 354 454 388 in
478 352 528 387 illa
550 351 672 387 edenda
687 351 733 387 vel
750 351 949 399 publicanda,
973 352 1028 387 dc-

286 406 385 440 sectus
412 401 572 451 praetendi
599 411 714 450 posset,
737 414 816 449 quae
838 403 922 436 iuxta
944 401 1026 436 illam

286 454 351 490 fieri
375 452 610 500 requirebatur),
633 463 764 498 eamque
786 464 823 486 ox
850 451 1026 498 praeterito,

286 515 370 539 nunc
391 511 421 537 et
443 502 472 536 in
495 509 655 549 posterum
685 501 903 536 iuviolabiliter
924 500 1028 536 obser-

287 554 347 588 vari
370 551 568 595 mandamus,
590 551 691 598 ipsius
719 550 894 595 violatores,
923 551 1030 585 cuius-

286 614 422 650 cumque
440 601 602 648 dignitatis
617 601 762 641 existant,
785 600 894 647 poenis
912 608 942 634 et
961 612 1030 634 cen-

286 652 368 688 suris
383 652 413 686 in
430 652 537 686 eadem
553 651 722 698 expressis,
736 661 937 697 quocumque
957 657 1031 683 tein-

287 714 361 749 pore
388 701 550 736 subiacere
577 709 760 744 statuentes,
782 700 934 734 contraria
954 711 1031 733 con—

286 751 454 787 suetudine
481 763 536 786 seu
560 751 663 798 potius
685 749 860 797 corruptela
889 761 951 784 non
981 748 1031 783 ob-

286 809 396 837 stante.

334 856 349 895 g
376 853 408 886 6.
438 850 653 886 Decernentcs
680 858 709 884 et
725 848 930 892 declarantes,
951 847 1030 881 ultra

286 913 401 949 poenas
435 900 596 948 impositas
630 903 718 947 <quas
741 899 807 946 ipso
830 898 909 932 sacto
931 897 1031 932 dictos

285 951 451 986 violatores
473 959 501 985 ct
524 950 794 985 contravenientes
809 948 967 982 incurrere
984 959 1032 981 vo-

286 1001 414 1044 lumus),
438 1001 522 1048 ipsos
540 1009 569 1034 et
588 1012 697 1035 eornm
715 997 895 1045 quemlibet,
912 1009 968 1043 pro
986 1008 1033 1030 ve-

286 1051 328 1086 ris
354 1059 384 1085 et
411 1049 596 1084 indubitatis
617 1047 840 1090 schismaticis,
863 1054 892 1081 et
914 1047 1032 1080 incon-

286 1099 387 1134 sutilis
410 1100 534 1134 tunicae
557 1099 684 1133 Domini
707 1097 811 1131 Nostri
826 1096 895 1130 Iesu
915 1094 1031 1130 Christi

287 1149 488 1184 violatoribus
509 1156 540 1184 et
562 1146 804 1194 dissipatoribus
819 1173 827 1186 ,
856 1157 892 1180 ac
919 1145 958 1179 de
980 1156 1034 1178 ca-

287 1198 402 1234 tholica
426 1198 486 1233 fide
509 1197 588 1232 male
611 1195 842 1236 sentientibus,
868 1194 1032 1229 habendos

289 1257 318 1283 et
340 1248 542 1295 reputandos,
565 1247 737 1294 poenisque
763 1244 922 1279 canonicis
944 1252 974 1278 et
992 1243 1033 1278 le-

288 1297 422 1344 galibus,
444 1306 551 1332 contra
570 1296 646 1331 tales
662 1294 827 1342 impositis,
853 1293 1033 1338 subiacere,

288 1355 319 1382 et
341 1359 413 1382 cum
436 1346 557 1381 Datban
580 1355 609 1381 et
621 1345 739 1380 Abiron
756 1352 872 1392 partem
895 1351 924 1378 et
951 1343 1036 1377 dam-

288 1398 446 1433 nationem
473 1396 607 1437 habere;
634 1395 781 1443 ipsasque
805 1394 897 1428 etiam
918 1405 1034 1440 poenas

288 1456 319 1483 et
339 1459 447 1483 earum
470 1445 641 1494 quamlibet
655 1457 765 1480 omnes
780 1444 849 1479 illos
873 1445 1034 1478 incurrere

289 1498 435 1534 volumus
455 1524 463 1538 ,
485 1497 714 1542 cuiuscumque
746 1493 935 1529 conditionis
967 1493 1034 1527 exi-

289 1555 382 1592 stant,
404 1555 434 1582 et
449 1546 563 1593 gradus
576 1545 790 1593 praerogativa
812 1544 963 1590 fulgeant,
979 1542 1033 1590 qni

290 1599 320 1633 in
343 1605 466 1642 senatu,
493 1596 643 1635 consiliis,
668 1595 878 1642 parlamentis,
906 1605 1034 1639 congre-

290 1647 481 1695 gationibus,
503 1647 596 1681 etiam
619 1644 820 1693 synodalibus
848 1651 878 1678 et
907 1643 1035 1689 provin-

291 1698 423 1733 cialibus
445 1696 492 1731 vel
510 1696 585 1731 alias
613 1694 860 1742 quomodolibet,
883 1693 974 1728 tacite
989 1692 1035 1727 vel

291 1759 449 1794 expresse,
477 1758 551 1780 voce
573 1745 619 1779 vel
642 1744 769 1791 scripto,
794 1756 848 1790 per
870 1755 903 1777 se
926 1742 973 1776 vel
995 1754 1036 1777 a-

291 1798 366 1832 lium
389 1796 630 1842 (cuiuscumque
644 1794 763 1829 timoris
780 1793 825 1827 vel
846 1792 1036 1827 reverentiae

292 1847 458 1891 velamine,
481 1845 526 1880 vel
543 1852 704 1892 praetensa
718 1843 920 1878 excusatione
940 1850 968 1876 et
983 1854 1037 1876 su-

292 1897 424 1945 perioris
436 1895 583 1931 mandato
600 1907 661 1930 non
684 1893 904 1936 obstantibus),
927 1891 1037 1927 decre-

294 1947 404 1988 verint,
426 1945 641 1981 consuluerint
655 1957 709 1979 seu
722 1942 972 1983 deliberaverint,
991 1941 1036 1976 vel

293 1997 423 2032 aliorum
443 1995 522 2030 dicta
539 1993 788 2042 approbaverint,
804 1993 970 2028 consilium
986 1999 1038 2026 aut

294 2058 403 2082 vocem
425 2045 570 2080 dederint
587 2052 619 2078 ut
646 2044 683 2078 ad
706 2043 845 2078 futurum
862 2041 1037 2077 universale

295 2100 478 2139 concilium,
500 2111 515 2134 a
543 2098 635 2133 nobis
656 2097 705 2132 vel
728 2096 962 2132 successoribus
982 2108 1040 2131 no-

295 2155 367 2191 stris
392 2154 545 2190 Romanis
566 2151 782 2193 Pontificibus,
810 2159 916 2186 contra
944 2163 1041 2198 prae-

296 2209 410 2244 dictam
446 2208 719 2251 constitutionem,
746 2205 902 2253 appellare
924 2205 1041 2251 liceat,

298 2264 395 2312 possit
420 2263 468 2299 vel
490 2262 614 2303 debeat;
636 2261 735 2297 dictas
758 2272 874 2308 poenas
896 2259 935 2294 ad
958 2259 1042 2307 ipsos

298 2327 328 2354 et
355 2331 464 2354 eorum
492 2316 664 2365 quemlibet
695 2313 983 2350 contravenientem
1012 2315 1041 2348 in

300 2373 490 2422 praemissiS,
512 2380 619 2408 tenore
642 2370 851 2419 praesentium
876 2369 1044 2404 extenden-

300 2437 346 2464 tes
377 2435 408 2463 et
438 2427 541 2463 locum
570 2426 684 2462 habere
717 2425 933 2469 declarantes,
960 2425 1042 2459 omni

300 2481 502 2528 ambiguitate
523 2488 675 2516 cessante.

349 2536 370 2584 S
398 2539 429 2570 7.
459 2535 497 2570 Ει
524 2534 741 2578 nihilominus,
764 2532 1001 2581 provocationes
1016 2539 1046 2566 et

300 2589 536 2638 appellationes,
551 2597 611 2623 tarn
630 2600 683 2636 per
696 2586 897 2623 Leonardum
920 2585 1046 2630 ducem,

303 2652 436 2692 rogatos,
458 2643 620 2678 consilium
644 2650 674 2676 et
699 2652 867 2678 commune
889 2639 1043 2675 Venetia-

382 2701 456 2732 Bull.
473 2700 550 2731 Rom.
574 2700 628 2730 Vol.
650 2699 678 2730 V.
892 2698 925 2727 61

1071 363 1209 399 cumque
1231 350 1307 385 alios
1331 348 1504 396 praedictos
1527 360 1582 395 pro
1606 356 1746 392 tempore
1765 346 1816 380 sa—

1072 402 1210 445 cicndas,
1232 408 1261 435 ct
1286 399 1357 434 inde
1378 406 1483 433 secuta
1505 407 1722 444 quaecumque
1748 399 1814 439 (ut-

1073 460 1143 498 pote
1165 458 1272 485 contra
1290 448 1337 482 Pii
1358 448 1549 495 praedictam
1569 458 1604 481 ac
1620 453 1813 493 praesentem

1072 500 1230 536 constitut.
1258 501 1449 541 attentatas),
1473 497 1585 539 nullas,
1614 502 1705 542 prout
1730 502 1815 534 sunt,

1071 559 1101 585 et
1125 549 1274 584 invalidas
1290 576 1297 589 ,
1320 547 1500 594 nulliusque
1523 545 1643 580 roboris
1665 544 1712 579 vel
1739 556 1815 579 mo-

1073 600 1168 635 menti
1197 598 1292 632 suisse
1314 606 1343 632 et
1366 609 1422 643 pro
1444 604 1584 642 tempore
1606 594 1684 637 fore,
1706 601 1814 628 aucto-

1074 651 1174 693 ritate,
1198 647 1327 682 scientia
1345 654 1374 680 et
1397 653 1549 692 potestate
1571 643 1739 684 similibus,
1755 650 1816 678 sta-

1073 699 1214 741 tuimus,
1242 696 1438 732 decernimus
1472 704 1502 729 et
1535 694 1754 737 declaramus,
1783 704 1817 728 ac

1074 761 1129 796 pro
1152 747 1262 795 potiori
1285 744 1404 781 cautela
1426 756 1586 780 cassamus
1613 752 1643 779 et
1664 742 1817 778 annulla-

1074 810 1156 833 mus.

1122 847 1141 894 g
1161 850 1193 882 8.
1216 846 1255 881 Et
1275 846 1353 880 ultra
1376 844 1569 891 supradictas
1591 854 1707 890 poenas
1730 845 1818 890 (quas

1073 905 1181 932 contra
1196 894 1428 931 constitutionis
1451 892 1631 928 huiusmodi
1654 892 1818 927 violatores

1075 948 1104 981 in
1118 959 1175 981 suo
1189 946 1298 981 robore
1315 956 1500 992 permanere
1516 942 1740 984 decernimus),
1751 942 1817 976 loca

1074 1008 1303 1043 quaecumque,
1325 994 1362 1029 ad
1376 1005 1456 1040 quae
1476 993 1638 1027 violatores
1662 992 1745 1038 ipsos
1762 991 1818 1026 de-

1074 1046 1209 1090 clinare,
1236 1054 1265 1079 et
1288 1045 1318 1078 in
1346 1043 1462 1091 quibus
1483 1043 1617 1077 scienter
1638 1049 1719 1075 stare
1743 1053 1819 1087 per—

1075 1096 1153 1130 mitti
1177 1094 1355 1141 contigerit,
1377 1092 1586 1127 ecclesiastico
1609 1091 1819 1137 supponimus

1076 1144 1250 1185 interdicto,
1266 1144 1470 1178 decernentes
1489 1141 1576 1181 illud,
1591 1139 1742 1187 quamdiu
1760 1140 1819 1187 ipsi

1075 1195 1239 1229 violatores
1261 1192 1334 1228 inibi
1357 1192 1492 1226 scienter
1507 1191 1659 1230 steterint,
1681 1197 1713 1224 ut
1729 1201 1819 1236 prae-

1075 1244 1182 1284 fertur,
1216 1252 1246 1278 et
1278 1255 1332 1290 per
1359 1241 1497 1275 triduum
1527 1248 1597 1287 post
1618 1251 1727 1274 eorum
1750 1238 1822 1273 inde

1076 1294 1275 1337 discessum,
1309 1292 1438 1326 firmiter
1466 1289 1635 1325 observari.
1665 1290 1710 1323 Ac
1733 1300 1821 1334 prae-

1076 1352 1181 1378 sentes
1216 1343 1318 1377 literas
1351 1341 1382 1375 in
1415 1341 1580 1387 quinterno
1607 1337 1822 1374 Cancellariae

1076 1394 1168 1429 etiam
1192 1391 1329 1427 describi
1354 1390 1551 1425 mandamus.

1125 1447 1139 1487 ἕ
1157 1446 1190 1478 9.
1204 1443 1274 1477 Non
1291 1440 1487 1476 obstantibus
1504 1438 1682 1486 praemissis
1699 1450 1735 1472 ac
1752 1449 1823 1472 con-

1076 1492 1291 1528 stitutionibus
1321 1499 1350 1526 et
1372 1488 1623 1525 ordinationibus
1645 1487 1824 1535 apostolicis

1076 1543 1251 1590 ceterisque
1274 1540 1438 1576 contrariis
1460 1539 1725 1587 quibuscumque.

1125 1593 1208 1627 Nulli
1231 1604 1304 1638 ergo
1326 1598 1377 1625 etc.

1127 1642 1160 1677 Si
1183 1642 1252 1689 quis
1276 1649 1381 1676 autem
1404 1648 1456 1674 etc.

1126 1692 1241 1727 Datum
1265 1691 1383 1725 Romae
1402 1689 1484 1737 apud
1508 1689 1540 1724 S.
1575 1688 1717 1728 Petrum,
1740 1699 1822 1721 anno

1079 1742 1306 1777 lncarnationis
1328 1740 1503 1775 dominicae
1534 1737 1699 1772 millesimo
1729 1737 1824 1784 quin-

1078 1792 1253 1839 gentesimo
1276 1803 1371 1830 nono,
1394 1788 1536 1824 kalendis
1559 1788 1647 1832 iulii,
1669 1786 1827 1835 pontifica-

1080 1852 1128 1877 tus
1155 1842 1253 1876 nostri
1282 1852 1364 1875 anuo
1386 1848 1487 1874 sexto.

1135 1904 1194 1935 Dat.
1219 1904 1265 1934 die
1288 1904 1301 1933 1
1326 1902 1392 1934 iulii
1414 1902 1500 1939 1509,
1519 1901 1620 1941 pontif.
1639 1909 1713 1931 anno
1731 1909 1767 1930 Vt.

1380 2062 1522 2098 XXVIII.

1083 2139 1255 2173 Facultates
1290 2144 1316 2171 et
1349 2136 1514 2182 privsseyffl
1547 2134 1824 2168 commissariorum

1131 2189 1265 2233 fabricae
1290 2187 1399 2220 Sancti
1424 2186 1510 2219 Petri
1526 2185 1674 2230 principis
1699 2190 1824 2228 aposto-

1132 2240 1232 2272 lorum
1257 2238 1293 2271 de
1318 2237 1403 2271 Urbe.

1349 2314 1561 2346 SUMMARIUM

1087 2386 1188 2416 Petrus
1211 2384 1406 2424 apostolorum
1436 2382 1572 2421 princeps
1595 2385 1648 2412 est.
1671 2398 1708 2403 -
1731 2381 1757 2410 1.
1779 2379 1832 2410 Hic

1126 2431 1192 2461 ideo
1210 2428 1324 2463 Pontis„
1341 2429 1403 2457 eius
1419 2435 1584 2463 successor,
1597 2426 1696 2455 volens
1711 2424 1742 2455 B.
1755 2425 1832 2454 Petri

1125 2474 1279 2505 basilicam
1303 2474 1332 2502 in
1355 2471 1430 2502 Urbe
1451 2470 1684 2508 magnificentius
1711 2469 1835 2499 reaedifi-

1125 2529 1202 2556 care,
1226 2535 1265 2540 —
1286 2517 1312 2546 ⁹2.
1331 2516 1384 2546 Pro
1401 2515 1592 2545 subventione
1616 2514 1753 2550 fabricae,
1777 2513 1833 2550 his,

1129 2564 1179 2604 qui
1212 2562 1286 2592 infra
1318 2570 1425 2591 annum
1458 2568 1575 2599 operam
1606 2558 1649 2588 vel
1680 2557 1835 2597 pecuniam

1130 2609 1232 2638 darent
1254 2606 1296 2636 vel
1325 2606 1544 2645 promitterent,
1578 2620 1617 2625 —
1638 2603 1664 2633 3.
1686 2602 1835 2632 Concessit

1132 2652 1297 2682 facultatem
1326 2649 1523 2680 consessorem
1547 2647 1682 2686 eligendi,
1701 2647 1750 2686 qui
1766 2655 1833 2676 cer-

1832 242 1882 268 An.
1897 242 1926 268 C.
1943 242 2009 269 ¹510

1847 856 1906 881 Loca,
1923 857 1946 876 nd
1963 861 2016 882 qna·

1833 890 2009 908 contraventuras

1834 919 1953 943 dvctinaut,
1982 925 2016 937 in-

1834 950 1923 970 lPrdirlo
1939 955 2016 976 luppo-

1834 985 1871 1001 nit.

1872 1446 1982 1471 Derogatio

1850 1478 2009 1499 contrariorum.
