2281 3251
136 244 186 270 Αη.
201 244 227 269 C.
252 244 317 270 ¹!t78

141 695 162 716 lu
176 697 244 716 causis
255 703 266 716 a
276 696 315 717 Se-

132 728 157 746 de
173 727 267 752 Apostol.
284 729 315 749 eis

132 759 249 778 commissis
262 758 314 779 nihil

132 791 242 817 recipiant..

145 1095 211 1116 iussio
222 1100 313 1123 quotan-

131 1128 162 1147 nis
184 1127 240 1153 publ.
259 1128 313 1148 hanc

130 1158 214 1178 bssllum.

141 1882 240 1904 Extensio
257 1889 310 1904 con-

129 1914 172 1934 stit.
191 1913 312 1939 AEgidiana-

128 1951 172 1966 rum
195 1946 219 1966 ad
235 1944 311 1966 Urbem

128 1980 149 1997 et
173 1979 237 1997 totum
261 1976 311 1997 Sta-

128 2010 170 2027 tum
181 2007 314 2029 ecclesiasti-

127 2044 182 2059 cum.

986 251 1096 272 Sixtt's
1120 252 1150 272 ΙΥ
1175 252 1220 272 ΙΨ.

1753 245 1823 277 ⁴265

333 299 415 346 ipsas
427 299 570 345 delegent
591 300 650 335 illis
662 301 823 336 dumtaxat
842 302 1008 344 iudicibus,
1025 305 1077 350 qui
1123 312 1151 338 et
1175 305 1280 339 literas
1304 304 1493 351 praedictas,
1515 318 1551 340 ac
1570 306 1675 340 omnia
1695 314 1726 340 et
1748 307 1873 354 singula

332 355 436 383 essent
457 348 606 383 ordinarii
634 350 765 390 eisdem,
794 360 1012 399 nequeantque
1029 354 1079 386 de-

333 397 422 444 legati
457 398 515 444 ipsi
538 407 624 441 tunc,
660 398 866 445 delegationis
894 401 1077 436 huiusmodi

332 455 509 494 praetextu,
543 447 662 494 aliquid
685 449 889 483 emolumenti
917 464 931 483 a
966 451 1079 485 eolliti-

330 495 477 541 gantibus
504 497 628 542 exigere
651 498 697 531 vel
719 497 845 538 babere,
861 499 954 533 etiam
977 512 1079 547 quan-

332 553 396 579 tum
424 545 506 580 licite
533 547 578 579 eis
600 546 677 580 alias
698 559 751 593 per
775 547 874 581 (licias
898 549 1003 583 literas
1027 562 1078 584 no-

331 601 420 635 stras,
440 607 495 629 seu
518 594 593 629 alias
620 595 777 630 diceretur
800 609 998 632 concessum.

379 643 399 689 g
423 646 478 678 10.
501 643 567 678 Nec
589 644 734 679 similiter
758 646 814 691 ipsi
840 646 943 693 legati,
967 647 1079 693 guber-

331 701 455 727 natores
484 700 513 727 et
549 693 801 729 locumtenentcs
827 695 943 742 aliquid
973 705 1077 743 petant

332 753 387 788 pro
397 742 576 788 cognitione
589 750 619 776 et
633 742 792 778 decisione
807 757 985 786 causarum,
1001 758 1079 792 quae

329 790 373 824 eis
387 803 442 837 per
458 790 572 826 Scdem
597 792 765 838 praefatam
784 793 811 827 in
826 795 936 840 quavis
959 796 1079 829 instan—

331 839 388 883 tia,
415 852 485 874 cum
514 852 621 874 earum
657 842 837 877 avocatione
872 858 886 877 a
923 844 1080 878 iudicibus

327 900 431 923 coram
455 889 573 936 quibus
606 898 679 924 sunt
709 891 917 933 introductae,
942 892 988 927 vel
1011 894 1079 927 sinc

329 937 390 978 illa,
415 950 470 984 pro
490 947 631 985 tempore
655 939 851 986 delegantur,
873 954 928 976 seu
951 942 1025 976 alias
1041 954 1077 976 ex

327 988 437 1033 quavis
459 999 550 1022 causa
575 988 777 1024 remittuntur
799 990 835 1023 ad
865 1002 928 1025 eos.

376 1039 392 1079 ξ
416 1039 471 1070 11.
485 1036 534 1080 Et,
548 1044 580 1071 ut
590 1038 766 1084 praedictae
778 1046 837 1073 tam
853 1049 974 1074 nostrae
984 1052 1076 1086 quam

330 1085 607 1131 praedecessorum
642 1087 879 1122 constitutiones
915 1101 949 1123 ac
974 1090 1078 1123 omnia

330 1135 360 1168 in
379 1135 596 1180 praesentibus
611 1135 707 1170 literis
734 1145 878 1171 contenta
902 1150 938 1171 eo
958 1137 1079 1173 firmius

329 1182 555 1228 observentur,
588 1196 652 1231 quo
680 1186 805 1232 saepius
837 1186 953 1221 fuerint
980 1188 1079 1234 publi-

328 1240 426 1275 catae,
449 1233 557 1267 eadem
585 1234 769 1269 auctoritate
793 1236 961 1270 statuimus
992 1237 1076 1283 quod

329 1281 433 1327 legati,
446 1281 672 1327 gubernatores
684 1291 713 1317 et
729 1283 981 1319 locumtenentes
994 1298 1078 1332 prae-

328 1330 412 1371 dicti,
440 1343 525 1365 nunc
546 1339 575 1365 et
596 1344 652 1378 pro
680 1342 820 1379 tempore
844 1335 1024 1378 existentes,
1047 1336 1076 1369 in

328 1379 509 1425 supradicto
543 1380 704 1416 volumine
741 1382 1019 1428 praedecessorum
1048 1394 1076 1419 et

328 1436 449 1463 nostras
485 1429 658 1476 praedictas
685 1439 713 1464 et
746 1441 926 1478 praesentes
974 1433 1078 1468 literas

328 1477 420 1512 inseri
431 1485 461 1512 et
474 1478 620 1519 describi,
636 1481 878 1528 convocatisque
893 1481 1077 1516 officialibus

327 1535 358 1561 et
383 1526 552 1561 curialibus
569 1529 727 1562 curiarum
750 1542 877 1565 suarum
901 1543 936 1565 ac
968 1532 1076 1578 populi

328 1575 539 1616 multitudine,
563 1578 805 1614 constitutiones
834 1580 916 1626 ipsas
954 1592 1075 1615 necnon

328 1624 433 1659 literas
448 1625 633 1672 praedictas,
652 1628 743 1661 annis
767 1629 911 1675 singulis,
935 1629 1077 1664 kalendis

327 1674 445 1708 mensis
471 1674 609 1709 octobris
637 1676 805 1712 cuiuslibet
833 1679 920 1721 anni,
950 1678 1076 1725 publice

326 1730 357 1756 et
379 1722 565 1769 intelligibili
589 1736 676 1764 voce,
699 1725 738 1759 de
767 1726 860 1761 verbo
882 1728 920 1761 ad
946 1727 1075 1762 verbum

326 1771 385 1817 legi
410 1771 522 1806 faciant
547 1780 578 1806 et
607 1773 772 1820 publicari.

375 1824 390 1864 ξ
419 1821 544 1855 ¹12.Ne
582 1831 683 1857 auten]
722 1824 969 1870 gubernatores,
997 1838 1076 1872 quos

326 1868 408 1904 dicta
435 1869 536 1905 Sedes
550 1883 788 1919 nonnumquam
814 1885 875 1908 non
899 1876 928 1909 iu
953 1876 1077 1922 provin-

326 1918 396 1959 ciis,
415 1918 469 1953 sed
497 1920 527 1953 in
550 1920 648 1966 Urbe,
671 1922 863 1968 specialibus
885 1924 1076 1966 civitatibus,

326 1968 416 2002 terris
425 1975 455 2003 et
473 1968 549 2003 locis
561 1970 711 2016 deputare
727 1973 901 2017 consuevit,
917 1986 1075 2020 quocum-

326 2028 389 2064 que
416 2018 545 2053 nomine
580 2020 718 2066 deputati
751 2033 805 2056 scu
837 2025 1028 2070 nuncupati,
1048 2032 1075 2059 et

326 2078 435 2101 eorum
463 2067 714 2105 locumtenentes
748 2080 778 2106 et
808 2073 1012 2119 thesaurarii,
1041 2086 1076 2109 ae

326 2119 475 2157 officiales
503 2123 532 2157 in
557 2124 616 2158 illis
640 2137 694 2172 pro
718 2134 858 2173 tempore
885 2128 1036 2176 deputati,
1060 2142 1074 2164 a

325 2177 599 2221 constitutionum,
634 2180 848 2225 additionum,
875 2183 1075 2219 modificatio-

326 2244 417 2277 num,
455 2245 491 2267 ac
525 2233 755 2280 praedictarum
800 2243 830 2269 et
865 2237 1074 2282 praesentium

326 2288 488 2323 literarum
517 2288 756 2328 observatione,
784 2302 820 2323 eo
849 2298 1008 2335 praetextu
1044 2305 1076 2326 se

324 2351 474 2378 excusent
495 2344 594 2390 quod,
622 2344 651 2377 in
676 2344 764 2390 ipsis,
780 2344 944 2390 delegatis,
958 2346 1077 2391 guber-

325 2397 487 2432 natoribus
508 2404 539 2432 et
553 2397 728 2432 rectoribus
744 2399 987 2445 provinciarum,
1011 2400 1076 2434 tlte-

325 2451 488 2496 saurariis,
511 2451 671 2486 iudicibus
698 2460 727 2486 et
751 2451 937 2487 officialibus
960 2453 991 2486 in
1015 2453 1076 2488 illis

325 2506 480 2553 deputatis
491 2505 653 2540 dumtaxat
666 2514 822 2551 caveatur,
832 2507 940 2553 illique
955 2513 1074 2541 tantum

325 2561 462 2607 ligentur
489 2573 544 2607 per
571 2560 715 2601 easdem3
751 2560 833 2595 dicta
867 2561 1075 2600 auctoritate,

326 2614 583 2660 constitutiones,
608 2614 798 2660 additiones,
822 2614 1075 2650 modificationes

1124 355 1152 387 in
1176 355 1220 388 cis
1245 361 1404 398 contenta,
1428 354 1465 388 ad
1491 354 1620 399 Urbem,
1643 355 1795 401 civitates,
1818 365 1875 392 ter-

1124 415 1171 437 ras
1194 411 1223 437 et
1252 403 1318 438 loca
1345 403 1491 450 specialis
1517 404 1763 450 commissionis,
1790 413 1821 441 et
1844 406 1873 440 in

1123 452 1182 486 illis
1199 465 1282 487 nunc
1304 461 1333 488 ct
1357 465 1414 499 pro
1428 460 1568 500 tempore
1592 454 1772 501 deputatos,
1788 455 1874 490 vice-

1122 503 1344 546 camerarium,
1370 502 1617 547 gubernatores,
1645 503 1874 548 thesaurarios,

1124 558 1305 596 potestates,
1329 551 1450 585 iudices
1471 559 1503 586 ct
1525 551 1686 597 officiales,
1713 561 1874 599 quatenus

1121 599 1159 633 ad
1195 612 1248 634 cos
1282 600 1420 646 adaptari
1454 600 1574 647 possint
1613 601 1744 649 (absque
1768 610 1872 637 tamen

1124 649 1316 694 praeiudicio
1340 657 1527 684 statutorum
1550 658 1580 685 et
1603 651 1872 686 consuetudinum

1125 697 1236 735 Urbis,
1272 698 1447 741 civitatum,
1481 707 1634 734 terrarum
1669 707 1699 735 et
1731 701 1871 735 locorum

1122 747 1267 793 specialis
1285 747 1519 782 commissionis
1541 748 1724 784 huiusmodi
1753 758 1783 784 et
1803 749 1873 785 illo-

1124 808 1192 829 rum
1232 796 1514 831 communitatilms
1548 806 1578 833 et
1613 799 1873 834 universitatibus

1122 856 1345 879 concessorum
1363 845 1555 880 indultorum
1567 847 1793 894 quorumlibet,
1808 849 1872 896 qui-

1123 893 1180 927 bus
1203 893 1278 928 alias
1308 906 1370 928 non
1393 894 1586 941 derogetur),
1605 896 1819 939 extendimus,
1843 905 1873 932 et

1123 942 1268 977 volumus
1301 955 1337 977 ac
1368 944 1556 979 mandamus
1588 945 1655 981 illas
1696 946 1726 980 in
1753 946 1872 982 eisdem

1124 990 1221 1035 Urbe,
1243 992 1433 1037 civitatibus,
1460 994 1549 1028 terris
1571 1002 1601 1029 et
1628 994 1706 1029 locis
1727 995 1873 1042 specialis

1122 1041 1370 1086 commissionis,
1392 1042 1476 1076 sicut
1493 1042 1523 1076 in
1540 1043 1721 1090 provinciis,
1744 1045 1874 1080 firmiter

1121 1089 1294 1134 observari,
1316 1091 1375 1125 sub
1393 1091 1538 1126 censuris
1553 1099 1584 1127 et
1598 1093 1707 1140 poenis
1719 1095 1874 1129 contentis

1123 1139 1153 1173 in
1176 1139 1308 1173 eisdem.

1171 1192 1185 1231 g
1212 1191 1267 1222 115.
1288 1188 1357 1223 Non
1386 1189 1587 1224 obstantibus
1608 1197 1661 1224 etc.

1170 1237 1254 1271 Nulli
1277 1250 1353 1283 ergo
1375 1246 1427 1272 etc.

1170 1285 1285 1320 Datum
1309 1287 1431 1321 Romae
1454 1287 1537 1334 apud
1552 1287 1706 1323 Sanctum
1729 1289 1872 1336 Petrum,

1121 1348 1204 1370 anno
1239 1335 1467 1371 lucarnationis
1496 1336 1678 1372 dominicae
1706 1338 1876 1374 millesimo

1120 1385 1439 1431 quadringentesimo
1478 1386 1713 1432 septuagesimo
1747 1396 1876 1433 octavo,

1121 1438 1141 1468 5
1165 1433 1316 1469 kalendas
1340 1435 1431 1479 iunii,
1449 1435 1653 1482 pontificatus
1677 1437 1775 1471 nostri
1791 1448 1875 1473 anno

1120 1484 1266 1530 septimo.

1171 1545 1230 1575 Dat.
1250 1546 1297 1575 die
1314 1546 1352 1577 30
1371 1547 1440 1576 maii
1463 1547 1546 1583 1478,
1563 1547 1665 1586 pontis.
1683 1557 1759 1577 anno
1776 1557 1823 1578 vu.

1417 1681 1491 1716 xix
1520 1684 1576 1726 (ι).

1122 1752 1291 1785 Damnatio
1330 1755 1539 1797 quarumdam
1572 1755 1822 1799 propositionum
1856 1767 1876 1788 a

1170 1803 1261 1835 Petro
1283 1803 1319 1834 de
1349 1803 1445 1836 Osma
1481 1810 1507 1836 et
1535 1804 1609 1837 aliis
1638 1810 1744 1837 temere
1763 1805 1875 1848 prodi—

1168 1858 1282 1889 tarum,
1299 1853 1479 1895 praesertim
1494 1853 1577 1886 circa
1592 1860 1787 1897 peccatorum
1802 1865 1875 1886 con-

1167 1901 1325 1943 fessionem
1345 1908 1373 1933 et
1394 1901 1460 1934 alia
1474 1909 1599 1935 sanctae
1614 1902 1704 1935 Rom.
1724 1903 1875 1935 Ecclesiae

1167 1956 1371 1983 sacramenta.

1389 2028 1603 2059 SUMMARIUM

1118 2089 1285 2120 Exordium.
1305 2107 1342 2112 -—
1364 2091 1387 2120 l.
1410 2091 1514 2121 Petrus
1535 2092 1569 2121 de
1587 2090 1675 2120 Osma
1696 2095 1723 2121 et
1739 2090 1873 2130 plerique

1161 2135 1210 2164 alii
1235 2135 1342 2165 multas
1366 2136 1558 2165 scandalosas
1583 2135 1799 2174 propositiones
1822 2135 1873 2165 de-

1160 2178 1328 2209 fendebant.
1347 2197 1386 2202 —
1407 2180 1434 2209 ΕΞ.
1457 2180 1508 2209 Hic
1533 2180 1597 2209 ideo
1617 2179 1749 2209 Pontifex
1771 2178 1872 2208 archi-

1159 2224 1298 2262 episcopo
1314 2223 1455 2253 Toletano
1469 2223 1618 2253 commisit
1637 2232 1737 2253 earum
1756 2222 1871 2261 plenam

1159 2268 1417 2304 examinationem,
1438 2272 1466 2297 et
1489 2267 1686 2306 praefatorum
1719 2267 1871 2296 reductio-

1159 2320 1224 2340 nem
1243 2321 1276 2341 ac
1292 2312 1409 2341 illarum
1425 2311 1666 2347 confutationem,
1683 2315 1710 2340 et
1725 2314 1872 2349 quatenus

1159 2356 1324 2394 pertinaces
1341 2360 1450 2389 essent,
1474 2364 1524 2384 eos
1544 2354 1708 2384 haereticos
1727 2354 1871 2384 declarari

1159 2401 1255 2430 iussit.
1286 2418 1324 2423 —
1351 2401 1378 2430 3.
1401 2400 1455 2435 Qui
1479 2400 1722 2439 archiepiscopus
1751 2398 1869 2428 easdem

1158 2445 1397 2482 propositiones,
1428 2443 1513 2473 Petro
1543 2443 1667 2483 eiusque
1690 2442 1870 2482 sequacibus

1158 2489 1277 2523 vocatis,
1296 2488 1480 2524 examinavit,
1499 2491 1527 2517 et
1546 2488 1634 2517 salsas
1657 2492 1685 2517 et
1705 2487 1868 2517 haereticas

1160 2542 1223 2562 esse
1243 2532 1409 2561 declararit.
1432 2548 1471 2553 —
1501 2532 1529 2561 4.
1549 2531 1692 2568 Pontifex,
1707 2531 1819 2561 eisdem
1839 2530 1869 2559 in

1154 2594 1278 2628 (1)Haec
1295 2593 1366 2619 bulla
1387 2593 1482 2628 legitur
1503 2593 1554 2620 sub
1582 2600 1656 2619 num.
1678 2601 1717 2618 xx
1738 2592 1763 2618 in
1790 2592 1868 2618 Rom.

1120 2633 1240 2659 Editione
1257 2633 1294 2666 (u.
1313 2633 1362 2661 TA.

1891 257 1940 283 An.
1959 257 1985 282 C.
2005 257 2072 284 ¹1⁸7ss

1902 1216 2013 1237 clausulae
2035 1218 2074 1238 de-

1890 1250 2017 1273 rogatorum.
