2281 3251
87 274 138 300 An.
155 272 185 300 C.
198 272 266 300 ¹516

102 559 266 582 praedicationi·

87 597 159 614 munus
166 590 225 611 valde
232 595 267 610 ne·

87 623 165 644 ees-ari
168 627 200 642 um
216 624 236 642 et
246 627 267 641 u-

88 653 124 675 iit·
138 655 176 673 nt.

89 2287 182 2308 Praedia.
194 2291 262 2309 tamon

81 2319 129 2347 aliq.
141 2321 264 2342 scandalon

83 2351 205 2379 quandoque
218 2358 264 2380 pro-

83 2384 169 2408 ponunt.

952 268 1010 291 LEO
1032 268 1050 291 X
1072 269 1121 292 PP-

280 330 329 359 Leo
354 329 494 366 episeopus
515 335 608 357 servus
632 334 771 357 servorum
790 327 849 361 Dei.
873 329 906 356 ad
931 325 1025 364 perpe-

325 381 402 408 tuam
424 378 465 408 rei
483 378 651 411 memoriam.
669 384 748 407 sacro
771 378 939 414 approbante
961 378 1024 407 Con-

326 428 396 457 cilio.

329 500 492 547 Supernae
506 500 675 535 Maiestatis
685 501 851 547 praesidio,
868 513 922 548 per
935 502 1025 535 cuius

281 549 466 585 ineffabilem
496 551 723 596 proiidentiam
758 551 902 585 coelestia
931 551 1023 585 siuinl

279 609 309 635 et
336 608 457 635 terrena
484 599 661 646 diriguntur
670 612 795 647 ,super
812 613 939 646 gregem
968 601 1024 634 ‹lo-

279 649 428 684 minicum
456 628 562 683 nobisv
572 650 773 684 commissum
819 650 1023 696 speculatoris

279 698 415 733 officium
429 701 590 745 (quantum
601 699 805 734 imbecillitati
820 709 942 734 nostrae
951 712 1024 733 cou-

279 749 412 795 ceditur)
425 757 618 789 exercentes,
643 757 767 795 totaque
790 758 893 783 mente
915 749 1024 783 uobis-

279 810 349 833 cum
374 799 432 845 ipsi
456 799 658 838 revolventes,
687 799 766 833 inter
782 799 838 833 alia
861 798 1022 844 complura

279 856 309 882 et
324 861 449 894 magna,
462 848 497 882 ad
514 860 571 882 nos
588 848 742 893 pertinere
760 857 791 882 ut
806 860 922 882 munus
939 860 1023 894 prae-

279 897 547 944 dicationis,quod
559 898 586 931 in
596 897 736 932 Ecclesia
745 897 801 932 Dei
819 897 1021 944 praecipuum

278 960 313 983 ac
329 948 596 994 pernecessarium
620 948 787 993 magnique
799 947 918 981 fructus
929 956 1022 992 atque

278 998 432 1042 utilitatis,
453 997 626 1032 dummodo
636 1006 716 1031 recte
732 1005 763 1030 et
784 1009 821 1031 ex
836 997 955 1031 sincera
970 1008 1023 1029 ca-

279 1048 368 1082 ritate
394 1059 465 1093 erga
488 1046 588 1080 Deum
619 1053 648 1080 et
673 1047 866 1091 proximum
896 1057 1022 1091 praece-

279 1097 402 1151 ptisque
429 1105 459 1130 et
485 1096 637 1142 exemplis
667 1104 847 1130 sanctorum
871 1095 1018 1132 Patrum,

278 1159 330 1194 qni
351 1147 426 1181 liaec
449 1146 630 1192 profitentes
652 1157 723 1179 cum
745 1145 815 1179 fidei
839 1143 1021 1178 fundatione

278 1204 307 1229 et
328 1196 548 1242 propagatione
572 1195 740 1248 plurimum
763 1194 921 1228 Ecclesiae
944 1205 1021 1227 con-

278 1245 429 1288 tulerunt,
442 1253 636 1284 exerceatur3
653 1256 772 1290 quippe
783 1243 866 1289 quod
882 1242 1021 1276 Redem-

278 1302 346 1341 ptor
369 1302 473 1328 noster
501 1294 620 1339 primus
642 1293 713 1327 fecit
734 1302 764 1327 et
778 1293 896 1336 docuit,
912 1293 1021 1326 eteius

277 1351 442 1389 praecepto
467 1351 496 1377 et
513 1342 685 1376 imitatione
699 1342 867 1377 duodenus
883 1341 934 1376 ille
950 1353 1023 1387 apo·

276 1394 427 1427 stolorum
445 1404 606 1429 numerus„
622 1393 709 1438 quasi
728 1392 854 1427 totidem
870 1391 948 1426 coeli
963 1391 1019 1425 Dei

276 1442 338 1477 veri
361 1442 489 1489 gloriam
513 1451 693 1477 enarrantes
713 1455 767 1489 per
793 1442 900 1476 orbem
924 1450 1022 1475 terra-

276 1504 370 1536 rum,
399 1492 578 1525 universum
601 1504 701 1538 genus
725 1493 909 1535 humanum,
936 1490 1020 1537 quod

276 1541 335 1575 sub
364 1541 480 1587 peccati
508 1542 578 1587 iugo
605 1549 723 1576 vetusta
745 1542 895 1576 servitute
918 1541 1021 1575 couti-

277 1591 421 1632 nebatur,
449 1591 563 1625 sensim
587 1591 626 1625 ab
644 1603 753 1625 eorum
777 1591 914 1625 tenebris
936 1590 1022 1625 edu—

277 1648 398 1680 centeS,
419 1648 449 1675 et
471 1640 509 1674 ad
534 1649 705 1687 perpetuae
724 1641 833 1675 salutis
850 1640 951 1675 lucem
972 1653 1021 1674 ex-

278 1690 422 1729 citantes,
446 1689 574 1724 verbum
591 1692 692 1736 ipsum
718 1691 747 1724 in
765 1702 891 1724 omnem
909 1699 1019 1724 terram

277 1741 348 1774 etin
362 1739 440 1774 sines
454 1739 538 1773 orbis
553 1748 663 1784 terrae,
682 1748 747 1773 tum
764 1740 821 1786 ipsi
844 1740 940 1786 prius,
954 1748 1020 1774 tum

276 1789 390 1824 deiude
413 1789 459 1823 sui
481 1801 681 1823 successores
697 1790 788 1835 longe
802 1790 925 1836 lateque
950 1802 1021 1836 pro-

276 1847 467 1886 pagaverunt
500 1838 714 1886 altissimeque
742 1839 963 1883 fundaverunt,
989 1848 1021 1873 ut

276 1889 328 1935 qui
343 1901 427 1923 nunc
450 1897 568 1922 tantum
583 1889 718 1923 subeunt
734 1901 812 1923 onus
840 1889 1021 1924 meminisse

276 1938 427 1978 debeant,
450 1938 700 1985 creberriineqne
721 1951 828 1973 secum
853 1940 1021 1983 revolvere,

278 1997 400 2033 praeter
421 1989 556 2022 auctoris
585 1988 683 2034 ipsius
705 2001 741 2023 ac
763 1988 938 2023 fundatoris
951 1989 1020 2024 lesu

276 2036 394 2072 Christi
430 2038 615 2084 pientissimi
656 2038 878 2086 Redemptoris
896 2066 903 2078 ,
937 2036 1020 2074 Petri

276 2087 369 2121 etiam
385 2095 415 2121 et
437 2087 525 2122 Pauli
548 2097 786 2134 ceterorumque
808 2088 1019 2134 apostolorum

276 2144 306 2170 et
327 2136 453 2171 Domini
483 2137 708 2183 discipulorum
729 2150 761 2171 se
784 2138 866 2172 vices
883 2165 891 2178 ,
919 2138 1020 2185 quoad

276 2185 337 2221 hoc
358 2186 508 2230 officium,
535 2187 640 2221 subire
662 2199 697 2222 ac
719 2188 884 2221 sustinere.

325 2236 345 2283 S
374 2240 403 2270 1.
431 2235 514 2271 Sane
534 2236 594 2270 fide
610 2236 777 2282 dignorum
796 2236 942 2271 relatione
956 2249 1022 2284 per-

277 2287 419 2332 cepimus
439 2286 524 2333 quod
553 2287 694 2320 nonnulli
720 2286 948 2333 praedicatores
965 2299 1022 2321 uo-

278 2336 349 2370 stris
361 2336 555 2383 temporibus
569 2336 663 2382 (quod
675 2336 816 2370 dolenter
832 2337 1021 2382 referimus),

279 2398 341 2420 non
369 2385 565 2420 attendentes
595 2398 627 2420 se
644 2398 764 2427 corum⁷
779 2398 857 2432 quos
873 2386 1021 2432 diximus,

278 2444 307 2470 et
335 2435 467 2482 insuper
482 2444 661 2470 sauctorum
679 2435 838 2470 Ecclesiae
858 2435 1020 2471 doctorum

278 2485 475 2532 aliorumque
503 2497 622 2519 sacram
648 2485 836 2531 theologiam
866 2486 1021 2532 proliten-

279 2539 368 2579 tium‚
391 2540 442 2586 qui
465 2538 640 2573 assistendo
655 2539 768 2586 iugiter
786 2539 972 2584 christianis,
987 2553 1022 2576 ac

279 2604 312 2626 se
334 2592 417 2627 falsis
445 2592 606 2640 prophetis
635 2601 749 2627 rectam
776 2593 867 2628 tidem
892 2594 1023 2629 subver—

282 2655 344 2681 tere
370 2646 585 2681 annitentibus
612 2656 821 2694 oppouentes,
849 2648 1021 2684 Ecclesiam

360 2704 432 2733 Ball.
451 2704 526 2734 Rom.
551 2704 603 2734 l'ol.
630 2704 657 2734 V.
868 2706 905 2736 86

1693 257 1757 290 681

1068 324 1252 359 militantem
1281 323 1417 358 illaesam
1443 322 1551 370 prius,
1581 334 1635 370 per
1661 333 1694 357 se
1717 322 1810 358 talem

1066 386 1132 408 eam
1149 386 1217 409 esse
1232 373 1480 412 manifestarunt,
1499 372 1633 407 officium
1650 384 1808 414 exercere,

1066 431 1095 458 et
1119 436 1179 458 nou
1209 423 1265 457 nisi
1291 423 1374 457 utilia
1402 422 1600 458 concurrenti
1623 434 1732 456 eorum
1749 434 1812 457 ser-

1067 471 1810 519 monibuspopulo‚advitiorumextirpationem‚

1066 524 1214 557 virtutum
1239 522 1375 562 landem,
1397 522 1570 556 animarum
1599 520 1736 567 denique
1757 534 1810 556 sa-

1067 573 1160 606 lutem
1191 571 1339 611 fidelium,
1364 571 1540 605 meditanda
1568 578 1598 605 et
1622 571 1808 617 perficienda

1066 622 1179 656 debere
1208 633 1391 661 assumere3
1421 620 1516 654 multa
1539 628 1642 654 tamen
1669 629 1699 655 et
1727 621 1808 655 varia

1066 680 1171 705 contra
1185 671 1394 705 institutiones
1416 678 1445 704 ct
1468 670 1622 715 exempla,
1639 682 1720 717 quae
1735 670 1811 705 dixi-

1066 733 1146 761 mus
1169 720 1357 767 quandoque
1369 720 1462 753 etiam
1475 719 1669 764 scandalosa‚
1685 719 1809 766 populis

1066 770 1261 824 praedicare3
1284 769 1369 816 quod
1398 778 1534 803 mentem
1557 777 1640 803 certe
1671 777 1807 804 nostram

1064 832 1176 853 mirum
1201 832 1229 853 in
1255 819 1382 853 modum
1411 818 1580 852 commovit
1601 819 1674 852 dum
1711 819 1809 853 nobi-

1064 881 1150 902 scum
1175 869 1230 914 ipsi
1260 876 1362 903 mente
1385 868 1538 902 volvimus
1559 868 1648 923 ‘quod
1678 868 1732 909 illi
1759 868 1808 902 of-

1065 918 1122 952 licii
1148 919 1348 952 immemores
1374 918 1445 961 sui,
1468 918 1497 951 in
1518 918 1583 952 suis
1610 896 1808 953 sermonibus

1065 980 1125 1001 uon
1142 968 1177 1001 ad
1195 968 1357 1001 utilitatem
1375 945 1582 1011 audientium,
1597 967 1649 1002 sed
1666 968 1702 1001 ad
1719 980 1806 1002 suam

1064 1017 1167 1063 potius
1180 1017 1420 1051 ostentationem
1437 1016 1626 1060 laborantes,
1639 1017 1725 1051 vanis
1734 1030 1808 1064 quo-

1064 1066 1208 1101 rumdam
1231 1066 1360 1100 auribus
1381 1066 1596 1106 blandiuntur,
1619 1066 1670 1112 qui
1694 1067 1730 1100 ad
1749 1067 1808 1102 hoc

1062 1116 1120 1149 iam
1145 1115 1308 1150 devenisse
1329 1122 1480 1161 apparent
1502 1124 1536 1150 ut
1558 1115 1733 1150 verificetur
1760 1116 1808 1150 di-

1063 1174 1145 1199 ctum
1155 1165 1298 1211 Apostoli
1312 1165 1348 1199 ad
1363 1164 1565 1198 Timotheum
1581 1164 1620 1198 ita
1630 1164 1807 1200 scribentis:

1063 1216 1134 1248 Eril
1161 1216 1240 1248 enim
1268 1222 1381 1259 tempus
1411 1226 1478 1248 cum
1503 1226 1611 1248 sanam
1639 1216 1809 1249 doctrinam

1062 1277 1122 1297 non
1137 1265 1355 1302 substinebunt,
1372 1265 1423 1297 sed
1435 1265 1477 1297 ad
1498 1276 1555 1297 sua
1572 1264 1721 1297 desideria
1735 1276 1809 1298 coa-

1062 1315 1224 1348 cervabunt
1250 1314 1310 1347 sibi
1334 1314 1498 1358 mayiscros
1525 1314 1697 1358 prurientes
1719 1314 1808 1347 auri-

1062 1365 1127 1402 bus,
1161 1371 1187 1397 et
1220 1376 1238 1397 α
1264 1364 1389 1397 veritate
1410 1364 1531 1408 quidem
1557 1364 1699 1396 auditum
1720 1375 1808 1396 aver-

1062 1420 1132 1451 tent,
1157 1415 1199 1446 ad
1218 1413 1343 1458 fabulas
1369 1420 1468 1446 aulem
1483 1420 1699 1446 convertentur.
1717 1411 1808 1455 Quo-

1063 1475 1130 1496 rum
1144 1462 1235 1496 falsas
1256 1470 1286 1496 et
1310 1462 1418 1496 inanes
1437 1470 1568 1501 meuteS,
1593 1462 1808 1508 praedicantes

1063 1512 1120 1559 ipsi
1145 1511 1271 1566 praefati
1297 1523 1357 1546 non
1378 1511 1472 1546 modo
1500 1511 1530 1545 in
1553 1519 1667 1546 rectam
1691 1524 1808 1547 v-eram

1062 1574 1121 1607 que
1150 1574 1229 1595 vtam
1254 1561 1403 1595 reducere
1427 1561 1558 1595 minime
1580 1561 1726 1601 student
1752 1563 1807 1597 sed

1063 1611 1130 1645 illas
1147 1610 1315 1645 maioribus
1343 1611 1433 1645 etiam
1451 1610 1610 1645 erroribus
1633 1611 1808 1658 implicant,

1062 1661 1149 1701 dum,
1172 1660 1237 1695 sine
1260 1661 1320 1695 ulla
1342 1672 1499 1694 canonum
1528 1661 1728 1695 attestatione
1760 1663 1807 1696 vel

1065 1710 1259 1754 reverentia,
1289 1710 1385 1744 immo
1407 1719 1514 1744 contra
1538 1710 1620 1757 ipsas
1642 1711 1809 1746 canonicas

1062 1761 1252 1804 sanctiones,
1267 1772 1372 1794 sacrae
1385 1760 1567 1806 Scripturae
1587 1772 1715 1795 sensum
1733 1761 1808 1796 mul-

1063 1810 1194 1844 tifariam
1226 1818 1450 1855 pervertentes,
1474 1818 1653 1856 temereque
1675 1822 1711 1845 ac
1735 1824 1809 1858 per-

1063 1871 1168 1906 peram
1194 1860 1378 1906 plernmque
1407 1860 1673 1906 interpretantes,
1700 1869 1808 1896 contra

1063 1909 1422 1956 weritatempraedicare,
1432 1918 1628 1956 terroresque
1651 1922 1687 1945 ac
1710 1911 1810 1945 minas

1062 1959 1221 2013 multaque
1250 1959 1329 1993 mala
1357 1959 1538 2006 propediem
1561 1960 1705 2001 aleutura
1729 1961 1809 1995 iarn-

1062 2021 1122 2055 qne
1146 2008 1334 2055 ingruentia
1358 2009 1442 2043 nulla
1458 2022 1586 2056 prorsus
1608 2009 1744 2055 legitima
1757 2023 1807 2044 ra-

1063 2059 1145 2092 tione
1174 2058 1308 2103 muniti,
1337 2058 1390 2092 sed
1427 2071 1484 2093 suo
1515 2059 1676 2093 dumtaxat
1701 2060 1808 2095 sensui

1062 2112 1284 2159 obsequentes,
1312 2113 1553 2158 comminantur,
1582 2122 1809 2161 representant‚

1062 2167 1234 2214 adesseque
1268 2177 1462 2209 asseverant;
1495 2168 1682 2215 plerumque
1715 2169 1806 2203 etiam

1064 2233 1139 2256 vana
1157 2221 1307 2268 quaedam
1322 2230 1352 2257 et
1371 2222 1471 2256 inania
1494 2232 1523 2257 et
1545 2222 1604 2257 alia
1626 2222 1807 2257 huiusmodi

1064 2276 1188 2323 populis
1203 2276 1354 2322 ingerere,
1368 2275 1503 2323 ettquod
1522 2277 1682 2311 enormius
1698 2280 1754 2322 est)
1770 2278 1809 2312 ab

1063 2330 1253 2364 aeternitatis
1283 2330 1400 2364 lumine
1422 2338 1451 2364 et
1473 2329 1578 2365 Sancti
1602 2330 1738 2377 Spiritus
1759 2331 1810 2366 ad-

1063 2384 1237 2419 monitione
1273 2393 1326 2419 aut
1362 2384 1520 2419 infusione
1555 2384 1604 2419 illa
1637 2397 1670 2420 se
1693 2385 1808 2420 habere

1063 2450 1201 2474 asserere
1223 2438 1348 2473 audent.
1377 2437 1521 2485 Cumque
1538 2438 1569 2483 ii,
1584 2438 1643 2473 sub
1663 2438 1809 2474 conficto-

1065 2505 1130 2526 rum
1139 2493 1363 2528 miraculorum
1379 2492 1673 2537 mendaciis,varios
1688 2505 1808 2528 errores

1065 2546 1253 2594 fraudesque
1268 2547 1487 2587 disseminent;
1510 2547 1644 2595 denique
1664 2547 1808 2595 populos,

1064 2613 1145 2647 quos
1179 2601 1207 2635 in
1236 2601 1414 2647 evangelica
1443 2600 1586 2636 doctrina
1614 2601 1724 2636 sedulo
1758 2601 1808 2636 in-

1064 2663 1195 2699 struere,
1211 2663 1240 2689 et
1255 2655 1285 2689 in
1299 2666 1368 2690 vera
1391 2655 1451 2691 fide
1470 2655 1605 2691 retinere
1626 2663 1657 2691 et
1679 2667 1808 2692 conser-

1828 269 1879 296 An.
1895 267 1925 295 C.
1943 267 2009 295 15l6
