2281 3251
230 283 279 309 Αη.
293 281 311 308 C
345 283 410 309 ΝΜ

237 1773 265 1794 De
274 1773 348 1794 clerici
357 1776 415 1793 men-

229 1806 278 1825 satu
326 1808 414 1825 munero

228 1835 285 1855 eirea
301 1838 416 1855 occurren-

229 1869 257 1886 tu
267 1865 350 1892 singulo
358 1869 415 1885 mon-

229 1902 260 1917 so.

480 272 523 305 78

425 338 518 384 gione
539 349 612 372 vero
632 336 854 380 thesaurarius,
878 343 946 382 post
970 334 1086 391 reliqua
1112 345 1181 379 pars

426 387 627 426 clericorum
655 399 764 421 eorum
792 398 880 430 sanc,
901 385 954 432 qui
972 386 1050 419 intra
1070 394 1181 417 inume-

427 450 496 472 rum
519 446 604 475 sunt.
631 437 727 484 hique
755 448 867 470 omnis
892 447 947 481 pro
975 443 1002 468 tt
1008 445 1117 480 rupere
1132 433 1182 465 di-

425 487 553 533 gnitatis
594 495 648 520 aut
687 485 891 520 admissionis
919 496 1039 518 eorum.
1077 482 1181 528 Super

428 548 594 571 numerum
620 544 724 570 ἶΗΙῙΘΙΙὶ
753 535 842 570 elt‘Cll
876 533 1035 567 novissimi
1069 532 1182 566 consi—

426 586 530 625 deaut
549 597 605 620 nec
619 587 786 632 quisquam
803 596 911 618 eorum
928 583 996 616 siue
1010 581 1078 616 alba
1096 589 1180 615 teste

425 644 518 682 atque
555 647 664 681 cappa,
693 634 762 669 loco
789 645 863 676 sno,
900 632 954 666 sed
984 632 1063 666 iuter
1091 643 1181 678 pares

427 684 538 719 ultimo
565 685 681 719 sedeat
712 683 785 717 Post
818 683 874 716 lios
911 689 1015 716 autem
1057 681 1181 716 auditor

427 734 510 777 lisci,
546 734 649 768 clerici
693 734 770 767 sacri
800 732 944 776 collegii,
983 739 1047 765 tum
1083 730 1181 764 advo—

425 792 513 818 catus
561 795 734 830 pauperum
754 810 761 820 ,
812 790 972 828 postremo
1010 781 1180 815 advocatus

425 845 460 868 ac
497 842 679 880 procurator
708 832 783 866 lisri.
821 831 948 865 Praeter
985 831 1042 864 bos
1075 838 1178 864 autem

425 895 547 925 omnes,
576 894 667 916 nemo
695 894 732 916 cx
759 881 910 915 ministris
937 880 1096 914 fiscalibus
1124 892 1180 914 se-

424 932 514 976 deat,
541 931 596 966 sed
629 931 703 966 recti
735 943 846 965 omnes
867 931 1032 969 assistant,
1062 938 1094 964 ut
1122 929 1181 964 ho-

423 994 481 1016 nor
506 993 541 1015 ac
572 981 669 1015 decus
697 980 790 1015 liuius
822 980 1023 1026 magistratus
1056 980 1182 1025 gravius

424 1031 618 1066 observetur
657 1029 818 1077 Quicquid
854 1042 870 1064 a
901 1030 1034 1074 siugulis
1067 1029 1179 1063 borum

425 1080 680 1128 proponendum,
708 1079 931 1134 agendumque
959 1078 1063 1117 fuerit
1097 1079 1180 1113 iuxta

425 1130 547 1165 sedium
577 1138 608 1165 et
632 1129 784 1176 temporis
815 1128 961 1163 ordinem
990 1127 1180 1167 absolvatur

425 1188 487 1214 tam
512 1181 543 1214 in
567 1179 731 1226 exigendis
755 1179 846 1222 votis,
877 1190 972 1225 quam
1006 1178 1034 1212 in
1063 1190 1181 1212 causa-

425 1241 494 1264 rum
519 1228 783 1276 delegationibus,
807 1227 1080 1275 relationibusque
1104 1228 1181 1262 lien-

425 1278 490 1313 dis:
515 1279 554 1313 ita
586 1287 616 1313 ut
640 1291 695 1326 pro
716 1277 868 1313 modestia
890 1277 1030 1317 Patruin,
1055 1289 1118 1312 uno
1134 1278 1181 1312 lo-

425 1336 553 1374 quente,
569 1329 682 1363 caeteri
707 1327 873 1362 observato
887 1328 1014 1363 silentio
1036 1326 1179 1362 audiant.

426 1378 527 1412 Nemo
555 1377 735 1425 loquentem
771 1377 884 1412 turbet.
921 1376 984 1412 Nec
1020 1377 1098 1411 intra
1128 1376 1182 1411 lias

426 1427 528 1462 solum
564 1428 687 1474 species
721 1427 865 1461 consistit
897 1426 993 1461 huius
1020 1427 1181 1462 constituti

426 1477 591 1512 sententia.
620 1476 834 1524 Quocumque
857 1477 940 1511 enim
970 1477 1029 1511 boc
1057 1475 1181 1511 celebre

426 1526 594 1573 collegium
618 1527 812 1566 convenerit,
837 1526 918 1561 idem
941 1526 1038 1569 ordo,
1071 1525 1181 1560 eadem

428 1576 563 1623 gravitas
597 1588 633 1610 ac
662 1576 815 1611 modestia
845 1575 960 1611 illibata
985 1583 1180 1623 permaneat.

427 1625 508 1660 Cum
524 1633 628 1660 autem
653 1626 701 1661 ius
722 1625 851 1665 dicitur,
874 1625 1041 1660 observent
1064 1626 1181 1660 ostium

429 1683 492 1709 tres
512 1687 661 1710 cursores
682 1675 719 1709 ad
743 1674 888 1710 mandata
920 1683 1042 1723 patrum
1073 1676 1181 1722 parati.

478 1728 493 1767 ἓ
516 1725 549 1759 6.
571 1724 605 1759 Si
638 1725 745 1772 plures
769 1725 912 1760 mandata
935 1725 1056 1771 negotia
1080 1725 1184 1759 serius

430 1774 612 1822 tardiusque
627 1774 800 1815 absolvant;
816 1774 956 1822 profecto
974 1775 1082 1809 maiori
1102 1787 1185 1809 com-

431 1822 525 1859 modo
559 1823 657 1865 cedit
686 1823 738 1858 uni
775 1823 997 1871 exequendum
1035 1824 1184 1858 commit-

432 1880 507 1913 tere,
534 1873 618 1920 quod
643 1873 809 1920 probatum
837 1882 883 1908 est
907 1873 1044 1921 plurium
1069 1874 1185 1908 iudicio

430 1930 524 1970 atque
539 1934 709 1958 consensu.
721 1922 781 1958 Pro
797 1935 884 1958 more
899 1923 995 1969 igitur
1016 1923 1117 1970 prisco
1139 1935 1186 1958 so-

430 1972 550 2028 litoque
565 1972 718 2008 maiorum
736 1981 930 2017 nostrorum
939 1973 1065 2020 singulo
1078 1985 1185 2008 mense

431 2022 483 2056 uni
511 2034 548 2057 ex
575 2022 702 2058 clericis
723 2022 932 2057 demandetur
962 2035 1036 2058 cura
1062 2024 1184 2070 praeci-

431 2084 492 2119 pua
504 2072 681 2120 exequendi
697 2084 841 2119 quaeque
858 2072 988 2119 negocia
1005 2073 1085 2107 inter
1101 2073 1186 2119 ipsos

430 2121 581 2157 conclusa
615 2129 708 2169 atque
748 2121 889 2156 delinita.
927 2121 965 2156 Et
999 2122 1024 2155 is
1055 2122 1184 2169 quidem

432 2176 569 2223 primum
604 2176 814 2212 constituatur
847 2175 1003 2213 decanus,
1040 2183 1104 2211 tum
1142 2177 1184 2212 illi

433 2231 617 2278 proximiori
640 2239 794 2278 tempore,
813 2237 908 2277 atque
928 2230 980 2271 ita,
996 2240 1119 2266 servato
1134 2243 1186 2266 or-

431 2284 518 2329 dine,
536 2284 756 2333 praeficiantur
766 2284 877 2319 caeteri
892 2283 950 2318 sibi
968 2284 1101 2319 invicem
1113 2298 1187 2320 suc-

432 2337 591 2374 cedentes.
620 2337 714 2380 Quod
742 2345 847 2372 autem
877 2337 966 2372 istius
994 2338 1064 2373 fidei
1095 2347 1187 2386 atque

433 2392 612 2439 diligentiae
635 2392 803 2436 incumbit,
821 2392 910 2426 idest
935 2401 967 2426 ut
996 2391 1098 2426 bullas
1121 2405 1187 2427 ma-

434 2447 536 2483 iorum
553 2447 768 2484 Ecclesiarum
791 2459 826 2482 ac
846 2448 1107 2483 monasteriorum
1128 2461 1187 2483 cn-

434 2510 480 2537 ret
501 2502 647 2538 concludi
675 2513 787 2549 capsae
810 2501 871 2536 sub
893 2502 1027 2537 duarum
1053 2501 1186 2538 clavium

433 2556 588 2598 custodia,
610 2568 742 2605 quarum
763 2555 890 2591 alteram
913 2556 996 2602 apud
1016 2568 1049 2591 se
1073 2564 1188 2597 teneat

434 2611 562 2647 alteram
590 2611 764 2647 servientes
786 2622 960 2651 armorum1
991 2610 1185 2658 reliquorum

434 2673 539 2701 autem
574 2665 812 2707 beneficiorum,
846 2677 928 2713 quae
955 2665 1188 2714 supplicatione

1019 278 1204 302 ut't.LAntcu
1233 277 1395 301 Romamn!

1223 333 1443 379 impetrantur,
1464 332 1689 379 obligationem
1706 332 1789 368 iuxta
1809 333 1903 368 ritum
1919 332 1980 368 Ca-

1223 395 1327 416 merae
1355 383 1510 430 accipi-„113
1539 382 1645 417 iocalia
1675 382 1901 430 undecumque
1926 395 1978 417 re-

1223 433 1339 471 uer-int,
1357 432 1430 467 liuic
1454 440 1560 479 postea
1583 431 1752 467 dividenda
1776 433 1978 467 mandantur.

1222 481 1282 516 lste
1300 481 1424 516 taudem
1441 483 1584 517 omnium
1603 482 1686 516 vices
1701 494 1809 528 agens.
1826 483 1978 530 quicquid

1222 531 1302 565 iuter
1315 531 1453 577 collegas
1468 531 1772 566 communicandum
1789 531 1981 566 disrribuen-

1221 581 1362 628 dumque
1397 581 1575 627 acceperit,
1613 581 1718 615 libello
1744 581 1914 624 describat,
1949 590 1981 616 et

1223 631 1357 666 instante
1381 630 1442 665 line
1468 631 1586 665 mensis
1609 630 1688 665 inter
1707 630 1856 676 collegas,
1878 639 1982 665 coete-

1222 692 1337 727 rosque
1359 679 1475 715 Curiae
1496 679 1646 714 officiales
1667 692 1769 727 aequa
1793 680 1881 714 lance
1908 692 1979 727 par·

1223 738 1326 764 llsslssl'.

1270 784 1284 823 ,ξ
1309 782 1339 813 Τ.
1363 779 1445 813 Sunt
1470 779 1564 825 igitur
1587 779 1707 813 minuta
1730 779 1884 826 quinque.
1902 791 1980 826 quo—

1222 842 1288 863 rum
1324 828 1536 863 distribuernli
1571 841 1652 862 onus
1680 836 1787 862 nostro
1824 828 1977 863 incumbit

1221 880 1334 918 cilicio,
1359 879 1418 913 boc
1437 878 1548 913 ordine
1573 878 1745 925 partienda.
1767 878 1873 913 Primo
1894 891 1979 913 nam-

1221 941 1282 976 que
1310 929 1442 967 minuto
1475 929 1558 975 quod
1589 927 1625 962 ad
1649 927 1814 962 Camenam
1838 928 1979 975 Aposto-

1222 978 1312 1013 lieam
1329 986 1460 1025 spectat
1485 992 1513 1012 ιιι
1537 988 1673 1025 quatuor
1697 986 1800 1024 parus
1819 978 1978 1033 aequales

1222 1037 1285 1063 tres
1313 1036 1415 1075 partes
1443 1027 1593 1062 domiuus
1620 1028 1812 1062 camerarius
1834 1028 1978 1075 accipiat

1221 1077 1341 1118 ‹lixiso·
1370 1077 1488 1124 reliqua
1519 1089 1590 1112 iero
1625 1077 1730 1112 clerici
1764 1077 1978 1112 emolumenta

1223 1106 1436 1173 percipientes
1457 1127 1537 1161 inter
1552 1139 1584 1161 se
1607 1126 1781 1173 aequaliter
1797 1127 1978 1162 metiantur.

1223 1176 1316 1212 Aliud
1335 1189 1408 1211 vero
1427 1177 1584 1211 minutum
1603 1176 1820 1211 Cancellariae
1842 1177 1982 1224 assigna-

1223 1236 1301 1266 tum,
1331 1227 1404 1261 item
1430 1227 1459 1260 in
1496 1234 1632 1273 quatuor
1659 1234 1762 1272 partes
1794 1226 1979 1269 scindatur,

1222 1288 1357 1323 quarum
1382 1284 1444 1310 tres
1460 1275 1597 1310 dominis
1621 1276 1845 1323 protonotariis
1858 1276 1979 1311 adscri-

1223 1325 1345 1360 bantur:
1372 1325 1498 1360 residua
1520 1334 1626 1360 autem
1651 1325 1808 1372 bipartita,
1837 1338 1898 1360 uua
1921 1325 1980 1361 do-

1223 1376 1309 1410 mino
1325 1375 1583 1410 vicecancellario
1596 1375 1699 1415 cedat;
1714 1374 1772 1409 alia
1790 1376 1862 1409 item
1879 1388 1979 1423 aequa-

1224 1425 1293 1459 liter
1322 1424 1501 1468 subdivisa,
1534 1438 1595 1458 una
1621 1425 1796 1459 litterarum
1824 1425 1979 1472 apostoli·

1223 1486 1330 1509 carum
1367 1474 1553 1514 correctori,
1581 1474 1677 1509 altera
1701 1487 1772 1508 vero
1803 1487 1875 1522 pars
1902 1487 1980 1510 con-

1224 1524 1426 1558 tradictarum
1446 1523 1581 1558 auditori
1604 1524 1705 1558 detur.
1724 1523 1778 1559 Est
1801 1533 1831 1558 et
1852 1525 1979 1560 tertium

1225 1574 1381 1608 minutum
1419 1574 1447 1607 in
1485 1573 1563 1608 duas
1591 1581 1695 1621 partes
1723 1575 1870 1621 aequales
1900 1574 1982 1609 divi-

1223 1623 1378 1664 dendum
1393 1635 1527 1670 quarum
1553 1635 1612 1658 una
1628 1623 1800 1670 capellanis
1815 1636 1982 1659 commen-

1224 1673 1343 1708 salibus
1366 1674 1539 1719 assignata·
1564 1673 1681 1720 reliqua
1703 1673 1981 1721 quadripartiatur

1224 1736 1261 1757 ex
1290 1722 1409 1770 quibus
1436 1722 1621 1758 cubicularii
1647 1735 1761 1767 unam,
1785 1731 1848 1758 tres
1875 1731 1980 1758 autem

1224 1773 1301 1807 alias
1317 1772 1456 1807 scutiferi
1475 1773 1605 1807 honoris
1621 1772 1678 1807 sibi
1697 1750 1850 1821 recipiant
1867 1781 1980 1819 partes.

1225 1821 1346 1864 Quarto
1363 1823 1488 1856 minuto
1501 1821 1649 1856 similiter
1665 1821 1908 1868 quadripartito,
1921 1835 1983 1857 una

1227 1872 1361 1919 partium
1386 1872 1543 1918 magistris
1572 1871 1730 1906 hostiariis
1753 1871 1920 1912 tribuatur;
1937 1872 1984 1907 al-

1226 1929 1290 1956 tera
1314 1933 1387 1956 vero
1416 1921 1550 1968 partium
1576 1933 1636 1955 una
1664 1921 1852 1956 custodibus
1876 1931 1984 1969 portae

1227 1971 1346 2014 ferreae,
1361 1971 1457 2006 altera
1475 1971 1658 2006 cursoribus
1674 1970 1897 2014 distribuatnr;
1913 1971 1985 2007 duae

1228 2021 1366 2068 reliquae
1390 2021 1486 2055 liuius
1515 2021 1627 2055 minuti
1658 2029 1759 2066 partes
1788 2022 1818 2056 in
1849 2030 1985 2069 septua-

1225 2071 1310 2117 ginta
1347 2081 1376 2105 et
1413 2083 1507 2105 unam
1538 2070 1706 2117 particulas
1738 2071 1867 2106 veniunt
1901 2071 1985 2106 divi-

1226 2119 1367 2164 dendae,
1395 2132 1430 2154 ex
1466 2119 1584 2167 quibus
1611 2120 1789 2155 servientes
1821 2133 1982 2156 armorum

1226 2169 1563 2217 quadragintanovem,
1586 2169 1759 2204 bullatores
1778 2178 1852 2214 tres,
1873 2178 1984 2217 panet-

1227 2219 1296 2253 terii
1322 2227 1395 2263 tres,
1418 2219 1600 2254 cubicularii
1625 2229 1698 2254 tres..
1722 2219 1812 2260 Item,
1835 2220 1985 2266 magister

1226 2281 1382 2315 equorum
1422 2281 1517 2303 unam
1556 2281 1628 2304 cum
1661 2269 1812 2309 dimidia,
1847 2270 1983 2305 clericus

1227 2330 1379 2365 equorum
1413 2331 1526 2363 unam,
1562 2318 1788 2374 palafrenarius
1809 2326 1840 2354 et
1867 2331 1984 2366 scopa—

1229 2377 1311 2403 tores
1337 2369 1492 2424 quinque
1517 2369 1665 2415 magister
1692 2376 1860 2424 paguottae
1883 2369 1984 2414 duas,

1228 2418 1366 2452 hostiarii
1391 2419 1510 2465 primae
1529 2426 1636 2465 portae
1656 2429 1764 2458 unam,
1788 2419 1911 2463 primus
1930 2431 1985 2454 co-

1228 2480 1362 2522 quoium
1386 2480 1481 2502 unam
1506 2480 1578 2502 cum
1601 2467 1745 2510 dimidia,
1769 2467 1904 2503 clericus
1927 2480 1985 2504 co-

1228 2517 1342 2563 quinae
1362 2529 1469 2558 unam,
1493 2517 1608 2552 lotores
1631 2517 1814 2552 utensilium
1838 2519 1985 2566 coquinae

1230 2578 1323 2601 unam
1357 2575 1461 2622 partes
1496 2567 1668 2614 excipiant.
1692 2566 1863 2615 Reliquum
1897 2568 1983 2616 quod

1228 2624 1373 2663 superest
1401 2616 1572 2661 minutum,
1609 2615 1796 2651 officialibus
1828 2625 1858 2652 et
1887 2617 1984 2652 tami-

1228 2665 1359 2701 liaribus
1381 2665 1588 2701 cardinalium
1616 2665 1795 2714 elargiatur.

1997 275 2049 305 An.
2066 277 2095 305 C.
2114 278 2182 305 lbltlt

2009 790 2036 811 Do
2052 792 2179 811 minutorum

1995 823 2085 848 quinque
2109 822 2185 842 sorvi-

1994 855 2070 872 tinrum
2090 853 2182 873 divisio-

1994 888 2029 907 ue,
2040 884 2128 910 eiusque
2138 888 2186 903 πιο-

1994 916 2027 935 dn,
