2281 3251
265 273 319 301 An.
331 273 362 301 C.
381 273 449 303 ¹520

274 1182 339 1204 Immo
366 1187 445 1210 poenas

262 1215 332 1236 dieue
345 1215 447 1235 eonstitu-

260 1246 326 1267 tionis
339 1248 415 1267 eontra
427 1250 447 1266 e-

263 1281 287 1298 οι
301 1282 344 1297 nou
363 1277 446 1303 capten-

262 1310 295 1328 tet
308 1308 410 1332 exten-tit,
425 1310 446 1328 et

260 1337 314 1360 nlla·
327 1339 428 1366 impetitu

514 265 583 299 758

465 331 684 387 recipientium
714 329 921 365 temeritatem
945 340 1016 362 esse
1044 328 1213 367 intuentes

465 394 518 429 qui
546 394 574 415 in
599 392 764 435 supremae
783 391 819 414 ac
843 377 1020 425 pontificiae
1043 378 1213 413 maiestatis

465 432 633 467 laesionem
651 429 740 464 inniti
757 429 913 472 videntur,
928 427 1003 462 dum
1019 428 1213 463 venerandae

465 483 567 527 legum
593 480 736 528 potestati
761 479 836 513 tales
864 477 1046 525 recipiendo
1063 478 1211 525 eripiunt.

463 531 611 566 Volentes
637 530 732 576 igitur
764 528 844 563 bene
873 528 1044 563 viventium
1085 529 1151 575 paci
1183 538 1211 564 et

464 580 677 627 tranquillitati
703 578 896 626 prospicere,
923 578 1058 613 audaces
1085 591 1212 626 quoque

462 640 491 667 et
506 630 673 666 sceleratas
695 641 807 663 manus
829 628 1093 674 delinquentium,
1111 641 1212 676 proin-

463 690 595 736 ptosqne
621 679 744 714 animos
770 690 786 713 a
816 677 1003 713 criminibus
1025 679 1210 734 reprimere,

463 730 686 785 recipientium
731 737 996 783 receptorumque
1040 729 1209 776 nequitiam

462 780 683 819 exterminare
707 787 792 813 motu
810 790 937 834 proprio
952 788 982 813 et
1003 790 1040 813 ex
1054 787 1136 814 certa
1153 792 1211 813 uo-

463 839 525 865 stra
553 829 682 865 scientia
710 841 746 864 ac
773 829 868 863 animi
906 836 1025 863 matura
1049 828 1211 864 delibera-

463 882 559 920 tione,
587 880 690 914 literas
722 878 792 913 Iulii
821 878 1072 934 praedecessoris
1098 878 1210 914 liuius—

462 930 559 973 modi,
573 942 609 965 ac
625 929 727 964 omnia
751 937 780 964 et
795 928 943 974 singula
938 941 967 962 in
990 929 1034 963 eis
1052 937 1210 970 contenta

461 980 571 1015 barum
595 979 689 1015 serie
701 979 885 1014 auctoritate
907 978 1078 1025 apostolica
1100 991 1212 1027 appio-

462 1029 574 1065 bamus
595 1039 626 1065 et
645 1029 844 1066 innovamus.
860 1041 894 1063 ac
917 1029 1090 1076 praesentis
1101 1030 1209 1077 scripti

461 1089 634 1128 patrocinio
656 1091 904 1114 communimus.

509 1130 529 1177 S
552 1132 584 1165 5.
606 1129 802 1165 Adiicientes
817 1136 847 1164 et
863 1128 1047 1164 auctoritate
1063 1128 1209 1176 praefata,

461 1179 807 1226 denostraepotestatis
818 1178 1210 1226 plenitudine,statuentes

462 1229 544 1277 quod
565 1230 589 1264 si
619 1230 729 1270 duces,
758 1229 904 1272 barones,
927 1229 1137 1272 marchiones,
1155 1241 1209 1264 co-

463 1280 566 1321 mites,
589 1279 707 1315 domiui
731 1279 931 1325 temporales,
955 1278 1072 1319 vicarii,
1095 1278 1208 1314 feuda-

461 1329 548 1374 larii,
570 1341 731 1364 armorum
754 1329 927 1376 capitanei,
949 1327 1114 1373 ductores,
1143 1342 1209 1363 ma-

460 1387 581 1426 gnateS,
604 1380 763 1435 principes
784 1378 1087 1426 communitattsque
1102 1386 1132 1413 el
1146 1379 1210 1413 offi-

459 1429 554 1464 eialrs
576 1430 748 1467 civitatum
777 1438 928 1463 terrarum
952 1436 981 1462 et
997 1428 1150 1469 locorum
1173 1429 1207 1464 S.

461 1478 498 1513 R.
516 1478 554 1513 Ε.
572 1480 705 1514 mediate
722 1478 768 1513 vel
789 1477 968 1513 immediate
983 1478 1207 1523 subiectorum,

461 1528 647 1573 homicidas,
662 1528 818 1566 baoarios,
834 1528 983 1568 exilitios,
998 1528 1128 1563 rebelles
1155 1538 1207 1563 aut

460 1591 517 1626 pro
551 1589 753 1626 quocumque
786 1578 917 1613 crimine
952 1577 1077 1624 capitali
1108 1590 1206 1624 poena

459 1629 635 1672 damnatos,
658 1640 780 1663 necnon
804 1627 959 1674 brigosos,
978 1640 1085 1675 pacem
1107 1628 1208 1663 facere

459 1686 661 1723 recusantes,
690 1687 867 1724 treguaruur
903 1678 967 1712 sive
1008 1677 1205 1712 induciarum

458 1728 622 1762 violatores
636 1741 689 1762 seu
708 1728 869 1767 fractores,
886 1728 933 1761 ius
957 1726 1085 1763 sibimet
1100 1736 1205 1763 contra

457 1778 552 1812 alium
581 1779 744 1822 dicentes,
780 1779 949 1812 cavalcatas
987 1785 1040 1811 aut
1075 1787 1206 1813 armatas

458 1828 502 1862 vel
523 1828 603 1862 ultra
629 1840 794 1862 nnmerum
818 1827 925 1861 decem
951 1826 1112 1862 homiuum
1135 1828 1207 1862 adu-

458 1887 545 1912 natas
562 1879 684 1925 propria
701 1878 884 1912 auctoritate
903 1876 1052 1912 facientes
1076 1877 1120 1911 vel
1136 1890 1206 1912 mo-

457 1938 576 1968 ventes,
599 1928 636 1962 ad
660 1940 768 1962 corum
790 1927 942 1966 civitates,
962 1934 1071 1968 terras,
1094 1936 1204 1969 castra,

457 1979 609 2013 territoria
621 1987 650 2012 et
663 1978 799 2012 dominia
810 1977 1015 2021 declinantes,
1026 1990 1087 2011 non
1102 1977 1203 2012 solum

455 2029 644 2076 receperint,
667 2029 864 2066 retinuerint,
882 2027 926 2061 vel
947 2027 1109 2068 auxilium,
1133 2040 1205 2062 cou-

455 2079 575 2120 silium‚
598 2091 689 2127 opem
705 2087 732 2114 et
748 2078 883 2113 favowm
903 2079 960 2122 eis,
982 2078 1073 2113 tacite
1087 2077 1134 2112 vel
1150 2090 1204 2113 oc—

454 2135 548 2175 culte,
571 2135 690 2169 directe
719 2135 763 2169 vel
788 2134 950 2174 indirecte,
979 2134 1202 2181 praestiteritit3

453 2198 505 2225 aut
521 2199 627 2224 contra
641 2189 786 2224 mandata
802 2198 830 2223 et
846 2188 1050 2223 inhibitiones
1070 2188 1098 2222 in
1117 2188 1203 2224 eius-

453 2245 522 2279 dem
554 2244 620 2279 lulii
652 2245 903 2292 praedecessoris
931 2243 1031 2278 literis
1058 2252 1201 2278 contenta

453 2299 661 2340 devenerint:
691 2300 745 2335 scd
776 2300 867 2334 etiam
901 2299 925 2334 si
954 2298 1081 2333 eosdem
1107 2311 1200 2333 mann

453 2355 521 2390 forti
549 2368 609 2390 nou
637 2355 815 2403 acceperint
857 2353 1200 2402 apprelientleriutque,

451 2419 481 2445 et
500 2419 607 2458 captos
629 2410 666 2445 ad
685 2411 864 2445 mandatum
895 2417 1036 2444 nostrum
1060 2421 1115 2443 seu
1136 2408 1201 2443 Ro-

452 2466 533 2500 maui
571 2465 734 2500 pontificis
768 2465 919 2500 canonice
951 2464 1118 2509 intrantis,
1147 2477 1200 2511 pro

451 2529 592 2568 ternpore
621 2520 806 2561 existentis,
841 2529 893 2554 aut
922 2528 1099 2555 nostrorum
1144 2532 1198 2552 seu

450 2588 578 2611 suorum
608 2575 784 2610 officialium
823 2574 1021 2610 exhibuerint
1057 2573 1200 2609 tradide-

451 2630 770 2678 rintque3uonsolum
787 2642 898 2665 omnes
920 2638 949 2665 et
969 2629 1110 2677 singulas
1127 2640 1201 2664 seu-

451 2685 575 2731 tenitas,
589 2698 739 2722 censuras
762 2697 799 2722 ac
825 2685 916 2722 ctiam
932 2684 1116 2734 privationis
1132 2694 1201 2732 poc·

1034 273 1093 296 act
1097 273 1114 295 Ι
1117 271 1221 295 ammi
1248 272 1410 296 ROMANEM

1254 340 1308 362 nas
1344 328 1374 362 in
1403 328 1520 362 eisdem
1543 327 1643 362 literis
1670 340 1858 375 expressas,
1894 340 2001 363 verum

1253 378 1346 413 etiam
1378 377 1479 412 laesae
1515 378 1682 413 maiestatis
1713 390 1819 413 verum
1855 390 1890 413 ac
1921 379 2002 414 nulla

1254 428 1328 462 iuris
1354 436 1407 463 aut
1428 427 1565 462 bominis
1593 428 1716 463 fictione
1744 428 1922 464 confectum
1943 430 2003 464 eri-

1253 490 1324 512 men
1350 489 1387 513 eo
1410 478 1479 525 ipso
1503 478 1680 519 incurrant;
1698 478 1773 513 etin
1797 490 1850 514 eos
1873 479 1917 513 sic
1933 491 2004 514 con-

1255 527 1475 571 trafacientes,
1506 527 1600 562 modo
1623 535 1652 563 et
1680 527 1800 573 forma,
1829 529 1946 577 quibus
1973 529 2002 564 in

1253 590 1343 613 veros
1370 577 1514 612 criminis
1540 577 1641 613 laesae
1668 579 1838 614 maiestatis
1867 591 1960 619 reos,
1987 591 2003 615 a

1254 629 1320 663 iure
1349 627 1475 675 procedi
1499 627 1614 662 debere
1641 636 1792 663 statutum
1815 637 1874 673 est,
1891 641 2004 675 proce-

1253 678 1356 719 datur;
1376 685 1406 712 et
1423 685 1483 712 tam
1499 676 1537 712 ad
1567 677 1753 724 praedictas,
1776 690 1869 725 quam
1890 679 2004 715 liuius—

1253 728 1337 763 modi
1353 728 1454 762 laesae
1476 727 1644 763 maiestatis
1671 728 1812 762 criminis
1833 740 1850 763 a
1873 728 1939 764 iure
1961 729 2005 764 in-

1253 778 1353 813 ssictas
1375 789 1492 824 poenas
1505 778 1667 813 executive
1690 777 1885 814 deveniatur.
1901 778 1939 813 Et
1955 779 2004 814 in-

1252 840 1349 875 super
1375 827 1480 862 omnia
1507 835 1538 862 et
1563 828 1687 875 singula
1711 840 1765 875 per
1787 827 1901 863 lulium
1918 841 2004 876 prae-

1252 879 1518 921 decessorem,et‚
1534 885 1566 912 ut
1590 877 1775 925 praefertur,
1799 890 1854 924 per
1876 890 1934 914 nos
1958 879 2003 914 in-

1252 936 1374 968 novata,
1390 940 1424 962 ac
1442 927 1480 963 de
1500 939 1579 962 novo
1601 936 1717 963 statuta
1733 935 1763 962 et
1787 928 1848 963 illis
1869 928 2001 970 adiecta.

1252 987 1423 1026 perpetuae
1443 977 1599 1012 firmitatis
1613 977 1708 1013 robur
1721 978 1876 1018 obtinere,
1897 991 1933 1013 ac
1953 979 2002 1014 in·-

1253 1027 1439 1063 violabiliter
1466 1028 1623 1062 observari
1647 1027 1762 1062 debere
1785 1027 2000 1069 decernimus,

1252 1078 1371 1113 sublata
1400 1077 1528 1112 cuilibet
1549 1078 1638 1113 aliter
1661 1078 1883 1125 interpretandi
1908 1079 2000 1114 etiu-

1251 1128 1375 1163 dicandi
1405 1127 1549 1162 facultate
1571 1136 1600 1162 et
1623 1135 1786 1175 potestate.

1299 1178 1319 1226 g
1342 1181 1373 1213 4.
1387 1178 1540 1221 Quocirca
1555 1177 1722 1212 venerabili
1738 1177 1997 1225 fratrIRapliaeli‚

1251 1229 1402 1276 episcopo
1418 1228 1569 1266 Ostiensi
1583 1228 1754 1262 cameratio
1775 1236 1891 1269 nostro
1908 1237 1937 1263 et
1955 1228 1999 1263 di-

1251 1279 1337 1313 lectis
1359 1278 1430 1312 liliis
1454 1277 1642 1324 praesidenti
1659 1286 1687 1312 et
1704 1277 1826 1312 clericis
1847 1277 2000 1314 Camerae

1250 1328 1450 1376 Apostolicae
1465 1327 1896 1375 protemporeexistcntibus.
1914 1338 2000 1364 motu

1250 1379 1340 1412 simili
1365 1378 1553 1412 mandamus
1575 1386 1731 1425 quatenus
1754 1386 1935 1424 praesentes
1961 1378 2001 1414 li-

1250 1436 1332 1462 teris
1365 1427 1568 1466 solemniter
1598 1435 1691 1474 prout
1724 1427 1783 1462 sibi
1820 1427 1978 1464 videbitur
1991 1456 2000 1469 ,

1250 1478 1342 1512 etiam
1373 1478 1402 1511 in
1433 1477 1603 1524 provinciis
1639 1477 1771 1518 nostris,
1802 1489 1856 1524 per
1883 1478 2001 1525 legatos

1249 1540 1283 1562 ea
1290 1540 1357 1562 rum
1388 1535 1417 1561 et
1446 1527 1523 1562 alios
1550 1534 1687 1562 rectores
1716 1535 1745 1561 et
1772 1527 2000 1573 gubernatores

1249 1578 1424 1621 civitatum,
1448 1586 1599 1611 terrarum
1628 1587 1657 1612 et
1681 1577 1822 1612 locorum
1846 1576 1880 1612 S.
1903 1577 1942 1612 R.
1958 1577 1997 1613 E.

1249 1627 1384 1662 mediate
1411 1635 1441 1662 et
1465 1626 1644 1661 immediate
1658 1627 1869 1662 subiectorum
1895 1626 2001 1674 publi-

1249 1678 1324 1720 cari,
1344 1690 1378 1712 ac
1406 1677 1510 1711 omnia
1538 1684 1567 1711 et
1593 1677 1713 1724 singula
1738 1677 1769 1711 in
1793 1677 1841 1710 liis
1854 1685 1999 1712 contenta

1250 1727 1471 1761 inviolabiliter
1485 1726 1642 1761 observari
1665 1727 1777 1762 faciant
1792 1734 1821 1761 et
1837 1727 1999 1770 mandent;

1248 1777 1509 1812 contrafacientes
1536 1788 1767 1824 quoscumque,
1788 1777 1926 1812 cuiusvis
1941 1786 2000 1812 sta-

1249 1835 1315 1867 tus,
1338 1827 1454 1874 gradus
1471 1855 1478 1868 ,
1506 1826 1626 1861 ordinis
1660 1828 1705 1862 vel
1729 1826 1920 1861 conditionis
1945 1835 1999 1862 aut

1249 1877 1502 1924 proeemiucntiae
1515 1877 1588 1920 sint,
1602 1877 1784 1921 sententias,
1803 1888 1953 1911 censuras
1967 1884 1998 1912 ct

1249 1939 1365 1973 poenas
1387 1926 1562 1961 antedictas
1577 1926 1797 1961 damnabiliter
1825 1927 1997 1962 incurrisse

1247 1977 1416 2017 declarent,
1434 1977 1506 2011 etin
1531 1976 1618 2011 libris
1641 1976 1793 2011 Gamerae
1809 1977 1995 2023 respective,

1246 2027 1282 2060 ad
1299 2036 1480 2074 perpetuam
1493 2026 1711 2062 damnatorum
1729 2027 1925 2071 memoriam,
1941 2039 1997 2074 per

1247 2077 1345 2123 ipsius
1367 2076 1519 2112 Gamerae
1542 2077 1679 2112 notarios
1702 2077 1874 2124 respective
1889 2076 1995 2113 decla-

1245 2132 1396 2167 rationem
1421 2132 1614 2177 huiusmodi,
1645 2144 1699 2180 per
1727 2144 1781 2167 cos
1807 2131 1995 2179 faciendam,

1245 2187 1399 2223 conscribi
1423 2196 1452 2222 et
1475 2187 1617 2222 annotari
1641 2186 1790 2222 mandent
1813 2195 1843 2221 et
1870 2187 1995 2230 faciant,

1243 2254 1278 2277 ac
1305 2243 1476 2277 summarie
1502 2254 1610 2277 eorum
1636 2253 1722 2277 more
1749 2242 1892 2277 camerali
1920 2255 1995 2278 exe-

1243 2305 1390 2344 quantur;
1407 2297 1616 2345 capitalesque
1634 2296 1806 2344 praedictas
1825 2297 1994 2333 sententias

1243 2364 1258 2386 a
1270 2352 1420 2388 ministris
1431 2353 1578 2394 iustitiae,
1594 2351 1852 2400 absquealicuius
1865 2352 1993 2388 incursu

1245 2407 1610 2455 irregularitatis‚exequi
1627 2415 1807 2455 procurent;
1822 2408 1923 2443 reales
1935 2420 1995 2444 au-

1244 2473 1304 2499 tem
1330 2463 1586 2500 irremissibiliter
1612 2464 1759 2510 exigant,
1791 2463 1933 2499 invocato
1954 2464 1993 2500 ad

1244 2520 1313 2560 hoc,
1329 2520 1354 2555 si
1384 2533 1464 2568 opus
1488 2519 1590 2561 suerit,
1613 2519 1728 2554 auxilio
1751 2518 1868 2554 brachii
1888 2531 1993 2555 saecu·

1244 2575 1324 2615 laris,
1335 2575 1555 2623 superquibus
1568 2574 1714 2610 omnibus
1725 2575 1859 2622 amplam
1873 2574 1991 2610 eisdem

1242 2630 1446 2665 concedimus
1474 2630 1649 2666 facultatem
1673 2637 1704 2665 et
1722 2638 1916 2677 potestatem.

1291 2685 1311 2733 g
1333 2687 1365 2721 5.
1388 2685 1459 2722 Non
1481 2685 1682 2722 obstantibus
1703 2684 1853 2721 omnibus
1878 2697 1993 2735 supra-

2018 273 2067 302 An.
2084 272 2114 301 C.
2135 271 2202 300 ¹52⁰

2028 1189 2157 1212 Exeeutoren
2179 1194 2200 1215 i-

2012 1222 2065 1243 stius
2079 1225 2148 1244 coust..
2159 1223 2200 1244 do-

2012 1256 2078 1281 pum.

2258 551 2267 588 ἰ

2260 604 2275 654 ἕ

2263 661 2275 685 r

2254 686 2275 735 ἐ

2261 878 2273 901 r

2258 907 2273 937 Ψ,

2256 938 2269 972 3
