2281 3251
258 277 308 306 An.
327 277 355 304 C.
376 278 443 306 ¹5¹8

294 1139 443 1167 inquisitorum

257 1170 371 1191 facultates
382 1176 444 1191 coor-

259 1204 321 1224 cendi
330 1208 403 1223 eorum
413 1209 443 1223 nr-

258 1234 321 1255 bitrio
337 1237 357 1255 et
372 1235 444 1255 curiae

259 1266 364 1287 necuim
400 1269 444 1286 tra-

259 1298 321 1318 dendi
332 1301 399 1319 testes
408 1297 445 1318 tat-

259 1329 338 1349 tidicos
353 1329 373 1349 tn
391 1334 444 1350 eau-

259 1360 288 1381 ιίι
307 1359 363 1381 fidei.

488 268 578 302 ’714

459 342 507 370 tae
529 334 688 382 pravitatis
712 333 838 368 veritate
866 332 1062 380 inquirenda,
1086 332 1206 367 falsita—

458 392 532 425 tem,
560 384 750 432 quandoque
779 394 887 430 prece,
915 382 1032 429 precio,
1059 382 1133 416 odio
1161 383 1206 417 vet

457 447 574 477 amore,
589 444 617 468 et
631 433 823 481 quandoque
833 441 915 467 metu
930 431 1139 471 committere,
1154 441 1207 466 aut

457 497 491 520 se
507 484 648 520 eamdem
666 482 830 517 salsitatem
851 482 1049 516 commisisse
1065 482 1206 529 publice,

458 535 528 570 licet
545 534 632 576 salso,
654 533 740 568 fateri
765 544 825 567 non
843 540 1000 571 verentur2
1017 532 1127 579 sicque
1147 532 1208 566 liu-

459 584 593 620 iusmodi
621 583 794 617 diabolicae
821 582 895 617 artis
924 582 1108 623 ministerio,
1138 581 1205 629 ple-

458 646 591 681 rumque
613 633 658 667 vel
687 632 879 667 damnantur
903 632 1057 676 insontes,
1081 632 1127 666 vel
1155 632 1206 666 di—

459 685 544 718 vinae
557 683 725 717 maiestatis
742 682 796 716 Dei
812 690 841 716 et
853 681 1044 716 orthodoxae
1061 681 1132 717 tidei
1148 682 1206 717 sub

457 733 629 769 christiano
651 732 779 767 nomine
803 731 962 766 derisores
985 732 1107 766 veniam
1136 744 1206 767 con-

457 792 642 830 sequuntur.
667 782 715 816 Ad
731 794 811 830 quae
835 781 972 817 facinora
997 782 1205 829 perpetranda

457 834 515 880 ipsi
541 833 607 867 salsi
636 840 743 872 testes,
777 840 839 867 tam
864 832 989 879 propria
1008 832 1207 879 improbitate

457 891 487 918 et
501 882 720 922 inconstantia,
737 894 832 929 quam
855 882 984 917 audacia
1003 890 1031 916 et
1050 882 1206 929 impunita

457 933 632 968 temeritate
653 944 777 976 eorum,
798 933 852 980 qui
878 932 948 967 illos
965 931 1003 966 ad
1025 931 1095 967 talia
1118 944 1206 967 com-

457 982 608 1018 mittenda
632 982 725 1017 minis
747 991 866 1029 coguut
891 990 945 1017 aut
980 983 1113 1030 pecunia
1136 982 1207 1017 alli-

456 1033 555 1078 ciunt,
579 1032 794 1080 impelluntur.

505 1087 520 1126 g
538 1086 567 1117 1.
585 1082 648 1117 Nos
667 1081 950 1129 igitur-,scelestum
967 1081 1026 1116 boc
1040 1081 1205 1117 hominum

457 1145 571 1180 genus,
594 1133 647 1180 qni
677 1133 707 1166 in
732 1132 870 1167 divinam
899 1132 1137 1180 humanamque
1165 1133 1208 1166 si-

459 1183 523 1218 mul
549 1191 691 1217 naturam
715 1182 994 1230 conspirantet,in
1010 1182 1208 1217 nel'andicri-

459 1233 552 1268 minis
567 1244 673 1275 causa,
694 1233 741 1267 vel
765 1233 898 1267 iniustae
925 1231 1133 1267 absolutionis
1159 1232 1206 1267 vel

459 1283 584 1330 iniquae
606 1282 882 1317 condemnationis
908 1290 1030 1316 actores
1057 1283 1206 1323 existunt,

458 1333 568 1367 acriori
582 1332 674 1379 longe
696 1332 864 1379 supplici0‚
887 1343 980 1378 quam
1004 1332 1099 1367 ceteri
1121 1331 1208 1367 falsi-

458 1382 519 1417 dici
536 1390 633 1418 testes
653 1382 745 1428 plecti
768 1382 902 1425 soleant,
925 1382 1057 1427 dignum
1074 1394 1208 1417 censen-

459 1441 505 1467 tes
521 1460 529 1476 ,
553 1432 828 1479 circumspectioni
858 1441 927 1466 tuae
950 1440 978 1466 et
1002 1432 1157 1467 universis
1179 1440 1208 1467 et

456 1482 590 1529 singulis
616 1482 697 1526 aliis,
721 1490 820 1528 perte
843 1490 871 1515 ct
896 1493 952 1528 pro
980 1490 1122 1528 tempore
1139 1483 1208 1516 exi—

456 1540 589 1567 stentem
605 1531 783 1579 generalem
800 1531 900 1566 dictae
924 1532 1084 1577 pravitatis
1113 1532 1143 1566 in
1164 1544 1210 1566 re-

456 1582 528 1629 gnis
550 1590 580 1617 et
607 1581 758 1616 dominiis
782 1581 952 1628 praedietis
975 1581 1208 1629 inquisitorem,

455 1631 493 1667 ad
520 1633 624 1679 ipsum
653 1631 870 1680 inquisitionis
892 1630 1028 1665 officium
1053 1644 1107 1679 pro
1135 1639 1211 1666 tem-

456 1694 532 1730 pore
554 1682 731 1729 deputatis,
754 1690 862 1716 contra
885 1693 997 1716 omnes
1018 1689 1048 1716 et
1072 1681 1210 1728 singulas

456 1744 619 1779 personas,
642 1731 782 1766 cuiusvis
800 1739 912 1775 statuS,
928 1731 1056 1776 gradus,
1079 1732 1210 1776 ordinis,

457 1781 620 1828 dignitatis
635 1789 665 1815 et
684 1781 876 1815 conditionis
898 1781 1044 1822 existant,
1060 1793 1139 1829 quas
1154 1781 1208 1815 tibi

455 1840 509 1866 aut
535 1831 604 1866 aliis
624 1830 865 1877 inquisitoribus
894 1831 1062 1877 praedictis
1084 1832 1114 1865 in
1142 1832 1211 1865 cri-

455 1881 541 1916 mine
555 1881 696 1915 haeresis
705 1881 839 1915 scienter
847 1879 1209 1926 tleposuisse,atitaliiini

455 1930 494 1966 ad
512 1930 625 1966 salsum
650 1929 875 1977 deponendum
899 1939 953 1964 aut
979 1943 1086 1965 verum
1107 1938 1212 1966 tacen-

456 1980 532 2016 dum
556 1980 732 2021 induxisse,
754 1979 799 2014 rel
815 1980 1011 2027 quempiam,
1034 1980 1074 2015 ob
1098 1981 1211 2027 perhi-

456 2030 554 2066 bitum
585 2030 723 2066 veritatis
751 2030 966 2065 testimouium
982 2058 991 2075 ,
1014 2030 1060 2065 vel
1084 2039 1212 2078 propter

455 2081 568 2117 salsum
581 2094 642 2116 non
657 2088 853 2122 attestatum,
869 2080 1024 2115 occidisse
1046 2090 1099 2116 aut
1114 2094 1212 2116 mem-

455 2136 513 2172 bro
535 2137 641 2185 aliquo
668 2137 843 2181 mutilasse,
864 2144 917 2171 aut
945 2136 1037 2171 bonis
1065 2137 1131 2172 suis
1147 2150 1212 2172 om-

456 2191 551 2228 nibus
579 2192 626 2227 vel
660 2193 769 2228 maiori
801 2200 887 2240 parte
913 2191 1036 2227 illorum
1060 2192 1211 2240 spolIasse

457 2246 505 2281 vel
521 2246 647 2294 spoliari
666 2247 791 2288 secisse,
812 2259 868 2282 seu
885 2247 1079 2282 atrocissima
1098 2248 1210 2283 iniuria

457 2301 618 2342 affecisse,
642 2302 781 2350 legitime
809 2302 1009 2346 constiterit,
1038 2310 1091 2336 tuo
1119 2311 1172 2336 ant
1195 2315 1209 2338 a

457 2365 485 2392 te
513 2357 695 2405 deputando
719 2369 773 2392 seu
797 2356 988 2405 deputandis
1007 2364 1037 2391 et
1060 2356 1209 2392 subdele-

456 2411 571 2460 gandis
592 2411 733 2454 arbitrio,
750 2412 954 2460 procedendi,
969 2419 999 2447 ct
1015 2424 1069 2447 eos
1087 2413 1210 2460 poenis,

456 2467 496 2503 de
517 2467 632 2515 quibus
651 2467 707 2502 tibi
732 2468 777 2502 vel
802 2467 862 2503 illis
876 2467 1043 2513 videbitur,
1066 2467 1210 2502 condem·

457 2522 566 2562 nandi,
590 2535 684 2571 super
712 2535 775 2571 quo
798 2531 883 2558 tuam
913 2531 943 2558 et
971 2522 1108 2568 illorum,
1132 2523 1209 2570 qni—

458 2576 518 2613 bus
547 2578 675 2625 negocia
695 2578 876 2613 huiusmodi
901 2577 1111 2619 commiseris,
1139 2590 1212 2613 con-

462 2633 624 2669 scientiam
647 2645 827 2675 oneramus,
851 2633 970 2681 absque
994 2633 1128 2668 alicuius
1142 2645 1214 2681 poe-

461 2699 522 2724 nae
548 2700 603 2724 seu
619 2701 770 2725 censurae
797 2688 1028 2725 ecclesiasticae
1048 2697 1133 2724 metu
1161 2696 1233 2731 aut,

1036 277 1224 301 BULLAtuou

1251 276 1411 300 ROMANUM

1252 331 1486 378 irregularitatis
1507 340 1590 373 nota,
1606 332 1747 368 tradendi
1765 331 1811 368 vel
1827 331 1999 377 relaxandi,

1251 382 1342 417 ctiam
1362 381 1467 417 curiae
1495 382 1661 428 saeculari,
1677 383 1802 432 plenam
1821 391 1852 417 et
1868 381 1998 417 liberam

1250 431 1456 468 concedimus
1479 431 1669 468 facultatem.

1299 486 1314 526 g
1342 483 1374 516 2.
1406 481 1474 516 Non
1499 481 1696 518 obstantibus
1717 480 2000 518 constitutionibus
2014 492 2134 546 ‘paerriqffiqo
2146 497 2199 514 eon-

1250 540 1279 567 et
1308 531 1561 567 ordinationibus
1601 533 1781 579 apostolicis
1822 532 1999 579 ceterisque

1249 582 1416 617 contrariis
1442 581 1711 629 quibuscumque.

1299 631 1414 666 Datum
1437 631 1557 666 Romae
1584 632 1669 679 apud
1699 631 1734 667 S.
1757 631 1906 675 Petrum,
1941 630 2000 667 sub

1250 682 1367 716 annulo
1382 681 1862 729 Piscatoris,diedecimaquarta
1876 680 2003 716 decem·

1250 732 1325 773 bris,
1341 731 1509 767 millesimo
1527 732 1782 780 quingentesimo
1800 731 1925 767 decimo
1941 744 2002 767 oc-

1251 790 1331 823 tavo,
1355 782 1558 830 pontificatus
1581 783 1678 817 nostri
1700 793 1784 817 anno
1806 793 1850 816 vr.

1277 844 1340 875 Dat.
1357 844 1404 875 die
1420 844 1457 875 14
1472 843 1639 875 decembris
1655 844 1741 882 1518,
1757 847 1836 884 pont.
1853 852 1930 874 anno
1944 851 1982 874 vi.

1555 1012 1698 1048 XXXIII.

1253 1095 1368 1130 Contra
1383 1106 1596 1141 quoscumque,
1615 1096 1705 1128 etiam
1717 1101 1878 1140 praetextu
1891 1095 2008 1130 indutu·

1302 1146 1419 1179 Urbani
1449 1145 1512 1189 VI,
1538 1157 1660 1190 quoquo
1693 1146 1782 1178 modo
1810 1146 2003 1191 impedientes

1301 1196 1504 1230 executionem
1517 1196 1678 1229 literarum
1692 1196 1931 1240 apostolicarum
1946 1198 2002 1240 (1).

1515 1272 1733 1304 SUMMARIUM

1250 1331 1418 1362 Exordium.
1445 1348 1483 1354 —
1512 1332 1539 1362 1.
1561 1330 1731 1361 Bonisacius
1749 1330 1784 1360 lx
1809 1331 1910 1362 literas
1935 1341 2007 1372 apo-

1290 1377 1410 1407 stolicas
1439 1376 1542 1416 exequi
1559 1375 1657 1410 iussit,
1680 1376 1796 1414 praevia
1819 1377 2005 1407 revocatione

1290 1422 1395 1451 indulti
1410 1420 1519 1451 Urbani
1531 1419 1767 1459 YLquibusdam
1782 1421 1920 1459 praelatis
1937 1430 2005 1451 con-

1291 1465 1379 1502 cessi,
1394 1466 1470 1505 quod
1488 1474 1537 1494 eas
1555 1466 1635 1503 prius
1656 1465 1713 1504 ipsi
1732 1465 1874 1503 viderent,
1892 1470 1920 1496 et
1939 1475 2006 1496 exe-

1291 1510 1341 1550 qui
1358 1510 1541 1539 mandarent.
1553 1525 1593 1531 —
1603 1508 1630 1538 2.
1643 1508 1699 1539 Iste
1715 1509 1858 1548 Pontifex,
1871 1519 1904 1540 ex
1914 1519 2004 1541 causa

1291 1555 1338 1584 hic
1366 1563 1515 1594 expressa,
1538 1553 1645 1584 dictam
1675 1554 1792 1584 constit.
1814 1553 1945 1584 Bonisac.
1971 1554 2007 1585 IX

1291 1600 1412 1630 innovat
1437 1604 1464 1629 et
1487 1598 1637 1628 observari
1656 1599 1784 1636 mandat;
1801 1615 1841 1621 —
1861 1599 1889 1629 3.
1911 1598 2006 1635 Quas-

1292 1653 1420 1684 cumque
1443 1643 1605 1673 contrarias
1625 1643 1851 1673 constitutiones
1871 1643 2007 1674 ubicum-

1292 1699 1348 1729 que
1367 1689 1460 1719 editas
1480 1689 1584 1726 irritat3
1601 1704 1640 1710 --
1654 1688 1682 1718 4.
1699 1687 1840 1718 Praelatis
1855 1692 1884 1718 et
1899 1689 2006 1719 ceteris

1293 1734 1415 1763 liberam
1434 1733 1637 1763 executionem
1657 1733 1810 1762 literarum
1830 1733 2008 1772 apostolica-

1292 1787 1358 1808 rum
1379 1779 1531 1818 praecipit.
1548 1794 1588 1800 ·—
1605 1778 1632 1808 5.
1655 1777 1718 1807 Non
1740 1777 1926 1808 obstantibus
1941 1778 2006 1818 qui-

1293 1823 1489 1863 buscumque.
1504 1840 1543 1844 —
1558 1824 1585 1860 6,
1606 1823 1631 1852 7.
1651 1822 1746 1852 lussio
1770 1827 1800 1852 et
1816 1822 1937 1853 effeetus
1955 1832 2009 1862 pu-

1294 1868 1461 1898 blicationis
1483 1868 1513 1898 in
1531 1867 1617 1898 Urbe.
1639 1885 1678 1890 —
1701 1867 1865 1898 Publicatio
1884 1867 1914 1898 in
1932 1867 2008 1899 Can-

1295 1914 1414 1944 cellaria
1437 1914 1538 1953 Apost.
1557 1930 1595 1935 —
1616 1912 1650 1943 Et
1671 1912 1702 1942 in
1720 1911 1807 1942 Urbe.

1344 1982 1394 2010 Leo
1414 1981 1555 2017 episcopus
1574 1987 1671 2010 servus
1690 1986 1831 2009 servorum
1853 1980 1910 2016 Dei.

1388 2037 1423 2065 ad
1449 2037 1610 2072 perpetuam
1638 2036 1679 2065 rei
1702 2035 1870 2065 memoriam.

1304 2108 1337 2143 ln
1348 2120 1498 2155 supremo
1513 2107 1714 2155 Apostolicae
1730 2106 1823 2142 Sedis
1832 2106 1923 2148 solio,
1940 2118 2007 2142 me-

1254 2158 1400 2194 ritislicet
1417 2158 1602 2206 imparibus,
1618 2158 1792 2199 constituti,
1806 2157 1843 2192 ad
1862 2170 1897 2193 ea
1910 2157 2005 2193 liben-

1256 2218 1302 2244 ter
1328 2209 1536 2253 intendimus,
1571 2221 1626 2256 per
1648 2221 1726 2255 quae
1754 2208 1879 2243 debitus
1906 2208 2008 2243 honor

1255 2268 1283 2294 et
1311 2260 1485 2294 reverentia
1513 2258 1614 2293 dictae
1641 2258 1741 2302 Sodi,
1776 2270 1790 2292 a
1820 2257 1954 2293 subditis
1975 2266 2008 2293 et

1256 2309 1469 2353 inferioribus,
1487 2309 1671 2357 praesertim
1702 2308 1872 2355 pontificali
1900 2308 2006 2356 digni-

1255 2367 1316 2394 tate
1330 2359 1492 2407 praeditis,
1506 2359 1741 2407 impendantur3
1757 2367 1787 2392 et
1803 2358 1827 2392 si
1841 2358 1917 2406 quid
1934 2371 2006 2406 per-

1254 2422 1343 2445 verse
1365 2418 1418 2445 aut
1447 2410 1551 2445 miuus
1587 2418 1668 2444 recte
1692 2421 1747 2456 per
1769 2408 1896 2444 eosdem
1921 2408 2006 2443 iufe-

1256 2461 1354 2496 riores
1372 2461 1486 2496 sactum
1505 2469 1557 2495 aut
1576 2468 1698 2506 gestum
1716 2460 1902 2507 reperiatur,
1919 2458 2004 2506 qnod

1258 2511 1287 2545 in
1312 2512 1413 2547 dictae
1435 2510 1529 2546 Sedis
1551 2510 1804 2557 depressionem,
1826 2522 1860 2544 ac
1887 2509 2003 2544 malum

1256 2562 1437 2609 exemplum
1467 2569 1497 2597 et
1519 2560 1703 2596 scandalum
1729 2560 1934 2608 plurimorum
1953 2571 2006 2594 ce-

1290 2619 1329 2654 (t)
1347 2619 1482 2647 Eiusmodi
1499 2619 1660 2647 sanctionem
1672 2617 1754 2646 edidit
1768 2618 1848 2645 etiam
1860 2618 1965 2644 ittartin.
1983 2617 2005 2647 V

1256 2659 1280 2686 in
1298 2660 1487 2688 constitutione
1504 2668 1534 2693 ιι,
1555 2660 1639 2694 Quod,
1657 2662 1722 2687 tom.
1741 2666 1768 2686 iv
1785 2658 1863 2686 huius
1875 2657 2006 2690 editionis,

1255 2707 1314 2735 pag.
1335 2701 1394 2728 677,

2014 275 2064 303 An.
2083 275 2112 303 C.
2128 275 2196 303 ¹519

2058 2150 2177 2174 Exordium.
