2281 3251
244 262 293 288 Αιι.
312 261 331 287 C
361 261 427 288 tti76

254 816 422 835 (Ionius-nmen-

242 851 273 866 tes
302 853 353 867 etro
357 854 423 866 ηηηηηη

241 878 345 899 niranlur.

251 1210 274 1230 Et
285 1210 348 1231 etiam
364 1216 423 1237 qua-

239 1245 333 1262 stuantes
344 1241 422 1268 absque

238 1274 325 1294 licentia
356 1274 421 1298 magi-

238 1306 275 1325 stri
291 1304 404 1330 generalis,

251 1711 289 1735 fini
307 1713 367 1729 etiam
383 1715 422 1729 eo

239 1747 282 1760 rum
294 1741 382 1760 benetie.
394 1742 422 1760 uti

239 1772 424 1791 ’.ιιηιιιῆὶίίςςιιιι-

238 1804 294 1823 tene
312 1811 336 1827 pn
352 1807 385 1822 Sil.

248 2114 320 2135 l'ornn
333 2115 422 2135 eli-enio-

240 2152 302 2173 sinas
318 2147 342 2166 de
352 2148 424 2166 cetero

241 2178 363 2203 tulliacum,

490 252 561 285 228

442 317 758 359 Quinimm0,0nines
778 326 808 352 et
829 317 945 364 singuli
969 317 1041 352 dicti
1057 316 1187 353 Ordinis

443 375 681 414 praeceptores,
723 368 913 423 hospitalarii
962 376 991 400 ιι
1025 367 1186 414 religiosi,

440 429 519 463 quos
542 416 645 452 eidem
674 418 866 472 praeceptori
895 417 990 451 nostri
1023 416 1187 463 hospitalis

441 479 469 500 ιιι
492 466 583 501 Saxia
607 468 699 513 pleno
722 480 789 502 iure
816 467 945 501 subesse
974 466 1131 510 v,olumus
1157 475 1187 500 et

441 525 597 563 tamquam
621 528 680 551 suo
707 517 861 564 superiori
903 515 1113 551 obedientiam
1156 524 1186 551 et

441 566 645 600 reverentiam
668 578 838 613 congruam
863 565 1023 603 exhibere..
1039 578 1086 605 ac,
1102 565 1185 600 salva

441 615 534 650 liuius
555 614 648 650 Sedis
669 617 862 656 auctoritate,
883 616 912 650 iu
931 616 1079 650 omuibus
1094 615 1184 650 sicuti

441 664 535 699 unico
557 677 665 700 eorum
689 666 882 712 praeceptori
902 665 1119 713 obtemperare
1139 673 1185 700 te—

441 722 572 749 neantur
593 723 623 749 et
644 715 788 749 debeant.

487 763 507 810 S
530 767 562 798 6.
581 764 741 810 Alioquin,
759 765 785 799 si
809 765 838 798 in
860 765 1041 811 praemissis
1064 766 1108 800 vel
1131 777 1186 800 eo-

439 825 507 847 rum
543 812 649 860 aliquo
681 814 875 849 reddiderint
902 826 935 849 se
963 815 1105 853 rebelles,
1132 823 1185 849 aut

437 862 557 909 aliquid
595 864 625 897 iu
661 865 851 899 contrarium
881 871 998 899 temere
1035 873 1185 899 attentare

438 913 731 960 praesumpserint,
753 922 782 949 et
805 913 915 948 moniti
952 926 1013 948 non
1043 914 1186 961 resipue—

438 962 513 1002 rint,
537 970 569 996 ut
597 971 759 1004 tenentur,
781 964 966 998 sententiam
996 976 1186 998 exeommu—

437 1011 602 1047 nicationis
625 1012 798 1058 incurrant,
830 1022 924 1060 atque
956 1014 1023 1048 suis
1058 1026 1186 1061 praece—

438 1062 548 1108 ptoriis
581 1070 611 1096 et
647 1061 834 1103 beneficiis,
866 1075 947 1110 quae
969 1063 1185 1103 obtinuerint,

439 1120 548 1157 privati
571 1120 716 1147 existant.

486 1164 502 1203 ἓ
522 1162 553 1196 7.
575 1160 663 1203 Quas
685 1161 812 1209 quidem
836 1174 986 1198 censuras
1011 1170 1041 1197 et
1057 1174 1185 1210 poenas,

438 1221 549 1244 omnes
571 1220 602 1246 et
623 1212 740 1258 singuli
775 1212 827 1258 qui
862 1211 1038 1247 oblationes
1072 1221 1101 1247 et
1127 1212 1184 1248 alia

439 1259 486 1305 pia
499 1259 710 1308 subsidiaipsi
726 1261 871 1308 hospitali
897 1271 1003 1297 nostro
1027 1263 1056 1296 in
1079 1262 1184 1305 Saxia,

437 1310 501 1344 sive
523 1311 684 1357 expositis,
707 1311 930 1358 languentibus
956 1322 987 1346 et
1017 1313 1130 1358 egenis
1155 1312 1184 1346 in

436 1371 473 1393 ro
497 1372 553 1406 pro
576 1368 716 1407 tempore
733 1361 933 1416 degentibus,
955 1361 1185 1416 quaestuando,

436 1410 500 1443 sire
542 1409 617 1444 alias
651 1410 762 1457 quovis
798 1411 902 1449 modo,
924 1411 1045 1458 absque
1087 1424 1185 1458 ipsius

435 1459 589 1504 generalis
628 1461 842 1507 praeceptoris
862 1473 1010 1507 expressa
1034 1461 1159 1496 licentia
1177 1488 1185 1505 ,

437 1516 552 1553 petere,
574 1509 714 1555 exigere,
731 1522 893 1556 usurpar,e
907 1519 961 1545 aut
983 1511 1013 1545 iu
1036 1512 1081 1545 eis
1103 1523 1186 1545 com-

437 1557 559 1593 mittete
587 1558 729 1594 fraudem
765 1561 1044 1607 praesumpserint,
1077 1561 1185 1595 incur-

439 1619 504 1642 iere
526 1608 702 1644 volumus
697 1621 765 1656 ipso
788 1610 879 1644 sacto.

484 1661 500 1700 ἓ
534 1660 566 1692 8.
604 1658 770 1715 Possitque
804 1667 1012 1707 praeceptor,
1052 1660 1186 1695 constito

437 1707 496 1741 sibi
517 1708 556 1742 de
579 1710 759 1755 praemissis
787 1722 844 1764 per
867 1721 922 1744 eos
949 1709 1050 1745 taliter
1073 1722 1187 1757 perpe-

439 1757 548 1798 tratis,
583 1757 702 1806 absque
737 1759 909 1794 monitione
943 1759 1021 1799 alia,
1045 1759 1130 1806 ipsos
1156 1768 1185 1794 et

438 1818 547 1842 eorum
582 1808 724 1854 singulos
771 1808 992 1864 delinquentes
1037 1822 1188 1844 censuras

437 1865 467 1891 et
489 1868 606 1903 poenas
629 1858 831 1905 praedictas
825 1859 997 1894 incurrisse
1015 1859 1186 1900 declarare,

437 1914 468 1940 et
493 1908 632 1954 ipsorum
663 1908 824 1948 beneficia,
852 1916 1011 1955 tamquam
1035 1909 1186 1953 vacantia,

439 1957 581 2002 personis
608 1957 730 1993 idoneis
758 1958 970 2005 praesentium
1003 1960 1187 1994 auctoritate

438 2005 591 2041 conferre.

487 2059 502 2099 ἓ
524 2059 558 2091 9.
581 2056 621 2092 Ut
636 2065 738 2092 autem
761 2057 946 2098 oblationes,
968 2058 1187 2107 eleemosynae

438 2117 468 2144 et
495 2110 724 2146 subventiones
752 2111 945 2158 praedictae,
967 2124 1001 2147 ac
1032 2114 1135 2148 omnia
1158 2122 1186 2148 et

438 2164 560 2210 singula
585 2165 644 2212 ipsi
669 2173 775 2200 nostro
803 2165 947 2213 hospitali
988 2179 1042 2214 per
1080 2167 1187 2203 fideles

440 2218 524 2265 ipsos
551 2218 662 2265 legata,
685 2229 738 2254 aut
752 2220 939 2256 donationes
955 2232 1047 2256 causa
1065 2222 1187 2262 mortis,

441 2272 487 2307 rel
511 2273 589 2308 inter
616 2274 702 2308 vivos
728 2274 854 2315 donata,
883 2275 929 2311 vel
957 2275 1068 2323 quovis
1095 2276 1188 2311 modo

440 2327 559 2369 relicta,
574 2336 603 2362 et
628 2341 707 2375 quae
736 2341 792 2377 pro
818 2338 960 2377 tempore
986 2330 1188 2366 donabuntur

441 2390 471 2416 et
497 2381 736 2429 relinquentur,
759 2383 796 2418 ad
825 2383 1027 2419 commodum
1056 2392 1085 2418 et
1113 2397 1187 2432 pro-

442 2436 558 2472 fectum
593 2437 756 2484 hospitalis
784 2446 814 2473 et
847 2450 1020 2486 pauperum
1057 2437 1188 2473 fideliter

441 2499 471 2524 et
497 2490 614 2538 absque
641 2491 849 2526 diminutione
877 2492 1070 2539 perveniant,
1092 2504 1187 2527 vene-

443 2544 592 2580 rabilibus
616 2544 761 2580 fratribus
783 2545 1042 2593 archiepiscopis,
1064 2545 1188 2592 episco-

444 2598 491 2645 pis
527 2606 558 2633 et
595 2598 662 2633 aliis
689 2599 829 2634 locorum
865 2600 1056 2645 ordinariis⁷
1078 2612 1187 2635 eorum

445 2654 565 2689 vicariis
586 2663 615 2688 et
638 2654 845 2700 officialibus,
873 2655 901 2689 in
931 2655 1041 2690 virtute
1062 2663 1189 2691 sanctae

1036 263 1222 287 Bruanium
1249 262 1409 285 ROMANL’M

1228 316 1436 360 obedientiae,
1461 316 1570 351 harum
1593 315 1673 350 serie
1695 313 1921 350 committimus
1945 322 1975 348 et

1229 367 1416 401 mandamus
1449 373 1620 412 quatenus
1649 376 1704 412 pro
1739 364 1976 399 consiti-atione

1228 416 1435 459 oblationum,
1448 415 1734 463 eleemosynarum,
1746 413 1976 457 subsidiorum,

1230 465 1414 512 legatorum,
1438 465 1616 500 relictorum
1639 473 1670 499 et
1695 463 1884 498 donatorum
1914 462 1977 497 bo-

1229 528 1339 550 norum
1366 515 1404 549 ad
1433 514 1536 561 ipsum
1559 513 1713 570 hospitale
1740 521 1880 548 nostruin
1904 525 1977 559 spe-

1228 565 1392 608 ctantium,
1420 573 1480 599 tam
1516 565 1547 598 in
1583 565 1650 599 suis
1684 562 1861 598 civitatibus
1883 574 1976 608 quam

1228 626 1355 649 suarum
1403 613 1585 648 dioecesum
1604 641 1612 653 ,
1659 613 1736 647 locis
1778 612 1977 658 insignibus,

1229 663 1308 699 duos
1330 664 1460 698 idoneos
1485 664 1589 707 viros,
1624 663 1702 697 vitae
1741 661 1910 697 laudabilis
1947 670 1978 696 et

1228 713 1477 748 conversationis
1504 712 1664 756 honestae,
1688 711 1749 746 side
1771 720 1802 746 et
1823 711 1978 746 facultati-

1229 763 1288 798 bus
1322 762 1500 810 praeditos,
1521 762 1558 797 ad
1594 761 1809 808 colligendum
1840 769 1870 795 et
1897 773 1978 796 con-

1228 813 1415 847 servandum
1438 811 1571 859 singulis
1592 812 1696 855 annis,
1719 811 1846 846 nomine
1868 810 1978 857 hospi-

1229 863 1296 897 talis
1311 862 1408 898 nostri
1422 862 1577 902 eiusdem,
1588 861 1764 896 oblationes
1772 869 1802 896 et
1818 860 1977 907 praedicta,

1228 912 1372 947 ordinare
1404 920 1435 947 et
1468 911 1621 958 deputare
1649 918 1840 958 procurent,
1867 910 1976 958 quiea

1229 974 1331 1009 neque
1363 960 1587 1017 quaestoribus
1616 960 1663 995 vel
1690 960 1758 995 aliis
1784 938 1978 1007 quibuslibet

1229 1011 1394 1058 personis,
1422 1011 1480 1046 nisi
1516 1009 1708 1058 specialibus
1735 1009 1859 1045 nunciis
1880 1021 1977 1056 gene-

1229 1062 1301 1096 ralis
1324 1061 1538 1109 praeceptoris
1565 1060 1704 1095 eiusdem
1728 1059 1909 1107 patentibus
1939 1059 1978 1094 li-

1229 1112 1303 1146 teris
1344 1124 1442 1158 ipsius
1471 1110 1602 1145 munitis
1641 1109 1745 1157 sigillo
1784 1110 1908 1145 tradere
1947 1117 1978 1143 et

1227 1161 1387 1207 355ἰσιιειιθ
1419 1168 1612 1201 teneantur;
1639 1160 1692 1208 qui
1720 1158 1849 1215 quidem
1882 1158 1978 1194 colle-

1228 1219 1357 1250 ctores,
1380 1211 1472 1246 etiam
1501 1209 1635 1256 singulis
1662 1210 1755 1244 annis
1781 1208 1821 1244 de
1845 1208 1979 1255 receptis

1228 1268 1258 1295 et
1280 1260 1507 1295 administratis
1525 1271 1579 1307 per
1591 1271 1658 1303 eos,
1674 1271 1778 1294 coram
1798 1258 1978 1314 ordinariis,

1229 1309 1350 1345 ιίοῑιιίι5
1375 1310 1422 1344 tel
1455 1308 1642 1345 officialibus
1668 1318 1762 1356 atque
1784 1308 1909 1344 nunciis
1930 1320 1978 1343 su-

1229 1359 1378 1406 pradietis
1391 1367 1555 1395 teneantur
1564 1358 1694 1394 reddere
1710 1359 1976 1405 rationem‚quam

1227 1408 1288 1444 sub
1314 1409 1418 1455 sigillo
1447 1409 1678 1444 ordinariorum
1711 1421 1765 1444 seu
1797 1407 1977 1443 officialium

1228 1459 1461 1506 praedictorum
1476 1458 1750 1505 signatan1,iidem
1768 1458 1875 1493 nuncii
1895 1469 1977 1505 prae-

1228 1508 1346 1556 ceptori
1369 1508 1507 1555 generali
1533 1507 1692 1555 praedicto
1709 1508 1899 1555 quantocius
1920 1507 1979 1542 de-

1227 1558 1343 1593 stinare
1367 1566 1541 1593 teneantur.

1276 1608 1296 1655 g
1324 1610 1380 1642 10.
1408 1609 1476 1643 Non
1499 1607 1699 1643 obstantibus
1722 1607 1978 1656 quibuscumque

1230 1657 1424 1705 priiilegiis,
1448 1657 1578 1692 indultis
1610 1666 1640 1693 et
1667 1657 1764 1693 literis
1787 1658 1977 1705 apostolicis,

1228 1707 1428 1753 generalibus
1466 1707 1512 1741 vel
1559 1706 1773 1755 specialibus,
1814 1707 1978 1755 quibusvis

1231 1758 1389 1803 personis,
1418 1758 1651 1804 cuiuscumque
1677 1756 1863 1803 dignitatis,
1885 1758 1976 1793 etiam

1231 1807 1438 1853 pontificalis,
1459 1815 1558 1842 status
1573 1833 1583 1851 ,
1610 1806 1728 1853 gradus
1743 1834 1752 1851 ,
1778 1807 1897 1842 ordinis
1932 1807 1977 1843 vel

1229 1856 1422 1892 conditionis
1454 1856 1594 1899 fuerint,
1623 1869 1677 1904 per
1701 1868 1758 1892 nos
1786 1857 1833 1892 vel
1861 1857 1976 1893 Sedem

1230 1906 1446 1953 Apostolicam
1464 1935 1473 1945 ,
1498 1906 1561 1941 sub
1581 1918 1782 1954 quacumque
1809 1906 1906 1942 forma
1929 1907 1977 1943 vel

1230 1957 1432 2002 expressione
1460 1956 1638 1997 verborum,
1661 1965 1691 1990 et
1717 1969 1789 1992 cum
1813 1956 1979 2004 quibusvis

1229 2005 1469 2045 efficacissimis,
1506 2006 1737 2052 urgentissimis
1775 2014 1807 2042 et
1839 2007 1979 2054 deroga-

1232 2056 1316 2090 toriis
1343 2056 1514 2101 clausulis,
1541 2056 1798 2104 irritantibusque
1820 2056 1979 2102 decretis,

1230 2109 1322 2144 etiam
1347 2119 1446 2156 motu,
1463 2110 1592 2145 seientia
1627 2118 1659 2145 et
1685 2110 1870 2147 auctoritate
1890 2111 1979 2146 simi-

1231 2163 1313 2199 libus
1341 2164 1491 2199 liaetenus
1527 2164 1631 2200 forsan
1664 2165 1835 2207 concessis;
1859 2165 1979 2201 eonsti-

1231 2218 1405 2254 tutionibus
1420 2231 1560 2267 quoque,
1576 2218 1828 2254 ordinationibus
1855 2227 1980 2267 aposto-

1231 2271 1298 2307 licis
1314 2300 1321 2314 ,
1345 2285 1468 2309 necnon
1496 2273 1622 2310 statutis
1642 2281 1672 2308 et
1693 2274 1978 2310 consuetudinibus

1230 2327 1445 2364 Ecclesiarum
1468 2337 1499 2364 et
1530 2329 1789 2364 monasteriorum
1819 2328 1865 2364 vel
1899 2329 1979 2364 alio-

1231 2395 1298 2418 rum
1336 2383 1477 2418 locorum
1516 2382 1635 2431 quibus
1672 2395 1841 2418 concessae
1878 2391 1978 2424 sunt,

1231 2437 1322 2472 etiarn
1351 2438 1552 2482 iuramento,
1584 2437 1821 2473 confirmatione
1851 2446 1979 2485 aposto-

1232 2491 1288 2526 lica
1325 2492 1373 2526 vel
1412 2492 1522 2540 quavis
1548 2491 1693 2526 firmitate
1715 2492 1773 2527 alia
1800 2491 1978 2537 roboratis,

1231 2545 1368 2593 quibus,
1391 2558 1499 2582 eorum
1515 2554 1648 2589 tenores
1671 2558 1726 2594 pro
1748 2545 1906 2594 expressis
1920 2545 1977 2581 ha-

1232 2599 1464 2648 bentes,quoad
1483 2600 1819 2649 praemissa,derogari
1830 2600 1977 2636 volumus

1231 2664 1257 2690 et
1282 2655 1472 2702 derogamus
1493 2667 1653 2703 expresse,
1676 2655 1752 2703 ipsis
1773 2655 1848 2691 alias
1871 2655 1900 2690 in
1917 2666 1975 2691 suo

1989 257 2038 283 Αιι.
2057 256 2085 283 C.
2105 256 2170 284 ¹³76

2005 1622 2043 1644 Ob
2050 1625 2068 1643 ιι
2059 1626 2092 1643 man
2096 1624 2114 1643 ia
2133 1626 2154 1643 to
2156 1622 2176 1643 1-

1992 1654 2023 1675 lit
