2281 3251
241 281 291 308 An.
311 281 339 307 C.
357 281 426 308 tiss

257 733 329 754 Poena
341 737 427 754 contn-

244 767 381 787 voni-nuum.

259 1175 371 1201 voroz-uo
381 1179 431 1194 con·

243 1208 366 1227 §rariorum-

495 271 541 303 54

443 335 624 369 auctoritate
654 331 837 367 huiusmodi
873 331 912 365 ‹le
934 339 1038 364 cetero
1067 342 1194 375 pronio-

444 384 572 426 venilos,
600 396 633 417 ae
653 383 746 416 etiam
771 381 839 414 illos
861 392 994 426 iptorum
1023 380 1194 412 electiones

442 433 620 468 confirmari
645 434 673 465 in
699 432 838 465 suturam
859 429 1033 474 contigerit,
1054 436 1085 461 ut
1109 440 1193 474 prae-

443 483 551 520 fertur,
574 483 691 515 eisdem
706 480 807 514 abbati
825 479 968 515 Ordinis„
984 477 1195 510 visitator-ilius

442 541 471 566 et
496 530 762 571 reformatoribus,
788 529 975 572 illorumque
1009 526 1192 559 correctori—

444 581 516 624 bus,
545 590 635 628 prout
658 587 728 613 aute
765 586 850 612 crant
875 576 1003 617 subditi,
1032 574 1195 608 subiacere

443 640 473 665 et
495 631 625 665 omnino
648 628 790 662 subesse.

492 684 507 724 ἓ
536 682 568 713 3.
596 677 660 713 Nos
687 677 770 710 enini
794 686 905 708 ornnes
918 672 1194 718 t·tsingul08‚qui,

445 737 607 777 praetextu
634 725 840 774 promotionis
867 736 922 757 ,seu
947 722 1195 757 confirmationis

443 779 526 813 «lese
541 774 839 812 sactaehuiusmodi,
861 772 1131 820 praesumpserint
1147 784 1196 805 re·

444 828 600 863 liellionis,
629 822 885 869 ‹·0nteinptioni8,
914 821 1128 868 vilipensionis
1143 831 1194 854 aut

444 876 685 914 inobedientiae,
701 882 806 907 contra
829 880 946 918 patrem
965 871 1108 905 abbatem
1132 868 1197 904 Or—

443 927 536 963 dinis,
547 927 760 959 visantur-eset
775 921 996 956 reformatores
1011 919 1194 954 liuinsinodi

445 989 499 1022 pro
523 984 666 1021 tempore
693 972 876 1014 existentes,
903 982 1018 1004 cornua
1057 970 1195 1009 olm-aro,

443 1022 781 1059 ‹·x‹·0mnmuic;.iionis
800 1020 975 1054 sentcntiae
994 1019 1196 1053 ‹li-cernimus

443 1074 617 1109 subiacere.

492 1128 508 1168 ξ
530 1126 561 1157 4.
585 1119 874 1157 Constitutionibns
897 1127 927 1153 et
945 1117 1197 1152 ordinationibus

443 1173 636 1220 apostolicis,
659 1182 693 1204 ae.
711 1168 890 1204 monasterii
915 1175 945 1201 et
960 1165 1092 1202 Ordinis
1107 1179 1197 1214 prae-

444 1223 612 1261 diciorum,
638 1221 825 1262 iuramento,
853 1217 1093 1253 continuatione
1120 1229 1198 1263 apo-

444 1272 550 1306 stolica
565 1300 573 1311 ,
622 1269 667 1304 vet
706 1280 908 1316 quat-uinth.
953 1266 1098 1301 lirinitate
1140 1266 1197 1300 alia

445 1321 599 1356 roboratis
626 1320 752 1354 statutis
767 1326 797 1352 et
814 1316 1098 1351 consrwtndiuibus
1120 1327 1197 1349 con-

445 1371 548 1406 trariis
576 1383 636 1404 nou
675 1367 874 1403 obstantibus
917 1365 1197 1413 quibuscnnupoe3

444 1433 498 1455 seu
527 1420 552 1454 si
577 1418 728 1466 promotis
751 1426 779 1451 et
803 1416 1008 1458 confirmatis,
1024 1428 1077 1449 seu
1095 1415 1197 1448 forsan

445 1468 670 1516 promovendis
692 1475 721 1500 et
743 1465 971 1501 contii-mandis
1004 1463 1198 1507 huiusmodi,

444 1519 490 1554 vel
505 1518 672 1566 quibusvis
687 1516 768 1560 attis,
783 1516 995 1550 communiter
1005 1515 1049 1548 vel
1060 1513 1198 1553 divisim,

444 1580 459 1603 a
481 1567 565 1604 Sede
585 1565 764 1614 Apostolica
789 1565 826 1599 sii
851 1564 1020 1606 indultum,
1043 1563 1127 1610 quod
1149 1563 1199 1597 in-

445 1617 568 1660 terdici,
591 1615 757 1663 suspendi,
781 1614 826 1649 vel
849 1613 1116 1648 excommunicari
1138 1624 1198 1646 non

445 1667 566 1714 possint
585 1678 639 1713 per
661 1666 766 1700 literas
788 1664 976 1711 apostolicas
999 1676 1060 1696 non
1081 1661 1198 1697 sacien-

444 1725 491 1751 tes
519 1716 643 1763 plenam
664 1722 693 1748 et
721 1725 902 1759 expressam
925 1724 962 1747 ac
986 1713 1024 1746 de
1048 1712 1145 1746 verbo
1161 1711 1198 1745 ad

446 1765 577 1800 verbum
593 1764 631 1798 de
651 1763 773 1798 indulto
796 1761 976 1797 huiusmodi
995 1762 1199 1796 mentionem.

493 1818 508 1858 ξ
537 1816 568 1849 5.
593 1813 631 1848 Et
672 1813 802 1859 insuper
837 1812 958 1846 irritum
999 1811 1201 1845 decernimus

444 1875 475 1899 et
505 1865 608 1903 inane,
630 1863 654 1897 si
677 1874 770 1897 secus
793 1874 885 1907 super
907 1860 955 1895 liis
982 1873 997 1894 a
1020 1872 1200 1908 quoquam,

444 1914 556 1961 quavis
577 1913 774 1952 auctoritate,
801 1911 937 1946 scienter
949 1911 993 1944 vel
1010 1911 1202 1956 ignoranter,

445 1962 613 2009 contigerit
641 1961 798 1996 anemuri.

495 2012 580 2046 Nutti
604 2023 678 2056 crgo
705 2019 758 2044 etc.

497 2060 530 2096 Si
558 2061 630 2108 qnis
652 2068 706 2094 etc.

496 2111 609 2145 Datum
639 2108 815 2148 Penariae,
850 2119 933 2142 anno
975 2105 1204 2141 incarnationis

446 2160 623 2195 dominicae
661 2169 914 2197 anceccxxxvm,
939 2156 1045 2191 idibus
1067 2157 1203 2200 decem„

448 2218 534 2257 pont.
560 2209 655 2243 nostri
685 2220 766 2242 aimo
794 2215 915 2242 octavo.

469 2263 529 2293 Dat.
545 2263 592 2292 die
605 2262 641 2292 13
653 2261 819 2292 decembris
832 2260 918 2298 1438,
935 2264 1013 2299 pont.
1031 2268 1107 2289 anno
1124 2268 1182 2289 vni.

785 2379 869 2415 xtx.

451 2450 498 2483 De
514 2450 549 2483 S.
575 2450 612 2484 R.
630 2449 669 2482 Ε.
692 2449 901 2482 cardinalium
916 2447 1079 2492 dignitate,
1100 2445 1206 2479 ceteris

499 2499 705 2533 ecclesiasticis
730 2498 932 2542 dignitatibus
953 2495 1184 2541 praestantiori.

719 2561 934 2594 SUMMARlUM

451 2617 618 2648 Exordium.
634 2633 671 2638 —-
688 2617 713 2646 1.
726 2616 862 2655 Archiep.
878 2613 1100 2645 Cantuariensis
1116 2621 1206 2652 quae·

491 2657 615 2688 stionem
640 2656 728 2687 movit
751 2656 786 2686 de
812 2654 1017 2696 praecedentia
1045 2662 1112 2684 cum
1136 2661 1204 2683 car-

1018 275 1204 298 nruamtmt
1234 274 1395 297 nomast„

1277 328 1366 357 dinati
1390 326 1417 357 S.
1441 325 1591 355 Balbiuae.
1609 341 1649 347 —
1665 324 1692 354 Ξ.
1708 323 1872 354 Declaravit
1893 327 1990 353 taimen

1277 380 1309 401 se
1328 375 1473 400 staturum
1499 369 1608 398 indicio
1631 368 1717 398 Sedis
1733 367 1930 407 Apostolicae.
1952 383 1992 389 —

1276 416 1302 444 3.
1319 415 1450 452 Dignitas
1474 414 1661 444 cardinalitia
1680 413 1805 442 caeteris
1824 411 1991 442 sublimior.

1274 476 1314 481 —-
1341 459 1369 489 t.
1393 458 1424 488 B.
1450 458 1553 488 Petrus
1580 466 1682 488 eorum
1703 457 1830 487 officinm
1855 456 1995 489 instituit.

1277 504 1320 532 vet
1344 504 1427 532 iussn
1451 502 1502 533 Dei
1525 502 1561 533 ab
1580 502 1699 532 exordio
1729 501 1879 531 Ecclesiae
1901 500 1993 537 origi·

1277 557 1343 576 nem
1374 547 1469 576 traxit.
1501 563 1542 569 —-
1563 547 1591 576 5.
1627 545 1721 585 Papae
1749 545 1938 575 coadiutores
1962 546 1991 574 in

1275 591 1402 621 concilio
1426 590 1554 620 Nicaeno
1582 590 1720 630 appellati
1738 594 1815 625 sunt,
1833 593 1862 618 ct
1880 587 1992 628 absque

1278 635 1395 665 testium
1417 635 1606 665 multitudiue
1623 634 1813 664 condemnari
1832 638 1992 673 nequeunt.

1276 697 1315 702 --
1346 681 1373 710 6.
1411 680 1539 710 Membra
1572 679 1724 710 pontificis
1763 682 1994 718 nuncupantur,

1276 734 1387 764 eosque
1410 723 1592 754 offendentes
1622 724 1745 753 crimine
1775 723 1873 752 laesae
1897 722 1992 752 maie-

1277 770 1360 798 statis
1380 769 1420 797 rei
1446 768 1623 798 iudicantur.
1646 784 1685 790 —-
1707 767 1733 797 ·1.
1760 767 1833 797 Aliis
1858 767 1996 805 praeemi-

1278 814 1387 843 nentiis
1424 813 1553 843 decorati
1591 819 1667 842 sunt.
1703 828 1740 834 —
1773 812 1800 841 8.
1833 811 1996 849 liuperator

1277 856 1485 886 Constantinus
1502 861 1598 895 patres
1609 855 1852 896 appellavit—9.
1867 855 1994 885 Romana

1277 901 1409 932 Ecclesia
1427 901 1622 931 cardinalium
1639 906 1754 930 coetum
1768 901 1835 930 aliis
1852 900 1997 930 illustrio-

1278 956 1337 976 rem
1368 946 1531 976 constitnit.
1553 963 1592 968 —
1626 947 1668 976 ¹0.
1698 946 1828 975 (laeteris
1852 945 1993 983 praeemi-

1279 996 1348 1020 nent
1365 991 1400 1020 ab
1424 991 1662 1020 immemorabili.
1685 1007 1725 1013 —
1758 991 1805 1020 11.
1833 989 1892 1020 ttuc
1917 990 1994 1020 idem

1278 1035 1471 1065 obtinuerunt
1505 1037 1532 1064 in
1566 1035 1702 1064 conciliis
1726 1033 1927 1072 generalibus.
1957 1050 1997 1055 —

1279 1079 1325 1108 12.
1350 1078 1379 1108 ln
1404 1079 1544 1109 omnibus
1564 1079 1721 1109 sententiis
1745 1083 1812 1108 ante
1834 1086 1998 1117 quoscum-

1278 1133 1335 1163 que
1358 1124 1432 1153 :dios
1457 1124 1656 1153 nominantur.
1679 1122 1780 1157 -,13
1822 1121 1852 1151 1η
1881 1121 1998 1161 praela-

1280 1168 1411 1198 tionibus
1429 1169 1558 1207 dignitas
1581 1167 1782 1198 cardinalatus
1807 1165 1994 1206 praeponde-

1278 1219 1332 1248 rat,
1354 1214 1440 1243 etiam
1466 1213 1514 1242 ubi
1536 1222 1592 1242 non
1617 1219 1645 1242 ut
1669 1211 1850 1247 cardinaleS,
1880 1211 1930 1241 sed
1956 1211 1997 1241 uti

1279 1267 1400 1288 suarum
1421 1256 1620 1287 Ecclesiarum
1643 1257 1764 1294 praelati
1785 1256 1942 1285 intersunt..
1960 1271 1999 1277 —

1283 1302 1326 1332 14.
1345 1301 1518 1331 Cardinates
1537 1311 1551 1330 a
1573 1301 1636 1330 solo
1656 1301 1744 1340 Papa,
1767 1300 1815 1330 alii
1840 1299 1963 1338 praelati
1982 1308 1997 1328 a

1279 1345 1482 1376 cardinalibus
1511 1346 1692 1375 iudicantur.
1709 1361 1750 1367 -—
1777 1345 1823 1374 ⁴¹5.
1846 1343 1997 1374 Contraria

1280 1391 1475 1426 consuetudo,
1498 1389 1610 1429 absque
1629 1389 1715 1419 Sedis
1738 1389 1838 1427 Apost.
1861 1396 1999 1424 assensu,

1281 1445 1338 1464 non
1368 1434 1557 1473 suffragatur.
1588 1450 1626 1456 —
1656 1434 1703 1464 16.
1732 1432 1873 1463 Hortatur
1894 1433 1998 1463 archi-

1279 1480 1452 1518 episcopum
1488 1477 1731 1509 Cantuariensem
1767 1482 1799 1508 ut
1837 1475 1998 1516 praedictis

1279 1524 1458 1562 acquiescat.

1240 1599 1374 1634 fingenius
1390 1598 1534 1634 episcopus
1554 1604 1651 1626 servus
1671 1603 1812 1626 servorum
1829 1595 1886 1630 Dei,
1918 1602 2001 1626 vene-

1285 1647 1367 1676 rabili
1389 1648 1448 1676 viro
1486 1647 1623 1682 magistro
1649 1646 1770 1679 ilenrico.
1799 1645 2001 1682 archiepiscopo

1286 1698 1479 1726 cantuariensi
1497 1697 1552 1725 etc.

1291 1769 1360 1804 Non
1378 1769 1527 1804 mediocri
1543 1768 1651 1802 dolore
1666 1767 1822 1803 afficimur
1834 1781 1905 1803 cum
1919 1768 2000 1804 inter

1244 1819 1354 1853 siau-es
1382 1827 1506 1853 nostros
1528 1818 1708 1864 episcopos,
1722 1830 1780 1853 seu
1803 1818 1882 1853 alios
1895 1817 2000 1854 eccle-

1243 1868 1398 1908 siasticos,
1436 1867 1557 1902 dissidii
1601 1866 1720 1913 aliquid
1758 1875 1903 1903 exortum
1930 1879 2001 1902 esse

1245 1917 1452 1965 percipimus,
1481 1925 1545 1951 tum
1578 1926 1704 1963 propter
1747 1917 1863 1951 tnalunt
1913 1915 2000 1964 quod

1245 1967 1319 2002 inde
1347 1967 1377 2001 in
1403 1966 1528 2014 populis
1551 1966 1730 2013 exemplum
1756 1967 1911 2013 provenit,
1934 1975 1999 2001 tum

1244 2017 1315 2063 quia
1339 2026 1541 2063 contemptus
1563 2025 1594 2050 et
1611 2016 1814 2051 detractionis
1835 2015 2003 2062 praebetur

1245 2078 1382 2100 occasio.

2006 267 2055 294 An.
2073 267 2102 294 C.
2124 265 2191 294 1638

2044 1780 2166 1803 moretm.

1293 2115 1313 2162 ἓ
1342 2117 1373 2149 l.
1403 2114 1540 2149 Proinde
1564 2127 1624 2149 non
1650 2127 1759 2161 parum
1783 2114 1908 2150 audisse
1934 2114 2002 2150 ‹tis-
2027 2124 2202 2153 Archimea-

1247 2165 1354 2210 plicuit
1377 2164 1610 2199 dissensionem
1631 2164 1837 2212 illam,quam
1860 2175 1932 2199 cum
1956 2163 2001 2199 di-

2014 2157 2097 2178 touton
2101 2157 2131 2178 111
2141 2162 2201 2184 qu·-

2014 2189 2106 2210 sttonem
2135 2188 2201 2210 movit

1247 2217 1326 2249 lecto
1350 2214 1413 2249 tilio
1443 2222 1550 2249 nostro
1565 2213 1684 2249 Ioanne
1707 2215 1754 2248 tit.
1776 2212 1811 2249 S.
1837 2212 2201 2255 Balbime,depr-ocemu-

2014 2255 2060 2272 eum
2096 2247 2201 2271 euroin-tt

1247 2264 1429 2312 presbytero
1451 2263 1613 2307 cardinali,
1630 2276 1731 2311 nuper
1746 2270 1796 2298 tua
1821 2262 2000 2298 fraternitas
2013 2281 2034 2302 s,
2049 2279 2158 2303 mihim.

1247 2318 1366 2361 habuit,
1394 2330 1467 2352 cum
1492 2329 1570 2353 nova
1593 2325 1624 2352 et
1648 2316 1773 2352 insolita
1797 2328 1847 2352 res
1867 2317 1931 2365 ipsa
1949 2317 2000 2358 sit,

1192 2370 1196 2374 ”
1246 2385 1326 2420 quae
1349 2385 1435 2407 nuuc
1469 2380 1651 2407 attentatur.
1688 2371 1723 2406 lu
1752 2371 1862 2418 primis
1895 2379 2000 2406 autem

1246 2427 1443 2462 admiramur
1468 2427 1545 2461 satis
1584 2438 1656 2460 cum
1687 2437 1741 2472 per
1770 2429 1815 2460 14
1845 2437 1947 2460 annos
1971 2432 2003 2460 et

1247 2481 1384 2527 amplius
1406 2492 1477 2515 cum
1501 2479 1616 2515 dilecto
1638 2479 1704 2514 {ilio
1731 2488 1839 2514 nostro
1851 2478 2002 2519 Heni-ico,

1248 2534 1293 2568 tit.
1310 2533 1343 2569 S.
1361 2534 1490 2569 Eusebii
1519 2534 1700 2582 presbytero
1718 2533 1883 2574 cardinali,
1904 2532 1934 2567 in
1951 2545 2003 2568 se-

1247 2589 1352 2624 dendo
1368 2599 1397 2624 et
1413 2590 1443 2623 in
1460 2587 1596 2623 terendis
1607 2587 1698 2628 votis,
1717 2587 1786 2622 sine
1800 2586 2003 2622 altereatione

1249 2644 1375 2688 vixeris,
1403 2651 1434 2678 et
1456 2642 1575 2677 nullam
1597 2653 1706 2678 secum
1729 2653 1827 2689 super
1843 2641 1903 2678 boc
1917 2651 2003 2691 pror-
