2281 3251
117 253 165 279 An.
184 254 213 278 C.
235 253 300 278 ¹¹:07

148 1195 293 1215 Praesidenus

161 1229 283 1246 auctoritas.

144 1539 172 1561 De
189 1541 251 1566 capii,
269 1540 313 1560 sin?

131 1571 184 1596 gulis
199 1571 260 1590 urinis
276 1577 315 1591 ro-

131 1603 206 1627 gendo.

150 1835 179 1854 Ad
204 1832 316 1861 capitutum

134 1867 168 1892 qui
178 1865 269 1886 debeant
279 1869 317 1884 ac-

133 1897 217 1917 cedere.

155 2145 184 2167 De
212 2145 318 2166 electione

136 2176 229 2196 disereti.

903 249 1100 270 ALEXANDMt

317 306 345 339 iu
361 304 517 339 Thusciae
532 313 559 338 ct
575 303 781 338 Lombardiae
799 302 972 348 provinciis
999 303 1067 337 exi-

316 353 476 397 stentium,
503 351 535 386 S.
567 352 715 387 Bernardi
745 353 773 385 iu
800 352 883 386 ltalia
910 363 1068 390 creamus,

319 403 467 445 facimus,
497 402 719 436 constituimus
742 410 769 435 et
794 401 994 448 deputamus,
1024 401 1069 434 Ac

318 451 428 486 cadem
460 451 644 485 auctoritate
667 451 877 490 decernimus,
900 451 1070 484 statuimus

318 509 348 536 et
378 499 563 534 ordinamus
585 499 668 546 quod
699 500 818 534 monaci
849 499 943 534 unius
967 511 1071 534 inona-

319 549 417 589 sterii,
433 549 531 583 dictae
544 549 810 595 congregationis,
826 549 1002 596 provinciae
1016 549 1071 583 ltn-

319 599 378 633 liae
406 598 585 645 praedictae
599 598 720 633 monaci
736 610 804 632 esse
833 606 1022 633 censeantur
1044 606 1069 631 ct

321 649 393 688 siut;
415 659 449 681 ac
465 647 547 694 quod
565 648 666 681 omnia
682 656 711 681 et
733 648 858 692 singula
875 647 1071 682 monasteria.

322 698 386 731 loca
403 708 458 731 seu
474 696 612 731 membra
636 696 776 731 ciusdem
793 696 922 731 Ordinis
945 697 973 730 in
990 708 1074 743 prae-

323 746 414 780 dictis
433 746 615 792 provinciis,
631 745 668 781 de
685 746 823 780 monacis
836 753 865 780 et
885 745 1075 780 monialibus

323 795 425 830 dictae
458 795 715 842 congregationis
743 795 920 834 reformata,
944 804 973 829 et
996 806 1075 840 quae

324 845 354 878 in
385 851 544 891 posterum
580 843 859 887 reformabuntur,
894 855 948 890 per
981 851 1074 877 totam

324 893 442 928 ltaliam
461 893 523 927 sint
535 902 561 927 et
578 906 645 928 esse
663 902 850 928 censeantur
868 892 906 926 de
923 892 1074 939 praedicta

325 942 568 989 congregatione
589 942 693 977 ltaliae
716 942 748 977 S.
771 942 936 981 Bernardi,
959 953 995 975 ac
1009 941 1077 975 eius

327 992 516 1037 praesidenti
535 1000 564 1026 et
580 992 794 1026 visitatoribus
816 1001 845 1025 et
860 989 1078 1024 definitoribus

325 1040 452 1086 capituli
494 1041 524 1074 iu
561 1041 709 1076 omnibus
736 1049 765 1075 et
797 1052 852 1087 per
879 1039 982 1074 omnia
1016 1040 1077 1073 sint

326 1090 478 1124 subiecta.

375 1138 395 1185 S
418 1141 449 1173 5.
472 1138 628 1185 Quodque
656 1138 888 1184 acceptationes
911 1149 966 1171 seu
982 1136 1080 1171 resor-

329 1188 482 1222 mationes
516 1187 777 1222 monasteriorum
814 1196 843 1221 et
878 1186 1018 1220 locorum
1042 1185 1080 1219 de

328 1237 468 1271 monacis
483 1244 512 1270 et
534 1236 726 1271 monialibus
748 1236 848 1270 dietae
867 1235 1079 1281 congregatio-

329 1286 377 1320 nis
400 1285 578 1320 executioni
594 1284 778 1319 (lemandari
802 1297 863 1319 non
886 1285 1003 1331 possint
1022 1284 1078 1317 uisi

327 1346 382 1381 per
405 1334 633 1381 praesidentem
657 1335 758 1369 dictae
781 1333 1033 1379 congregationis
1052 1341 1080 1367 et

329 1383 502 1418 visitatores
524 1383 571 1417 vel
594 1383 775 1419 definitores
797 1383 936 1429 capituli,
959 1391 1010 1416 aut
1029 1394 1082 1428 per

328 1444 394 1473 eOS,
413 1433 528 1479 quibus
555 1432 613 1479 ipsi
635 1433 779 1467 duxerint
806 1431 1080 1467 committendum.

378 1481 398 1528 g
425 1483 458 1516 6.
487 1481 527 1516 Et
555 1481 640 1528 quod
671 1481 842 1529 capitulum
871 1481 971 1515 dictae
999 1492 1082 1515 cou-

329 1531 521 1576 gregationis
542 1531 675 1576 singulis
697 1531 788 1566 annis
812 1532 840 1564 in
870 1530 939 1564 loco
954 1538 984 1564 et
1002 1538 1082 1563 teui-

332 1591 405 1626 pore
427 1580 549 1614 statutis
571 1580 759 1621 celebretur,
788 1579 826 1614 ad
849 1579 933 1625 quod
961 1587 1081 1613 tautum

329 1628 476 1663 accedere
490 1629 626 1663 debeant
642 1629 813 1664 visitatores
828 1637 857 1662 et
870 1628 984 1674 singuli
1000 1640 1084 1674 prae-

331 1678 380 1712 lati
398 1678 659 1713 monasteriorum
678 1692 731 1713 seu
752 1678 892 1712 locorum
910 1690 981 1711 cum
998 1677 1083 1711 socio

330 1727 497 1761 cuiuslibet
521 1728 700 1762 monasterii
724 1727 850 1761 electoa
875 1726 983 1761 maiori
998 1735 1083 1772 parte

331 1784 505 1810 conventus
521 1777 689 1811 cuiuslibet
700 1785 832 1810 monast.
847 1776 947 1810 dictae
957 1787 1085 1821 congre-

331 1825 476 1871 gationis.
492 1825 531 1860 Et
546 1826 571 1860 si
589 1826 748 1871 continget
775 1838 840 1864 eos,
863 1825 916 1871 qui
937 1824 974 1858 ad
994 1837 1085 1858 coui-

333 1886 427 1908 mune
443 1875 615 1922 capitulum
641 1876 804 1920 utriusque
826 1874 920 1920 partis
943 1881 1017 1908 sunt
1039 1886 1086 1908 ac-

332 1924 466 1964 cessuri,
490 1936 550 1958 non
566 1936 635 1959 esse
647 1924 802 1971 aequales,
826 1923 969 1957 volumus
985 1931 1016 1957 ut
1033 1935 1086 1969 per

332 1972 516 2007 electionem
532 1973 570 2007 ita
583 1973 767 2020 suppleatur
781 1986 796 2007 a
814 1981 898 2019 parte
918 1972 1085 2011 deficienti,

334 2029 367 2056 ut
387 2022 548 2068 aequalitas
571 2023 599 2056 in
624 2034 755 2057 numero
777 2022 948 2057 electorum
975 2021 1087 2055 obser-

334 2083 443 2120 vetur,
458 2083 488 2110 et
508 2076 536 2109 in
565 2076 666 2122 primo
689 2075 793 2110 futuro
816 2075 977 2110 communi
1002 2074 1087 2121 capi-

335 2128 401 2162 tulo
422 2129 483 2163 hoc
510 2128 690 2169 dumtaxat;
710 2128 858 2176 quodque
882 2129 993 2163 electio
1013 2127 1086 2161 dicti

335 2182 422 2223 socii,
437 2182 491 2229 qui
507 2182 661 2217 discretus
673 2182 918 2228 nuncupabitur,
935 2181 1087 2228 pertineat

336 2243 457 2270 tantum
486 2235 523 2270 ad
552 2248 702 2270 monacos
722 2236 879 2283 [wosessos
901 2235 949 2269 sni
973 2247 1088 2269 mona-

336 2290 420 2324 sterii
445 2297 514 2336 post
542 2289 762 2333 biennium,et
791 2289 821 2322 in
846 2288 956 2322 eodem
980 2301 1090 2322 mona-

337 2343 433 2377 sterio
447 2354 502 2390 per
516 2343 698 2377 definitores
717 2341 856 2388 capituli,
873 2341 919 2375 vel
936 2353 990 2387 per
1008 2353 1090 2387 prae·

338 2395 493 2430 sidentem
513 2404 543 2430 et
565 2396 741 2430 visitatores
755 2395 855 2429 dictae
878 2395 1093 2440 congregatio-

340 2449 388 2484 nis
414 2449 596 2496 deputatos;
631 2458 661 2484 et
692 2448 777 2495 quod
807 2448 912 2482 nullus
941 2460 1093 2482 monacus

338 2509 410 2537 ante
432 2502 595 2537 biennium
617 2503 807 2549 completum
824 2510 891 2549 post
915 2513 1003 2536 suam
1020 2513 1094 2548 pro-

340 2555 522 2600 fessionem,
544 2557 641 2591 autin
666 2555 790 2603 publica
806 2554 995 2602 poenitentia
1016 2566 1093 2589 con-

341 2608 482 2654 stitutus,
502 2616 556 2644 aut
582 2608 890 2650 excommunicatus,
922 2608 1018 2654 possit
1057 2608 1093 2642 ad

1740 237 1809 246 -σ--ι

1131 249 1160 270 Vl
1186 249 1234 270 Pt'.
1741 249 1809 269 ,ΗΟ

1878 246 1926 271 Au.
1944 246 1972 270 C.
1996 245 2059 271 ¹007

1111 300 1478 349 praefatamelectionem
1501 299 1577 335 socii
1594 299 1639 335 vel
1663 299 1789 335 discreti
1804 301 1863 335 ad-

1112 351 1206 392 mini,
1234 362 1269 385 ac
1296 349 1381 397 quod
1405 349 1565 397 perpetuis
1594 349 1705 385 suturis
1733 357 1863 396 tempo—

1112 400 1199 435 ribus
1220 399 1387 434 celebratio
1410 398 1537 446 capituli
1565 398 1667 434 dictae
1689 410 1864 445 cougrega-

1113 450 1205 484 tiouis
1241 457 1361 484 tantum
1395 449 1546 494 pertineat
1574 447 1611 482 ad
1640 448 1814 482 visitatores
1836 456 1866 482 et

1114 500 1266 545 praelatos
1295 498 1557 532 monasteriorum
1587 510 1642 532 seu
1664 497 1806 532 locorum
1835 497 1865 530 in

1115 549 1182 595 ipso
1205 547 1343 593 capitulo
1369 547 1530 582 absolutos
1548 559 1583 581 ac
1606 546 1644 581 ad
1663 546 1818 582 discretos
1835 553 1868 580 ut

1114 609 1207 643 supra
1235 596 1361 630 electos.

1163 651 1178 689 ᾗ
1202 648 1232 679 7.
1266 645 1306 679 Et
1339 644 1376 679 ad
1406 645 1490 692 ipsos
1512 644 1596 679 solos
1617 652 1735 691 spectet
1757 644 1867 679 electio
1890 655 2070 690 moratoriam..-

1116 695 1318 729 definitorum
1342 706 1398 727 seu
1427 702 1585 728 rectorum
1614 693 1743 741 capituli
1767 693 1868 728 dictae
1883 685 2067 743 Zffl',²,‚¹e⁰,s12?‚2‘:

1116 743 1399 789 congregationis3
1432 751 1461 777 et
1494 743 1577 790 quod
1606 743 1767 790 quaelibet
1789 755 1868 790 per—
1884 746 2068 797 qrongodofflffi-

1117 804 1212 827 sonae
1239 793 1338 826 dictae
1366 792 1619 837 congregationis
1642 804 1773 838 poenam
1804 792 1870 839 pri·
1884 783 1931 798 ΜΠ
1949 784 1967 797 ¹*

1119 841 1249 875 rationis
1281 841 1365 875 vocis
1405 841 1521 875 activae
1563 848 1593 875 et
1636 841 1776 887 passivae
1816 853 1871 888 per

1119 899 1288 925 triennium
1318 898 1520 929 continuum,
1554 902 1589 924 ac
1624 898 1716 924 etiam
1739 902 1870 925 excom-

1120 938 1342 973 municationis
1364 938 1443 972 latae
1459 940 1632 973 sententiae
1652 951 1783 985 poenam
1802 939 1871 985 ipso

1120 988 1199 1022 sacto
1223 988 1393 1028 incurrant,
1412 999 1427 1021 a
1447 999 1506 1034 qua
1527 999 1588 1021 uon
1606 987 1726 1033 possint
1741 987 1870 1028 absolvi,

1122 1044 1339 1084 praeterquam
1354 1036 1385 1070 in
1399 1036 1509 1071 mortis
1522 1037 1653 1071 articulo
1671 1038 1871 1077 constitutae,

1122 1086 1179 1120 nisi
1213 1098 1230 1120 a
1259 1085 1456 1132 praesidente
1491 1085 1593 1120 dictae
1619 1086 1873 1132 congregationis

1123 1136 1166 1170 vel
1190 1134 1228 1168 ab
1250 1147 1304 1179 eo,
1327 1135 1378 1169 cui
1407 1135 1474 1181 ipse
1502 1134 1714 1179 commiserit,
1737 1146 1817 1182 quae
1841 1135 1872 1168 in

1123 1183 1353 1231 praedictorum
1389 1183 1598 1218 discretorum
1617 1211 1624 1224 ,
1647 1183 1848 1218 definitorum
1866 1211 1874 1224 ,

1124 1233 1357 1280 praelatorum,
1388 1232 1597 1279 praesidentis
1619 1240 1650 1267 et
1676 1233 1873 1267 visitatorum

1122 1282 1276 1317 electione
1304 1281 1397 1316 verbo
1417 1281 1463 1315 vel
1484 1282 1601 1328 scripto
1623 1281 1731 1327 alicui,
1758 1282 1876 1317 directe

1124 1332 1169 1366 vel
1194 1330 1368 1375 indirecte,
1393 1343 1447 1377 per
1482 1343 1515 1365 se
1552 1330 1599 1365 vel
1627 1331 1745 1371 alium,
1769 1339 1875 1366 votum

1123 1393 1214 1415 suurn
1233 1408 1240 1421 ,
1276 1380 1314 1414 de
1344 1379 1488 1426 praelatis
1516 1392 1570 1414 seu
1605 1379 1820 1415 visitatoribus
1846 1388 1877 1414 et

1125 1430 1322 1477 praesidente
1339 1441 1374 1463 ac
1390 1429 1524 1463 discreto
1535 1428 1809 1463 veldefiuitoribus
1823 1429 1876 1463 eli-

1124 1479 1248 1525 gendis,
1268 1478 1535 1525 exposuerintaut
1546 1479 1768 1525 expresserint.
1783 1477 1876 1513 Salvo

1124 1528 1207 1574 quod
1237 1527 1418 1575 praesidens
1453 1527 1582 1573 capituli
1619 1528 1729 1574 possit,
1752 1527 1781 1560 iu
1806 1527 1875 1562 loco

1125 1577 1293 1612 definitor-ii
1319 1576 1490 1617 dumtaxat,
1506 1588 1610 1611 coram
1633 1575 1704 1610 aliis
1726 1575 1878 1611 definito-

1126 1626 1214 1660 ribus
1237 1625 1283 1660 vel
1307 1625 1416 1660 saltem
1439 1625 1548 1660 maiori
1574 1632 1659 1671 parte
1677 1637 1876 1669 eorum,n0n

1126 1675 1269 1722 privatim
1295 1675 1340 1709 vel
1364 1682 1496 1719 secrete,
1518 1674 1573 1708 sed
1596 1674 1725 1721 publice
1752 1682 1782 1709 et
1805 1687 1878 1709 ma—

1126 1724 1256 1765 nifeste,
1279 1723 1401 1770 aliquas
1429 1735 1580 1770 personas
1608 1723 1737 1758 idoneas
1772 1724 1880 1758 nomi—

1127 1786 1200 1808 nare
1223 1783 1253 1808 et
1282 1785 1337 1819 per
1361 1773 1489 1807 modum
1518 1779 1666 1807 tractatus
1690 1784 1879 1820 proponere,

1127 1835 1160 1856 ac
1197 1835 1250 1857 eos
1282 1822 1320 1856 ad
1353 1821 1518 1856 utilitatem
1551 1822 1815 1856 monasteriorum
1850 1829 1881 1855 et

1127 1872 1259 1906 salutem
1283 1872 1459 1906 animarum
1488 1871 1605 1905 hortari
1636 1878 1669 1905 ut
1692 1871 1793 1918 magis
1815 1871 1882 1905 suf-

1128 1921 1270 1955 ficientes
1297 1928 1328 1955 et
1355 1920 1487 1955 idoneos
1506 1920 1661 1967 praelatos
1683 1920 1797 1967 eligere
1819 1919 1882 1954 de-

1130 1969 1233 2005 beant.

1178 2019 1198 2066 ἓ
1220 2021 1252 2053 8.
1276 2018 1437 2066 Quodque
1464 2017 1599 2064 singulis
1621 2017 1726 2062 annis,
1742 2025 1883 2064 tempore
1911 2029 2004 2064 tammo
2021 2030 2082 2055 caps-

1130 2073 1269 2120 capituli,
1294 2081 1460 2120 postquam
1490 2071 1619 2118 praelati
1644 2083 1680 2106 ac
1708 2070 1883 2105 visitatores
1897 2061 2083 2111 ffili⁰2i2i³⁵ffi<fj

1131 2127 1234 2161 locum
1259 2126 1386 2173 capituli
1410 2125 1606 2163 intraverint,
1633 2136 1745 2159 omnes
1767 2132 1797 2158 et
1819 2122 1943 2158 sin—¹¹¹¹³·

1130 2180 1213 2225 guli,
1245 2188 1305 2214 tam
1344 2186 1527 2226 praesentes
1555 2189 1649 2225 quam
1678 2177 1841 2218 absentes,
1868 2189 1885 2211 a

1132 2234 1198 2269 suis
1216 2232 1328 2268 officiis
1346 2241 1376 2267 et
1395 2231 1598 2278 dignitatibus
1613 2231 1817 2265 absolvantur
1831 2243 1887 2277 per

1134 2286 1511 2334 pi·aesidentem.Quibus
1523 2284 1787 2326 absolutis,etiam
1800 2295 1888 2331 prae-

1133 2340 1239 2374 sidens
1260 2339 1361 2373 dictae
1379 2337 1631 2385 congregationis
1650 2349 1683 2372 sc
1705 2337 1886 2372 absolutum

1135 2393 1268 2437 nuntiet,
1291 2400 1321 2427 et
1348 2404 1385 2426 ex
1414 2401 1488 2427 tuuc
1510 2392 1663 2439 incipiant
1682 2390 1787 2426 locum
1810 2403 1887 2426 suae

1137 2446 1342 2494 professionis
1365 2454 1481 2480 tenere.

1183 2501 1203 2547 ἓ
1229 2504 1262 2534 9.
1298 2500 1338 2533 Et
1366 2499 1491 2533 demum
1517 2499 1547 2533 in
1576 2498 1644 2546 ipso
1666 2498 1736 2533 loco
1759 2497 1887 2545 capituli
1909 2506 2088 2527 Definitoresno-

1902 2539 1948 2553 vern
1960 2533 2052 2558 eligendi
2062 2538 2087 2553 ex

1136 2553 1290 2600 eligantur
1312 2565 1422 2588 noveni
1445 2552 1627 2587 definitores
1649 2563 1704 2598 per
1722 2551 1888 2596 discretos,
1904 2560 2087 2611 ggisb-siffeggffigg

1139 2608 1294 2654 praelatos
1313 2615 1342 2641 et
1369 2606 1541 2641 visitatores
1564 2606 1743 2653 praedictos
1760 2605 1818 2640 iam
1835 2604 1889 2640 ab·
1904 2612 1998 2638 carn-1¹1,
