2281 3251
464 281 535 316 ’754

463 348 579 383 Datum
602 346 723 382 Romae
739 343 821 392 apud
844 342 996 379 Sanctum
1020 342 1165 383 Petrum,

413 397 474 432 sub
496 397 614 432 annulo
636 394 817 434 piscatoris,
833 393 882 428 die
904 393 1025 428 decima
1041 391 1167 427 decem-

994 286 1182 312 ornantem
1210 285 1372 311 nonusmt
1981 281 2031 309 Αη.
2045 280 2074 308 c.
2095 278 2161 309 ¹520

1208 342 1383 388 cupientes,
1401 352 1473 375 cum
1490 338 1737 375 intellexerimus
1753 336 1963 386 supplicatio·
1991 342 2100 365 sstem-¹0
2110 343 2163 364 Pon-

1210 404 1265 426 nes
1292 390 1563 437 dispensationum
1593 388 1775 424 huiusmodi
1811 387 1963 423 retentio-
1977 374 2163 434 ffiifimstmssss

214 293 261 319 An.
280 291 308 318 C.
330 291 398 320 tuto

241 1443 310 1465 Sixtus
326 1443 354 1464 [V
378 1446 400 1464 et

215 1474 280 1496 lulius
306 1474 334 1498 11,
358 1474 400 1495 Ro-

214 1507 269 1527 mani
279 1506 400 1531 Pontifices,

215 1541 334 1559 statuerunt
347 1543 400 1565 quae

214 1570 276 1591 modo
303 1569 401 1591 referun-

214 1604 255 1621 tur.

415 447 500 490 bris,
538 446 705 481 millesimo
740 443 995 491 quingentesimo
1023 441 1167 477 decimo-

414 508 510 541 nono,
538 494 739 543 pontificatus
761 493 859 528 nostri
888 504 972 527 anno
999 503 1057 526 vn.

434 557 493 588 Dat.
509 558 555 588 die
573 557 610 588 10
625 555 790 587 decembris
810 555 894 592 1519,
909 559 988 595 pont.
1005 563 1080 584 anno
1099 562 1148 583 vu.
1187 571 1189 598 Ι

676 737 814 774 xxxix
842 740 898 782 (t).

413 821 460 855 De
487 822 534 855 his
559 832 637 866 quae
666 821 784 854 serrari
820 820 925 853 debent
956 819 1039 852 circa
1071 818 1166 862 impe-

463 872 626 906 trationem
647 871 861 915 beneficiorum
888 868 1160 903 conct'storialt'um.

683 948 898 980 SUtttMARtUM

415 1016 512 1046 Sixtus
536 1018 659 1054 quartus
688 1018 717 1043 et
734 1012 827 1043 Iulius
851 1010 1021 1048 secundm,
1044 1010 1168 1040 Romani

453 1059 621 1096 Pontifices,
630 1062 796 1089 statuerunt
807 1066 882 1096 quae
891 1056 977 1086 modo
989 1054 1168 1085 referuntur.

452 1120 490 1126 —
502 1104 530 1134 1.
548 1103 600 1134 Hic
617 1103 703 1134 modo
720 1102 852 1132 Pontifex
864 1102 967 1131 eadem
983 1099 1127 1139 approbat
1143 1104 1170 1129 et

453 1148 592 1184 extendit,
613 1164 653 1171 —
679 1147 707 1177 ⁶2.
735 1146 911 1186 Servarique
934 1145 1063 1175 mandat.
1082 1161 1121 1167 —
1142 1144 1168 1174 3.

452 1191 608 1222 Clausulae
627 1191 872 1231 praeservativae.
900 1207 940 1213 —
963 1190 992 1220 4.
1011 1188 1169 1219 Clausulac

452 1236 664 1276 derogatoriae.
681 1253 721 1258 —
739 1235 914 1265 Publicasso.

547 1313 596 1341 Leo
612 1312 683 1348 Papa
694 1311 728 1345 X.
743 1312 821 1340 motu
835 1311 958 1347 proprio,
975 1311 1030 1339 etc.

463 1385 544 1421 Cum
574 1384 685 1419 Sixtus
704 1383 746 1419 lV
764 1392 794 1419 et
813 1383 914 1418 lulius
935 1383 963 1417 lt
979 1391 1008 1418 et
1024 1381 1168 1417 nonnulli

414 1435 464 1470 alii
495 1435 754 1481 praedecessores
781 1434 891 1478 nostri,
908 1432 1103 1480 providendo
1131 1444 1169 1467 ne

417 1484 488 1523 illis,
515 1484 554 1519 de
576 1496 708 1531 quorum
727 1483 870 1531 personis
893 1482 1037 1517 ecclesiis
1060 1480 1168 1516 cathe-

415 1533 556 1569 dralibus
576 1543 606 1569 et
628 1532 880 1580 metropolitanis
915 1544 950 1567 ac
969 1530 1169 1566 monasteriis

415 1583 691 1619 concistorialibns
715 1582 916 1629 providetur,
933 1593 990 1616 seu
1010 1581 1075 1628 ipsa
1100 1593 1170 1615 mo-

415 1634 549 1668 nasteria
569 1633 846 1672 commendantur,
859 1631 1079 1679 prorogatione
1093 1642 1169 1665 con-

414 1683 533 1718 cistorii
558 1682 786 1730 praeiudicium
805 1682 869 1717 sive
885 1681 1010 1716 occasio
1025 1680 1167 1727 litigandi

415 1733 594 1774 inferretur,
619 1731 884 1767 constituerintet
907 1730 1120 1765 ordinaverint
1138 1738 1171 1764 ut

414 1782 665 1830 supplicationes
687 1781 825 1828 desuper
851 1780 1054 1827 signarentur
1069 1788 1099 1814 et
1114 1779 1171 1814 da-

415 1840 568 1873 tarentur,
595 1832 633 1867 ad
661 1843 795 1878 quarum
816 1830 904 1865 datas
927 1830 1076 1865 caedulae
1099 1842 1171 1864 con-

415 1882 591 1918 cistoriales
619 1880 917 1923 retrotraherentur,
945 1879 1020 1914 alias
1053 1879 1171 1914 nullius

415 1940 522 1967 essent
545 1931 668 1967 roboris
701 1930 749 1965 vel
778 1930 953 1970 momenti;
985 1941 1106 1963 necnon
1139 1937 1171 1962 nt

415 1981 547 2016 Camera
578 1979 761 2028 Apostoliea
784 1988 814 2014 et
836 1991 960 2013 sacrum
985 1979 1170 2013 dilectorum

415 2030 550 2076 filiorum
574 2030 779 2065 cardinalium
794 2028 978 2075 collegium,
991 2041 1062 2063 cum
1087 2028 1172 2075 peri-

416 2079 489 2115 culo
512 2079 765 2128 promoventium
783 2079 972 2118 animarum,
994 2090 1102 2113 eorum
1125 2078 1171 2111 in-

419 2130 504 2165 ribus
526 2139 556 2165 et
571 2129 695 2164 annatis
719 2141 780 2164 non
794 2127 1069 2171 defraudarentur,
1083 2127 1172 2161 simi-
1193 2134 1194 2157 t

418 2179 490 2214 liter
511 2179 734 2214 constituerint
761 2187 790 2213 et
813 2177 1027 2213 ordinaverint
1057 2184 1089 2211 ut
1109 2176 1174 2211 lite·
1194 2202 1195 2206 ,

419 2241 470 2264 rae
494 2229 682 2276 provisionis
698 2228 762 2263 sive
785 2227 992 2263 commendae
1020 2225 1173 2261 ecelesia·
1194 2234 1196 2252 J

420 2291 489 2314 rum
520 2278 775 2322 cathedralium,
804 2276 1119 2323 metropolitanarum
1145 2285 1173 2310 et

421 2328 683 2363 monasteriorum
702 2326 982 2367 concistorialium,
997 2326 1066 2361 sine
1081 2325 1175 2359 literis

420 2377 706 2426 dispensationum,
734 2385 763 2412 et
785 2376 918 2411 aliorum
948 2375 1173 2411 beneficiorum

420 2427 626 2463 saecularium
663 2436 692 2461 et
729 2426 922 2473 regularium
938 2453 947 2470 ,
984 2437 1019 2461 ac
1055 2425 1176 2472 pensio-

420 2490 496 2512 num
520 2489 808 2524 quarumcumque,
837 2489 898 2511 non
937 2475 1174 2522 expedirentur.
1197 2489 1199 2513 t

469 2527 489 2574 g
513 2529 543 2561 1.
572 2526 722 2573 vestigiis
750 2525 1028 2573 praedecessorum
1059 2524 1175 2559 inhac-

422 2576 540 2621 rendo,
563 2588 598 2611 ac
625 2575 797 2611 maioribus
821 2575 986 2610 fraudibus
1009 2586 1177 2610 occurrere

457 2647 496 2682 (l)
516 2647 586 2674 Haec
611 2647 660 2674 sub
683 2655 794 2674 numero
812 2654 923 2674 xxxviii
950 2647 975 2673 in
997 2645 1073 2674 Rom.
1105 2645 1174 2672 Edit.
1197 2621 1200 2663 i

422 2690 516 2727 legitur
533 2692 570 2727 (n.
589 2692 639 2727 τ.).
1195 2666 1201 2714 l

1211 453 1284 474 num
1314 439 1576 475 monasteriorum
1607 446 1637 473 et
1672 438 1897 473 beneficiorum
1927 438 2054 472 ac²0⁰⁶⁵‘¹

1211 488 1640 536 pensionum'praedictarum
1654 487 1691 522 ad
1707 495 1824 534 partem
1834 487 1963 533 signari,

1187 542 1189 567 Ι
1210 549 1238 573 et
1260 539 1299 574 de
1316 539 1376 573 illis
1399 539 1429 573 in
1448 537 1589 573 caedulis
1606 536 1880 572 concistorialibus
1897 535 1963 571 nul-

1187 603 1189 619 ι’
1211 590 1269 623 lam
1283 589 1478 623 mentionem
1496 587 1560 622 lieri
1581 586 1618 621 ad
1633 586 1779 621 effectum
1812 586 1963 621 utliterae

1209 638 1426 676 ecclesiarum,
1451 637 1714 672 monasteriorum
1731 635 1962 683 praedictorum

1210 696 1319 723 contra
1353 687 1571 723 ordinationes
1602 686 1774 732 praedictas
1801 685 1898 720 libere
1925 684 1964 719 ad

1210 750 1320 772 eorum
1344 738 1467 772 libitum
1484 736 1627 783 expediri
1650 735 1751 770 facere
1766 735 1905 770 valeant:
1922 734 1966 769 id-

1210 788 1294 822 circo
1308 795 1393 822 motu
1418 787 1545 833 proprio
1561 794 1591 820 et
1610 797 1646 820 ex
1666 794 1748 820 certa
1771 784 1902 819 scientia
1929 795 1966 819 ac

1210 837 1248 872 de
1264 845 1388 872 nostrae
1405 836 1565 883 potestatis
1585 834 1795 882 plenitudine,
1808 832 1965 880 praedicta

1212 887 1356 922 mandata
1372 895 1401 921 et
1417 886 1634 920 ordinationes
1649 883 1863 926 extendimus,
1877 894 1913 917 ae
1927 882 1966 917 de

1213 948 1292 971 novo
1318 936 1535 979 decernimus,
1558 934 1768 973 declaramus,
1795 932 1966 967 statuimus

1212 995 1241 1021 et
1265 985 1451 1021 ordinamus
1473 993 1508 1019 ut
1532 997 1587 1031 per
1608 994 1825 1031 quascumque
1840 981 1966 1029 suppli-

1211 1036 1371 1076 cationes,
1403 1036 1495 1070 etiam
1527 1042 1611 1068 motu
1642 1033 1782 1080 proprio,
1808 1032 1867 1066 sub
1894 1031 1968 1078 qui-

1213 1085 1320 1120 busvis
1335 1085 1417 1120 datis
1430 1085 1459 1118 in
1476 1092 1635 1131 posterum
1652 1081 1822 1130 signandas
1835 1081 1968 1128 dispen-

1212 1135 1369 1170 sationum
1387 1134 1598 1169 retentionum
1615 1143 1892 1180 quorumcumque
1904 1143 1967 1165 mo-

1215 1185 1424 1219 nasteriorum
1456 1192 1487 1218 et
1517 1182 1743 1218 beneficiorum
1773 1180 1966 1228 regularium

1213 1243 1242 1269 et
1268 1234 1500 1271 saecularium,
1528 1245 1563 1267 ae
1585 1242 1859 1279 quarumcumque
1889 1242 1968 1277 pen-

1213 1284 1341 1318 sionum
1369 1291 1400 1318 et
1419 1282 1570 1318 similium
1595 1281 1822 1316 beneficiorum
1851 1291 1968 1315 vacan-

1213 1334 1291 1368 tium
1320 1341 1349 1367 et
1371 1333 1559 1380 pensionum
1583 1332 1801 1366 translatarum
1831 1342 1886 1375 per
1914 1329 1970 1364 liu·

1214 1382 1350 1417 iusmodi
1380 1382 1595 1429 promotiones
1618 1389 1648 1415 et
1669 1379 1876 1415 commendas
1891 1391 1969 1413 con-

1212 1433 1398 1476 cistoriales,
1423 1431 1541 1466 nullius
1556 1431 1617 1464 sint
1640 1430 1774 1474 roboris,
1794 1441 1851 1464 uec
1870 1429 1899 1463 in
1915 1429 1970 1463 ali-

1213 1494 1276 1529 quo
1292 1481 1413 1516 eisdem
1439 1481 1581 1528 personis
1598 1479 1731 1527 provisis
1746 1479 1967 1526 suffragentur;

1212 1537 1266 1571 sed
1291 1536 1480 1571 monasteria
1503 1543 1533 1570 et
1556 1533 1708 1569 beneficia
1733 1532 1890 1581 praedicta
1914 1544 1970 1580 per

1214 1590 1393 1625 huiusmodi
1419 1588 1636 1637 promotiones
1656 1587 1814 1635 impetrari
1836 1587 1969 1636 possint,

1213 1656 1248 1679 ac
1275 1644 1447 1692 pensiones
1475 1652 1612 1678 cassatae
1642 1651 1671 1677 et
1696 1642 1851 1678 extinctae
1874 1640 1970 1676 intel-

1214 1699 1360 1745 ligantur,
1383 1698 1442 1733 nisi
1464 1697 1494 1732 in
1517 1697 1658 1732 caedulis
1682 1696 1852 1744 praedictis
1873 1707 1971 1743 super

1214 1754 1275 1788 illis
1302 1753 1515 1801 dispensetur,
1537 1761 1566 1787 et
1589 1752 1749 1787 benefieiis
1776 1752 1822 1787 sic
1849 1763 1971 1787 vacan-

1215 1807 1298 1842 tibus
1314 1808 1474 1854 provisum
1489 1807 1541 1848 sit,
1563 1818 1598 1841 ac
1613 1806 1862 1854 supplicationes
1878 1817 1970 1853 prae-

1213 1861 1315 1896 dictae
1340 1861 1603 1897 retrotrahantur.

1262 1922 1278 1960 ἕ
1300 1921 1332 1950 2.
1356 1916 1543 1951 Mandantes
1572 1923 1736 1963 propterea
1760 1915 1875 1950 dilecto
1908 1914 1972 1949 filio

1215 1979 1322 2006 nostro
1337 1971 1428 2011 Iulio,
1447 1971 1526 2005 tituli
1543 1970 1575 2005 S.
1597 1970 1758 2005 Laurentii
1783 1970 1812 2003 in
1832 1969 1971 2004 Damaso

1216 2025 1396 2072 presbytero
1407 2024 1569 2065 cardinali,
1585 2033 1792 2059 sacrosanctae
1807 2022 1971 2058 Romanae

1193 2110 1194 2129 ἶ
1216 2079 1376 2114 Ecclesiae
1391 2078 1659 2122 vicecancettarto,
1673 2077 1815 2112 eiusdem
1830 2076 1972 2112 Camerae

1215 2133 1417 2179 Apostolieae
1433 2133 1553 2178 regenti
1570 2141 1600 2167 et
1622 2132 1746 2167 dilectis
1760 2131 1834 2166 liliis
1849 2131 1887 2166 de
1907 2143 1970 2166 ma-

1194 2187 1272 2229 ,iori
1303 2187 1508 2234 praesidentia
1537 2185 1808 2220 abbreviatoribus
1840 2192 1869 2219 et
1903 2185 1973 2219 aliis

1195 2268 1196 2275 ,
1216 2241 1419 2286 ellicialibus,
1432 2241 1469 2276 ad
1486 2253 1567 2288 quos
1589 2239 1749 2287 expeditio
1767 2238 1922 2273 dictarum
1939 2238 1974 2272 li-

1217 2303 1354 2330 terarum
1370 2304 1502 2343 spectat,
1527 2294 1748 2343 praesentibus
1771 2301 1801 2328 et
1818 2305 1874 2340 pro
1889 2301 1971 2327 tem-

1219 2362 1294 2397 pore
1317 2349 1538 2390 existentibus,
1553 2349 1612 2384 sul)
1628 2359 1725 2393 poena
1749 2347 1971 2382 excommuni-

1219 2405 1352 2439 cationis
1374 2403 1454 2438 latae
1481 2402 1667 2440 sententiae,
1691 2409 1723 2436 ut
1743 2413 1889 2448 praeseus
1913 2413 1971 2437 no-

1196 2467 1316 2493 ·strum
1340 2458 1502 2493 decretum
1531 2466 1561 2492 et
1581 2456 1764 2491 mandatum
1797 2456 1973 2503 praedicto-

1196 2519 1288 2548 'rum
1319 2523 1498 2548 nostrorum
1527 2511 1807 2560 praedecessorum
1841 2510 1974 2545 inviola-

1219 2566 1322 2602 hiliter
1347 2567 1513 2602 observent
1542 2574 1571 2602 et
1607 2565 1764 2600 observari
1793 2564 1907 2599 saciant
1942 2571 1974 2600 et

1220 2621 1383 2656 mandent.

1267 2675 1287 2722 5
1310 2678 1341 2710 5.
1365 2675 1413 2710 Ae
1434 2675 1527 2710 simili
1551 2674 1645 2710 modo
1667 2672 1971 2719 volumus‚manda-

2019 1933 2147 1961 Servniqu·

2037 1965 2132 1986 mand-t.
