2281 3251
272 261 321 289 An.
344 261 374 289 C.
389 261 458 289 ¹515

521 252 592 286 588

471 317 667 354 formationis
682 316 751 351 Iulii
775 316 1026 372 praedecessoris
1040 315 1222 352 huiusmodi

472 368 638 407 contentis,
653 379 712 401 nec
725 366 865 401 materiis
877 365 913 400 ad
926 378 959 401 se
975 378 1036 401 non
1054 366 1222 413 pertinen—

472 417 554 452 tibus
576 429 705 452 manum
728 415 863 451 mittant.
889 415 923 450 In
951 416 1155 450 contradictis
1182 415 1223 450 le-

469 467 580 513 gendis
593 465 696 501 debita
713 474 840 500 utantur
855 465 1014 511 diligentia
1030 474 1060 500 et
1077 465 1151 510 lide,
1165 477 1222 500 nec

470 517 499 550 in
523 516 568 551 eis
594 527 717 551 rasuras
743 516 854 550 faciant
878 515 968 558 ullas,
984 516 1165 563 praesertim
1190 515 1220 549 in

470 565 551 600 datis
565 574 593 600 et
612 566 776 600 nominum
797 565 1036 606 mutationibus,
1053 566 1154 612 legant
1169 577 1222 599 eas

468 615 528 649 alta
548 623 578 649 et
598 615 786 661 intelligibili
804 627 878 650 toce
893 614 994 650 tribus
1008 615 1118 650 saltem
1137 627 1223 662 prae·

468 664 624 709 sentibus,
639 673 668 700 et
682 665 814 700 lectasin
834 665 898 699 [ilza
915 666 1024 700 saltem
1042 677 1095 712 per
1112 664 1220 699 horam

468 722 606 755 teneant,
620 723 649 749 et
664 724 831 763 antequam
844 715 919 762 parti
933 715 1106 754 tradantur,
1117 714 1221 750 videre

468 776 520 799 eas
542 764 760 812 cupientibus,
783 765 852 799 illac
876 765 921 800 eis
947 764 1156 800 ostendantur
1181 764 1219 800 ad

468 814 622 849 tollendas
655 815 792 850 fraudes.
821 814 970 850 Lectores
997 814 1136 862 deputati
1167 827 1221 861 per

467 864 589 910 seipsos
608 876 669 899 non
689 873 792 899 autem
818 877 872 911 per
893 864 1080 900 substitutos
1103 865 1220 911 legant,

467 914 526 948 nisi
550 914 613 948 sint
635 914 783 949 officiales
805 927 905 962 aeque
928 914 1032 949 idonei
1058 927 1112 962 per
1134 914 1221 949 audi·

468 973 567 998 torem
591 963 766 1012 approbati.
790 964 853 1000 Pro
869 964 984 999 lectura
1002 965 1142 1000 contenti
1159 965 1220 999 sint

466 1014 591 1061 antiqua
608 1014 766 1059 mercede,
788 1027 845 1050 nec
864 1014 934 1061 plus
956 1015 1085 1049 omnino
1114 1023 1219 1061 petere

466 1071 519 1098 aut
533 1064 660 1110 exigere
676 1065 808 1112 possint,
824 1065 990 1112 subpocna
1005 1065 1115 1112 viginti
1129 1065 1219 1100 duca-

467 1122 584 1159 torum,
597 1126 654 1162 pro
669 1114 809 1162 qualibet
824 1115 889 1150 vice
906 1123 936 1149 et
950 1115 1091 1162 quolibet
1106 1128 1219 1162 snpra-

466 1163 622 1199 dictorum
646 1177 788 1210 casuum,
802 1165 1003 1213 supradictae
1027 1164 1160 1200 fabricae
1182 1177 1219 1200 eo

467 1214 537 1261 ipso
563 1214 835 1262 applicandorum.
859 1215 894 1250 In
921 1216 1126 1250 arrestatione
1149 1215 1219 1250 lite-

467 1276 571 1298 rarum
594 1272 623 1298 et
646 1264 762 1300 lectura
782 1265 1064 1301 instrumentorum
1080 1265 1217 1300 officium

467 1327 560 1348 suum
581 1313 714 1349 fideliter
735 1324 765 1349 et
787 1315 952 1361 diligenter
970 1323 1148 1360 exerceant,
1160 1315 1219 1350 sub

468 1364 658 1412 praescripta
683 1376 794 1412 poena.
823 1364 1050 1401 Procuratores
1071 1366 1219 1401 materias

469 1414 599 1448 iniustas
618 1423 649 1448 et
667 1414 834 1460 indebitas,
850 1427 903 1463 per
918 1416 998 1450 viam
1013 1416 1219 1451 correctionis

467 1463 604 1510 expediri
619 1464 809 1509 solitas,n0n
821 1474 1000 1513 procurent,
1014 1478 1071 1501 nec
1080 1466 1218 1501 minutas

467 1514 625 1548 literarum
653 1514 789 1550 forment
812 1523 918 1550 contra
934 1515 981 1551 vel
998 1523 1120 1563 praeter
1141 1528 1218 1551 con-

468 1564 630 1598 tinentiam
654 1564 812 1600 literarum
841 1574 872 1600 et
895 1566 1054 1601 veritatem
1080 1565 1216 1601 habitam

467 1625 522 1661 per
545 1613 810 1661 informationem,
827 1624 861 1650 nt
883 1615 1064 1663 frequenter
1083 1615 1148 1651 fieri
1163 1616 1218 1651 di-

466 1663 562 1704 citur,
592 1676 643 1708 ne,
665 1666 792 1701 ienitate
815 1666 844 1700 in
873 1665 1048 1701 memoriali
1071 1674 1216 1702 contenta

465 1714 639 1760 immutata,
655 1714 759 1750 literas
771 1716 954 1763 expediant,
972 1728 1052 1763 quae
1065 1716 1142 1751 alias
1163 1729 1217 1752 ex-

467 1763 565 1810 pediri
589 1776 652 1799 non
679 1773 834 1812 poterant
860 1765 1100 1802 Contrafaciens
1127 1779 1217 1812 x··‚eio

467 1825 522 1860 pro
550 1813 650 1860 prima
672 1816 750 1856 iice,
775 1828 873 1863 poena
897 1816 1005 1864 viginti
1029 1795 1217 1852 ducatoiurri

464 1864 529 1898 auri
549 1863 683 1899 fabricae
706 1866 885 1912 praedictae
909 1866 1172 1914 applicandorum
1188 1876 1217 1902 et

464 1914 685 1961 suspensionis
697 1915 735 1949 ab
748 1915 850 1951 officio
860 1929 975 1963 persex
988 1929 1111 1951 menses
1119 1930 1217 1964 poena

465 1963 653 2006 mulctetur;
681 1965 705 1999 si
725 1978 797 2001 vero
812 1966 952 2001 secundo
966 1967 1134 2022 culpabilis
1150 1967 1217 2002 fne-

465 2013 513 2058 rit,
526 2016 865 2052 excommunicationis
879 2024 908 2051 et
921 2016 1148 2064 quinquaginta
1162 2017 1218 2052 sso-

465 2076 613 2099 renorum
641 2065 786 2101 similiter
818 2066 1080 2114 applicandorum
1117 2080 1216 2114 poena

465 2119 631 2164 puniatur;
666 2121 756 2155 tertio
781 2133 852 2156 vero
878 2120 1091 2169 delinquens,
1114 2121 1217 2157 officio

466 2173 533 2220 ipso
556 2174 623 2210 iure
646 2175 784 2222 privatus
807 2176 935 2218 existat;
960 2176 1047 2222 item,
1071 2177 1217 2214 volumus

465 2227 549 2274 quod
573 2231 676 2264 omnia
694 2229 799 2265 brevia
822 2238 852 2266 ct
873 2230 980 2266 literae
996 2230 1217 2268 Poenitentia-

466 2283 550 2325 riae,
572 2283 603 2318 in
634 2285 752 2332 quibus
779 2286 1023 2321 committuntur
1045 2298 1157 2322 causae
1185 2287 1215 2321 in

466 2337 618 2385 partibus,
628 2339 693 2374 sive
707 2340 898 2387 signaturae‚
909 2353 988 2388 quae
1002 2340 1119 2376 habent
1135 2341 1218 2376 clau-

465 2392 563 2427 sulam
583 2394 705 2428 Vocati's
719 2397 877 2437 vocandis,
889 2395 925 2431 ad
937 2395 1108 2431 tollendum
1124 2408 1217 2431 scan-

464 2446 532 2482 dala
547 2446 726 2491 etfraudes,
745 2462 825 2497 quae
844 2450 986 2498 qnotidie
1010 2451 1217 2486 committun-

465 2511 516 2537 tur
538 2502 566 2537 in
590 2501 684 2539 Curia
707 2516 764 2552 per
790 2505 921 2541 callidos
932 2505 1162 2546 sollicitatores,
1187 2513 1217 2540 ct

464 2556 658 2593 advocantur
671 2559 832 2595 causaede
844 2559 940 2595 Curia
955 2560 1034 2596 etde
1047 2559 1141 2605 Rota,
1155 2559 1214 2605 legi

464 2610 598 2648 debeant
612 2622 684 2650 ante
699 2614 932 2662 expeditionem
951 2616 982 2651 in
999 2614 1216 2659 contradictis,

464 2675 557 2714 prout
583 2668 660 2704 aliae
686 2668 796 2706 literae
817 2670 940 2705 similes
966 2669 1133 2719 expeditae
1161 2681 1216 2717 per

1059 261 1247 285 BULLAntUu
1269 260 1430 284 ROMANUM

1264 315 1473 350 contradictus
1486 314 1647 362 leguntur,
1662 314 1728 350 sine
1738 313 1841 362 aliqua
1858 313 2016 351 solutione

1266 364 1309 399 iel
1330 364 1487 405 mercede,
1507 365 1538 399 in
1553 373 1705 412 quantum
1723 364 1752 399 id
1764 363 1933 400 commode
1947 364 2014 401 fieri

1266 415 1373 461 possit.

1311 464 1332 512 S
1358 466 1416 499 28.
1440 463 1686 499 Concistoriales
1706 464 1846 500 advocati
1863 476 1919 513 pro
1934 464 2017 512 peti-

1265 514 1348 549 tione
1375 513 1473 561 pallii,
1495 522 1526 548 et
1552 513 1673 549 fructus
1700 515 1851 550 ecclesiae
1874 526 1931 563 pro
1953 526 2015 562 qua

1265 564 1380 609 petitur
1395 564 1521 610 pallium
1546 564 1576 599 in
1600 563 1691 599 libris
1711 563 1862 600 Camerac
1878 565 2016 611 Aposto-

1265 614 1341 648 licae
1363 614 1401 649 ad
1422 614 1626 669 quingentos,
1650 622 1724 655 tres·
1746 614 1770 649 si
1790 626 1863 649 xero
1877 615 1914 649 ad
1930 615 2015 650 mille

1264 664 1354 698 taxati
1379 664 1592 712 reperiuntur,
1605 664 1760 719 quinque,
1776 664 1890 700 exinde
1907 677 2016 711 supra,

1262 714 1494 762 cuiuscumque
1523 722 1612 749 taxae
1636 726 1738 762 ipsius
1764 713 1916 750 ecclesiae
1942 713 2017 749 fru-

1262 773 1331 799 ctus
1353 764 1481 808 fuerint,
1504 764 1614 800 decem
1631 763 1761 799 ducatos
1783 763 1822 798 de
1838 772 1942 799 cetero
1963 776 2016 800 ca-

1264 814 1359 860 piant.
1388 792 1482 856 Quod
1511 814 1594 850 idem
1614 826 1711 862 super
1738 813 2016 849 commissionibus

1263 864 1292 898 in
1314 864 1440 911 publico
1462 865 1651 900 concistorio
1675 863 1889 911 proponendis
1911 863 2016 899 obser-

1263 922 1345 955 vent,
1368 926 1458 962 quas,
1478 915 1564 949 iuxta
1579 914 1818 949 distributiones
1831 913 1891 949 sibi
1907 913 2016 959 factas,

1263 976 1441 1011 proponere
1466 964 1667 1012 obligentur,
1695 963 1754 999 sub
1782 975 1882 1011 poena
1905 963 2014 999 decem

1261 1014 1447 1049 ducatorum
1471 1015 1670 1062 supradictae
1698 1013 1834 1049 fabricae
1853 1014 2016 1061 applican-

1261 1064 1385 1099 dorum.
1402 1064 1653 1100 Commissiones
1668 1076 1741 1099 vero
1757 1076 1932 1112 pauperum
1948 1076 2016 1111 gra·

1261 1115 1312 1159 tis,
1325 1114 1384 1149 sub
1394 1115 1503 1150 eadem
1517 1127 1627 1162 poena,
1642 1126 1817 1161 proponere
1832 1121 2015 1156 teneantur;

1260 1174 1290 1199 et
1313 1164 1391 1199 haec
1415 1173 1476 1199 tam
1500 1165 1538 1200 de
1562 1164 1745 1212 prophanis,
1772 1176 1867 1211 quam
1895 1163 1934 1199 de
1958 1164 2015 1200 be-

1261 1214 1459 1250 neficialibus
1474 1216 1577 1250 causis
1598 1215 1680 1250 dicta
1709 1214 1932 1260 intelligantur.
1950 1213 2017 1249 Sti-

1262 1264 1372 1311 pendia
1389 1264 1544 1306 modeste,
1555 1277 1612 1300 nec
1624 1265 1704 1300 ultra
1717 1264 1862 1299 meritum
1877 1263 2015 1311 capiant,

1262 1315 1305 1349 rel
1326 1314 1503 1350 seeundum
1527 1324 1634 1356 taxas,
1662 1315 1746 1349 iuxta
1772 1314 2016 1349 constitutiones

1260 1364 1304 1399 eis
1318 1364 1451 1410 debitas,
1467 1373 1604 1406 seriem,
1620 1365 1658 1399 de
1671 1363 1842 1412 quotalitis
1863 1364 1909 1398 vel
1930 1372 2016 1411 parte

1260 1414 1421 1450 fructuum
1446 1415 1491 1451 iel
1520 1427 1744 1463 expensarum,
1768 1426 1798 1449 tu
1822 1413 1939 1470 quibus
1953 1413 2016 1449 ad-

1260 1477 1344 1499 versa
1352 1465 1386 1499 rii
1401 1465 1665 1506 condemnantur,
1676 1465 1722 1499 vel
1735 1465 1873 1512 praemio
1885 1464 1913 1498 in
1926 1476 2016 1499 even-

1261 1523 1326 1549 tum
1347 1515 1494 1550 iictoriae
1523 1515 1704 1550 nullatenus
1728 1514 1945 1562 paciscantur
1967 1513 2014 1549 vel

1259 1577 1331 1599 cum
1345 1573 1430 1612 parte
1444 1566 1645 1601 conveniant.
1656 1565 1811 1612 Propinas
1819 1563 2016 1600 auditoribus

1261 1614 1438 1662 largiendas
1453 1628 1513 1651 non
1531 1623 1711 1663 procurent,
1728 1627 1785 1650 nec
1808 1622 1908 1651 arctas
1924 1614 2016 1650 fami-

1260 1665 1410 1701 liaritates
1427 1674 1457 1701 et
1468 1666 1723 1701 conversationes
1739 1665 1853 1700 nimias
1866 1677 1938 1700 curn
1953 1665 2016 1700 eis·

1260 1714 1330 1750 dem
1349 1724 1527 1751 exerceant.
1543 1716 1691 1752 Officium
1709 1723 1947 1763 procuratorum
1968 1713 2015 1750 vel

1259 1765 1496 1801 sollicitatorum
1508 1779 1568 1801 non
1579 1765 1937 1801 exet·ceant.Auditores
1952 1777 2014 1799 non

1261 1815 1451 1856 informent,
1481 1817 1540 1851 nisi
1576 1817 1607 1850 in
1630 1817 1697 1851 iure
1724 1815 1771 1850 vel
1794 1827 1890 1863 super
1911 1814 2015 1850 dubiis

1259 1866 1340 1901 datis
1355 1879 1410 1914 per
1425 1866 1601 1902 auditorem
1612 1867 1641 1901 in
1652 1866 1768 1911 causis,
1779 1873 1810 1900 et
1825 1866 1903 1900 ultra
1919 1876 2012 1912 quam

1261 1929 1356 1950 tinum
1374 1929 1504 1952 aureum
1531 1929 1586 1964 pro
1609 1916 1751 1964 quolibet
1769 1915 1866 1950 dubio
1882 1927 1944 1950 non
1960 1926 2014 1950 ca-

1260 1966 1356 2013 piant⁷
1372 1979 1428 2014 pro
1451 1967 1606 2014 scriptura
1622 1974 1651 2002 et
1676 1966 1894 2001 informatione
1913 1976 2012 2012 usque

1258 2016 1295 2051 ad
1319 2017 1376 2051 tria
1394 2016 1502 2058 dubia3
1529 2016 1643 2052 abinde
1660 2028 1768 2064 supra,
1790 2016 1931 2063 quinque
1952 2014 2014 2050 du-

1259 2074 1344 2101 catos
1358 2067 1387 2100 in
1404 2075 1501 2101 totum
1519 2079 1581 2102 non
1605 2066 1777 2107 excedant,
1798 2065 1935 2101 contenti
1953 2065 2014 2100 sint

1258 2121 1427 2168 stipendiis
1440 2121 1581 2157 honestis
1598 2129 1628 2156 et
1643 2121 1748 2163 licitis,
1768 2128 1876 2156 tenore
1894 2119 2013 2155 eonsti-

1259 2176 1414 2210 tutionum
1437 2175 1556 2211 eisdem
1576 2176 1738 2212 concessis
1759 2183 1917 2222 utsupra,
1932 2186 2013 2222 quas

1260 2230 1433 2277 transgredi
1448 2231 1531 2267 circa
1540 2230 1702 2266 mercedes
1715 2230 1894 2265 nullatenus
1909 2229 2011 2271 liceat,

1260 2296 1317 2319 nec
1332 2294 1400 2332 post
1414 2285 1704 2321 sententiamlatam
1721 2284 1840 2333 aliquid
1856 2283 2011 2319 bibalium

1260 2340 1387 2375 nomine
1405 2353 1420 2375 a
1437 2341 1578 2388 partibus
1591 2341 1725 2387 exigant.
1742 2340 1921 2388 Pauperum
1939 2350 2012 2375 vero

1258 2403 1286 2429 et
1302 2395 1385 2430 unde
1395 2396 1514 2431 solvant
1527 2408 1588 2430 non
1605 2395 1788 2431 habentium
1806 2395 1898 2431 etiam
1915 2395 2012 2442 gratis

1258 2450 1432 2497 suscipiant
1451 2462 1572 2495 causas,
1589 2458 1681 2498 atque
1698 2449 1878 2491 defendant,
1895 2461 1953 2485 nec
1966 2449 2011 2485 eis

1260 2505 1288 2538 in
1313 2505 1394 2539 bono
1419 2505 1484 2540 iure
1509 2504 1710 2553 pronunciari
1733 2511 1876 2539 renuant.
1891 2502 2011 2539 Docto-

1259 2572 1318 2599 rcs,
1333 2561 1386 2608 qni
1399 2561 1428 2594 in
1445 2559 1540 2595 Curia
1558 2559 1840 2608 promovebuntur,
1858 2571 1914 2607 per
1929 2558 2011 2607 ipso-

1259 2627 1327 2649 rum
1351 2615 1521 2661 collegium
1544 2614 1703 2650 dumtaxat
1730 2613 1905 2662 promoveri
1933 2625 2010 2662 pos-

1258 2669 1332 2715 sint,
1348 2678 1376 2705 et
1393 2669 1483 2705 aliter
1498 2669 1631 2717 promoti
1647 2670 1730 2705 iuxta
1739 2668 1923 2705 eorumdem
1942 2667 2008 2717 pri-

2033 258 2083 286 An.
2101 258 2130 286 C.
2148 258 2217 287 tut-3

2044 476 2147 497 Advocass
2163 482 2216 498 cou-

2030 507 2159 528 eistorialu.

2268 1170 2281 1307 ,ι-ιῆιΑο
2264 1053 2281 1151 ,ἰῇ-ν’
2272 1025 2277 1033 -
2262 583 2281 1011 a-u.-.=i2·mx.:1·(.‘⁴·-„-.-t*·=>.
2274 548 2277 551 ·
