2281 3251
198 282 248 308 An.
268 281 297 308 C.
317 282 383 308 ¹5¹³

216 1083 282 1105 Canu
297 1083 358 1105 huin·

206 1116 370 1138 constitutionis.

203 2405 287 2428 iudices
303 2411 375 2427 exem-

191 2441 273 2466 piorum
289 2439 376 2464 diligen·

192 2472 224 2490 ter
250 2471 318 2491 causis
342 2471 375 2491 in-

191 2501 295 2522 cumbunt.

447 270 517 305 618

397 337 479 380 dala,
494 336 673 391 ponendam
692 334 890 370 concordiam
910 342 940 369 et
955 334 1153 370 nutriendam

396 386 534 434 quietem
546 384 838 420 interecclesiarum
850 383 993 431 praelatos
1004 392 1151 418 eteorum

397 435 554 474 subditos
575 434 762 482 propensius
776 433 964 480 apostolicae
978 434 1153 468 solicitudi-

399 486 447 520 nis
463 485 603 520 studium
622 483 819 518 adhibemus.
843 495 906 530 quo
922 483 1151 518 dissensionem

398 535 503 569 talium
517 534 582 569 fore
591 532 825 580 dispendiosam
835 533 1055 579 experimento
1069 545 1154 568 com-

399 584 557 630 probatur,
581 595 703 618 necnon
721 583 839 618 indulta
863 582 980 629 pariter
1002 591 1032 617 et
1056 583 1152 630 privi-

399 634 474 680 legia
497 633 616 667 eisdem
640 632 775 667 subditis
804 632 832 666 in
864 633 1004 679 ipsorum
1030 632 1153 678 praela-

398 692 499 718 torum
515 682 732 728 dispendium,
743 689 804 716 tam
822 693 878 728 per
893 682 1152 729 praedecessores

398 742 532 770 nostros,
555 744 650 780 quam
683 731 800 766 Sedem
824 731 1040 778 Apostolieam
1068 743 1152 766 con-

397 794 495 823 cessa,
520 782 558 815 ita
588 781 723 815 libenter
746 780 960 825 moderamur,
984 793 1022 816 ne
1037 781 1152 816 exinde

396 831 540 867 scandala
561 830 745 879 procedant,
768 842 846 865 neve
863 844 901 866 ex
921 831 966 866 eis
991 830 1044 865 ulli
1061 830 1152 865 detur

396 881 524 915 materia
549 880 754 927 malignandi,
774 889 804 915 et
825 893 979 927 personae
1006 881 1154 916 ecclesia-

395 931 491 966 sticae
509 942 523 964 a
542 930 625 965 bono
647 929 861 969 obedientiae,
885 942 1008 965 necnon
1024 942 1039 964 a
1053 930 1150 964 divini

395 980 623 1027 perseverantia
639 981 757 1014 servitii
773 979 925 1015 nullaten.
943 980 1150 1015 retrahantur.

442 1029 463 1077 g
487 1029 626 1070 [Sane.
643 1041 743 1077 nuper
756 1029 793 1063 ad
811 1038 951 1065 nostrum
968 1029 1078 1065 relatio
1090 1029 1152 1065 fide

394 1078 486 1126 digna
517 1080 663 1127 perduxit
702 1079 847 1114 auditum
888 1079 974 1127 quod
1007 1080 1151 1114 canonici

393 1129 647 1176 patriarchalium
663 1129 974 1176 metropolitanarum
998 1137 1029 1164 et
1043 1129 1152 1165 cathe—

393 1179 527 1214 dralium
556 1188 586 1213 et
613 1178 851 1225 collegiatarum
876 1179 1094 1220 ecelesiarum,
1122 1189 1153 1215 et

393 1229 444 1264 alii
468 1229 574 1264 cleriei
597 1229 777 1263 saeculares
813 1228 902 1276 plura
933 1237 1152 1276 praesumunt,

393 1290 473 1326 quae
501 1278 577 1324 ipsis
607 1278 765 1313 infamiam
791 1290 853 1313 non
878 1291 1004 1326 pari-am
1029 1279 1152 1326 pariunt

394 1336 421 1363 et
434 1327 502 1363 aliis
515 1328 651 1363 inserunt
666 1327 851 1369 laesioncm;
867 1336 1029 1375 praetextu
1046 1341 1154 1364 exem-

395 1377 511 1425 ptionis
529 1377 727 1412 etlibertatis
749 1389 764 1411 a
788 1377 872 1413 dieta
894 1377 977 1413 Sede
992 1378 1151 1423 obtentae,

394 1426 626 1462 ordinariorum
648 1427 862 1462 correctiones
883 1436 914 1462 et
936 1428 1152 1463 ordinationes

394 1476 643 1523 subterfugiunt,
661 1489 696 1512 ac
718 1489 826 1512 eorum
845 1477 947 1512 sorum
977 1478 1043 1513 sive
1065 1478 1151 1513 indi-

394 1526 476 1561 cium
500 1526 679 1567 deelinani;
704 1527 849 1562 nonnulli
879 1527 973 1562 etiam
1011 1528 1152 1575 impuni-

394 1583 487 1611 tatem
511 1588 642 1612 suorum
666 1588 854 1611 excessuum
877 1589 934 1625 per
953 1577 1150 1625 privilegium

393 1627 604 1672 exemptionis
630 1625 774 1662 obtinere
796 1636 975 1674 sperantes,
1001 1640 1152 1663 excessus

392 1675 480 1723 ipsos
501 1676 698 1711 committere
726 1688 786 1711 non
806 1686 966 1721 verentur,
985 1690 1066 1725 quos
1089 1679 1149 1714 nisi

392 1738 449 1772 per
466 1727 713 1771 exemptionem,
732 1738 792 1773 qua
814 1727 965 1773 gaudent,
988 1728 1152 1763 crederent

392 1787 426 1810 se
438 1775 577 1819 defendi,
589 1775 770 1810 nullatenus
786 1775 921 1811 fuissent
936 1778 1150 1812 commissuri.

392 1823 494 1859 Hinc
490 1835 597 1880 itaque
616 1825 726 1859 accidit
745 1833 789 1870 ut,
812 1834 941 1873 propter
955 1839 1064 1861 eorum
1089 1840 1151 1861 au-

393 1873 528 1914 daciam,
541 1874 612 1920 ipsi,
625 1883 785 1921 praetextu
805 1875 957 1922 privilegii
974 1877 1151 1924 exemptio-

393 1923 453 1963 nis,
466 1924 881 1971 impunitatemcxcessuum
898 1926 1039 1961 obtinere
1051 1927 1151 1962 eonsi-

392 1972 516 2014 dentes,
541 1973 694 2008 nonnulla
718 1975 880 2009 multoties
903 1976 1101 2010 committant
1117 1989 1152 2011 e-

391 2023 539 2068 normia,
570 2035 625 2071 per
653 2035 735 2071 quae
764 2023 939 2070 plurimum
973 2025 1151 2060 diffamatur

390 2072 545 2114 Ecclesia,
573 2082 603 2108 et
634 2073 779 2109 scandala
815 2075 920 2121 gravia
944 2085 1150 2121 generantur,

391 2128 554 2176 potissime
568 2136 673 2164 autem
694 2141 764 2164 cuin
782 2129 851 2164 talia
872 2141 928 2177 per
939 2143 1004 2174 eos,
1018 2130 1055 2165 ad
1071 2144 1151 2179 quos

391 2195 500 2218 eorum
537 2192 658 2231 spectat
691 2184 869 2225 correctio,
902 2184 1075 2220 incorrecta
1098 2198 1151 2221 re-

392 2246 564 2279 maneant;
592 2250 648 2273 seu
683 2238 740 2278 illi,
762 2238 800 2274 ad
829 2251 909 2287 quos
942 2248 1063 2287 spectat
1099 2240 1149 2275 illa

392 2291 518 2339 punire,
543 2292 721 2340 negligunt.

440 2346 461 2394 g
487 2349 521 2382 2.
544 2347 609 2382 Nos
623 2347 776 2393 volentes,
794 2360 832 2384 ne
850 2360 888 2384 eo
911 2356 1072 2396 praetextu
1093 2349 1150 2385 de-

392 2401 462 2437 licta
491 2413 671 2438 remaneant
694 2404 868 2450 impunita,
897 2403 1007 2439 morbo
1035 2404 1150 2440 huius-

392 2457 476 2492 modi
491 2458 698 2493 necessariam
714 2459 866 2495 adhibere
880 2459 1047 2504 medelam,
1059 2471 1150 2495 sacro

392 2511 586 2559 approbante
609 2513 758 2558 concilio,
786 2513 954 2549 statuimus
982 2522 1015 2548 ut
1037 2513 1077 2549 de
1095 2526 1151 2549 ee-

393 2574 458 2601 tero
483 2566 539 2609 illi,
566 2567 682 2616 quibus
704 2576 926 2615 exemptorum
942 2569 1096 2604 correctio
1119 2577 1150 2604 et

392 2622 516 2669 punitio
529 2635 544 2657 a
573 2623 656 2659 dicta
674 2623 759 2659 Sede
775 2623 961 2660 demandata
991 2631 1049 2665 est,
1066 2624 1149 2660 circa

394 2675 476 2711 illam
501 2677 666 2725 vigilanter
703 2676 894 2724 intendant,
927 2687 958 2715 et
985 2678 1151 2726 diligenter

991 279 1127 303 numm
1134 281 1177 303 ΠΜ
1207 280 1275 304 ROB
1280 280 1367 305 Am

1197 335 1290 370 officii
1313 335 1373 371 sibi
1397 337 1556 371 commissi
1582 336 1723 371 debitum
1741 342 1950 384 exequantur;

1197 393 1222 419 vt
1248 385 1483 432 quamprimum
1507 385 1551 421 eis
1568 393 1737 442 ..θιειηριοε
1765 385 1853 433 ipsos
1875 384 1953 420 deli-

1196 436 1302 482 quisse
1322 435 1460 480 legitime
1474 435 1668 478 eonstiterit,
1686 436 1724 470 ita
1745 435 1875 470 eosdem
1904 446 1951 471 ex·

1196 492 1320 528 ‹mptos
1349 484 1572 531 delinquentes
1596 462 1838 540 puniant,quod
1856 484 1950 520 iidem

1195 534 1333 589 ‹xempti
1349 542 1432 568 metu
1449 546 1568 581 poenae
1579 535 1670 569 asnis
1681 542 1849 570 arceantur
1864 535 1952 569 inso-

1197 583 1222 617 h
1218 593 1312 624 ntus
1340 584 1452 627 etalii,
1480 596 1587 618 eorum
1612 584 1757 631 exemplo
1785 585 1952 632 perterriti,

1197 633 1339 679 prosilire
1367 633 1404 667 ad
1428 633 1543 667 similia
1569 633 1681 668 merito
1698 634 1950 681 perhorrescant.

1244 686 1259 727 ξ
1288 687 1320 718 5.
1344 682 1383 717 Et
1410 683 1434 717 si
1463 683 1543 717 circa
1573 682 1633 718 hoo
1660 683 1856 730 negligentes
1880 684 1951 719 sue.-

1196 733 1267 772 rint,
1292 732 1470 767 dioecesani
1494 741 1523 766 et
1558 731 1609 767 alii
1633 732 1774 768 locorum
1799 734 1950 768 ordinarii

1195 781 1337 822 eosdem,
1353 781 1468 829 quibus
1490 791 1709 829 exemptorum
1723 784 1878 818 correctio
1891 784 1952 818 hu-

1196 832 1331 866 iusmodi
1355 833 1519 879 competit,
1544 832 1761 879 personaliter,
1783 833 1807 868 si
1825 833 1950 868 illorum

1195 883 1284 928 copia
1313 890 1342 916 et
1367 882 1474 916 notitia
1499 881 1608 916 haberi
1645 882 1770 929 poterit;
1796 882 1952 930 alioquin,

1197 932 1242 965 ivl
1265 932 1290 965 si
1316 932 1420 966 nullus
1449 932 1478 966 in
1500 931 1642 978 partibus
1656 939 1876 979 exemplorum
1901 933 1953 981 ip-

1195 994 1302 1016 sorum
1318 991 1424 1016 certus
1440 981 1531 1015 iudex
1548 981 1651 1021 suerit,
1665 994 1733 1022 cos,
1745 993 1881 1029 quorum
1895 994 1951 1018 sua

1197 1032 1225 1065 in
1243 1032 1426 1079 praemissis
1440 1032 1594 1066 interesse
1608 1032 1796 1078 putaverint,
1812 1044 1867 1079 per
1881 1031 1953 1067 edi-

1195 1090 1278 1115 ctum
1297 1081 1472 1128 publicum,
1495 1080 1725 1116 cathedralium
1748 1093 1803 1115 seu
1819 1081 1950 1117 aliarum

1195 1130 1403 1166 ecclesiarum
1428 1131 1582 1170 locorum,
1603 1131 1633 1165 in
1656 1130 1774 1178 quibus
1788 1140 1952 1179 exempto-

1197 1193 1266 1215 rum
1284 1181 1404 1215 iudices
1420 1180 1604 1215 huiusmodi
1621 1181 1771 1221 residere,
1781 1182 1952 1220 seu,nullis

1195 1230 1381 1265 eorumdem
1397 1239 1616 1277 exemptorum
1633 1230 1792 1265 iudicibus
1814 1231 1953 1267 existen-

1196 1280 1293 1324 tibus,
1307 1281 1392 1328 ipsos
1407 1289 1574 1327 exemptos
1587 1279 1758 1327 deliquisse
1773 1282 1952 1328 contigerit,

1196 1329 1292 1365 valvis
1319 1329 1538 1377 affigendum,
1567 1338 1715 1365 moneant
1742 1338 1777 1365 ut
1801 1331 1858 1378 ipsi
1875 1331 1953 1366 tales

1195 1388 1360 1428 exemptos
1387 1380 1610 1428 delinquentes
1634 1387 1664 1415 et
1685 1379 1876 1416 criminosos
1890 1393 1952 1428 pu-

1196 1430 1283 1464 niant
1305 1439 1334 1465 et
1357 1431 1512 1476 castigent
1535 1429 1613 1464 insi-a
1637 1438 1872 1477 competentem
1889 1441 1953 1466 ter-

1196 1479 1330 1523 minum,
1344 1480 1542 1515 monentium
1568 1479 1709 1526 ipsorum
1733 1479 1862 1515 arbitrio
1878 1492 1953 1516 mo-

1195 1528 1386 1564 derandum.
1414 1529 1455 1564 Et
1482 1531 1507 1564 si
1537 1530 1595 1575 ipsi
1621 1529 1730 1563 moniti
1755 1529 1784 1563 in
1814 1529 1874 1565 hoc
1897 1542 1953 1565 ne-

1194 1578 1352 1624 gligentes
1382 1578 1558 1624 fuerint,et
1586 1578 1615 1613 id
1638 1578 1814 1625 adimplere
1843 1580 1953 1626 negle-

1194 1629 1297 1662 xerint
1311 1641 1366 1663 seu
1383 1629 1608 1673 recusaverint,
1631 1637 1706 1663 tunc
1734 1629 1763 1663 in
1787 1641 1824 1664 eo
1842 1629 1872 1663 in
1889 1641 1952 1677 quo

1195 1678 1384 1725 deliquerint
1411 1679 1605 1726 puniantur,
1633 1677 1812 1725 cognitione
1840 1678 1953 1714 huius-

1195 1729 1279 1762 modi
1303 1741 1338 1763 ea
1361 1729 1429 1763 viee
1446 1730 1508 1763 sint
1526 1728 1652 1775 privati,
1667 1737 1697 1762 et
1719 1740 1833 1763 senon
1852 1729 1952 1765 iutro-

1195 1777 1320 1812 mittant
1339 1778 1498 1814 ullatenus
1520 1779 1560 1814 de
1587 1778 1726 1818 eisdem,
1745 1778 1799 1812 sed
1823 1778 1952 1814 dioece-

1195 1828 1262 1862 sani
1286 1835 1317 1862 et
1339 1828 1388 1862 alii
1419 1828 1559 1863 locorum
1583 1827 1733 1862 ordinarii
1757 1828 1950 1873 huiusmodi,

1195 1885 1304 1912 contra
1327 1877 1403 1911 tales
1425 1876 1826 1925 exemptosdelinquentes
1843 1886 1873 1912 et
1888 1879 1953 1913 cri-

1195 1927 1348 1970 minosos,
1364 1928 1549 1963 auctoritate
1572 1935 1688 1968 nostra,
1711 1927 1748 1961 ad
1770 1927 1952 1973 inquisitio-

1196 1989 1265 2011 nem
1282 1978 1326 2012 rel
1351 1989 1406 2023 per
1432 1978 1680 2017 accusationem,
1702 1977 1767 2012 sive
1792 1977 1952 2024 aliquibus

1195 2027 1371 2068 tormentis,
1388 2027 1578 2074 procedere,
1592 2035 1622 2062 et
1642 2035 1738 2062 testes
1762 2039 1816 2074 per
1829 2028 1952 2075 seipsos

1194 2077 1373 2111 examinare
1398 2079 1538 2121 possint;
1561 2089 1597 2112 ac
1621 2089 1803 2124 processum
1833 2078 1950 2124 ipsum,

1196 2131 1317 2166 ratione
1359 2131 1568 2166 solemnitatis
1601 2132 1704 2176 iuris,
1732 2141 1948 2180 praeterquam

1195 2186 1316 2221 ratione
1335 2185 1493 2221 citationis
1513 2187 1663 2228 omissae,
1689 2186 1865 2223 dummodo
1887 2187 1951 2222 de-

1195 2240 1304 2275 lictum
1345 2241 1421 2276 alias
1448 2241 1506 2276 rite
1535 2240 1700 2288 probatum
1725 2241 1834 2286 suerit,
1871 2241 1949 2276 nul-

1195 2295 1258 2330 lum
1287 2294 1413 2342 allegari
1442 2296 1488 2330 vel
1517 2295 1580 2330 diei
1609 2307 1702 2343 posse
1731 2295 1950 2343 prohibemus,

1193 2349 1247 2384 sed
1273 2363 1328 2398 per
1349 2361 1404 2385 eos
1425 2349 1568 2385 habitum
1584 2378 1593 2394 ,
1620 2350 1762 2386 clausum
1786 2359 1816 2386 et
1838 2363 1948 2386 eorum

1194 2405 1298 2451 sigillo
1313 2406 1484 2448 munitum,
1502 2405 1539 2441 ad
1554 2405 1648 2441 Sedis
1665 2405 1867 2453 Apostolicae
1881 2417 1948 2441 exa-

1194 2473 1280 2504 men,
1296 2460 1435 2508 ipsorum
1456 2468 1677 2508 exemptorum
1693 2459 1947 2507 delinquentium

1194 2516 1357 2562 expensis,
1385 2515 1478 2550 etiam
1507 2515 1537 2549 in
1568 2514 1636 2562 ipso
1664 2526 1814 2561 processu
1845 2514 1948 2555 sactis,

1193 2570 1230 2604 ad
1246 2581 1379 2617 quarum
1402 2569 1593 2605 solutionem
1616 2568 1768 2605 ordinarii
1797 2569 1854 2617 ipsi
1872 2581 1948 2617 pos-

1193 2625 1255 2659 sint
1277 2624 1405 2660 eosdem
1424 2625 1592 2672 inquisitos
1618 2632 1647 2660 et
1669 2632 1833 2660 accusatos
1860 2636 1949 2660 com-

1194 2679 1324 2727 pellere,
1340 2691 1396 2727 per
1411 2679 1575 2728 proprium
1599 2679 1645 2715 vel
1668 2679 1765 2714 alium
1789 2678 1949 2724 nuntium,

1965 276 2017 307 An.
2036 276 2066 306 C.
2081 276 2149 306 istit

1981 694 2080 722 Alioquin
2097 694 2153 716 ordi-

1933 734 1949 740 ··
1967 726 2019 748 nuri·
2030 726 2050 746 in
2061 725 2092 746 eis
2101 730 2152 753 pro·

1967 756 2051 778 cedant.

2229 0 2236 3 .

2248 239 2269 283 ³2ss
2257 231 2263 234 ·
2244 130 2268 226 ›os-tq*
2247 114 2266 125 ’ἔ
2249 90 2269 109 Τ..
2233 0 2269 86 [is-1⁴

2260 1190 2275 1347 ‘-‚t·..„‚¹'v'2
2255 1142 2261 1146 ¹
