<?xml version="1.0" encoding="UTF-8"?>
<!DOCTYPE html PUBLIC "-//W3C//DTD XHTML 1.0 Transitional//EN"
    "http://www.w3.org/TR/xhtml1/DTD/xhtml1-transitional.dtd">
<html xmlns="http://www.w3.org/1999/xhtml" xml:lang="en" lang="en">
 <head>
  <title>
</title>
<meta http-equiv="Content-Type" content="text/html;charset=utf-8" />
  <meta name='ocr-system' content='tesseract 3.04.00' />
  <meta name='ocr-capabilities' content='ocr_page ocr_carea ocr_par ocr_line ocrx_word'/>
</head>
<body>
  <div class='ocr_page' id='page_1' title='image "./bullarumdiplomat05cath_0585.png"; bbox 0 0 2281 3251; ppageno 0'>
   <div class='ocr_carea' id='block_1_1' title="bbox 90 261 272 290">
    <p class='ocr_par' dir='ltr' id='par_1_1' title="bbox 90 261 272 290">
     <span class='ocr_line' id='line_1_1' title="bbox 90 261 272 290; baseline 0.005 -1"><span class='ocrx_word' id='word_1_1' title='bbox 90 261 139 290; x_wconf 73' lang='lat' dir='ltr'>An.</span> <span class='ocrx_word' id='word_1_2' title='bbox 156 262 185 290; x_wconf 87' lang='lat' dir='ltr'>C.</span> <span class='ocrx_word' id='word_1_3' title='bbox 203 263 272 290; x_wconf 74' lang='lat'>¹5¹5</span> 
     </span>
    </p>
   </div>
   <div class='ocr_carea' id='block_1_2' title="bbox 80 970 265 1125">
    <p class='ocr_par' dir='ltr' id='par_1_2' title="bbox 80 970 265 1125">
     <span class='ocr_line' id='line_1_2' title="bbox 88 970 265 1002; baseline 0.006 -7"><span class='ocrx_word' id='word_1_4' title='bbox 88 970 193 995; x_wconf 69' lang='lat' dir='ltr'>inanitum</span> <span class='ocrx_word' id='word_1_5' title='bbox 202 977 265 1002; x_wconf 74' lang='lat' dir='ltr'>expe-</span> 
     </span>
     <span class='ocr_line' id='line_1_3' title="bbox 82 1003 265 1027; baseline 0 -1"><span class='ocrx_word' id='word_1_6' title='bbox 82 1003 151 1027; x_wconf 75' lang='lat' dir='ltr'>«tioudi</span> <span class='ocrx_word' id='word_1_7' title='bbox 160 1004 233 1027; x_wconf 76' lang='lat' dir='ltr'>literas</span> <span class='ocrx_word' id='word_1_8' title='bbox 244 1011 265 1026; x_wconf 80' lang='grc' dir='ltr'>ι-</span> 
     </span>
     <span class='ocr_line' id='line_1_4' title="bbox 80 1039 264 1068; baseline 0.005 -7"><span class='ocrx_word' id='word_1_9' title='bbox 80 1039 195 1067; x_wconf 66' lang='lat' dir='ltr'>pontatica·</span> <span class='ocrx_word' id='word_1_10' title='bbox 216 1047 264 1068; x_wconf 68' lang='lat' dir='ltr'>grn-</span> 
     </span>
     <span class='ocr_line' id='line_1_5' title="bbox 80 1072 263 1100; baseline 0.016 -8"><span class='ocrx_word' id='word_1_11' title='bbox 80 1072 108 1094; x_wconf 73' lang='grc' dir='ltr'>ιίι</span> <span class='ocrx_word' id='word_1_12' title='bbox 127 1078 165 1100; x_wconf 80' lang='lat' dir='ltr'>pro</span> <span class='ocrx_word' id='word_1_13' title='bbox 180 1073 263 1095; x_wconf 72' lang='lat' dir='ltr'>andito-</span> 
     </span>
     <span class='ocr_line' id='line_1_6' title="bbox 80 1102 226 1125; baseline 0 0"><span class='ocrx_word' id='word_1_14' title='bbox 80 1102 138 1125; x_wconf 77' lang='lat' dir='ltr'>rssm</span> <span class='ocrx_word' id='word_1_15' title='bbox 152 1102 226 1125; x_wconf 80' lang='lat' dir='ltr'>Rotae.</span> 
     </span>
    </p>
   </div>
   <div class='ocr_carea' id='block_1_3' title="bbox 0 0 21 3251">
    <p class='ocr_par' dir='ltr' id='par_1_3' title="bbox 0 0 21 3251">
     <span class='ocr_line' id='line_1_7' title="bbox 0 0 21 3251; baseline 0 0"><span class='ocrx_word' id='word_1_16' title='bbox 0 0 21 3251; x_wconf 95' lang='lat' dir='ltr'> </span> 
     </span>
    </p>
   </div>
   <div class='ocr_carea' id='block_1_4' title="bbox 956 261 1137 285">
    <p class='ocr_par' dir='ltr' id='par_1_4' title="bbox 956 261 1137 285">
     <span class='ocr_line' id='line_1_8' title="bbox 956 261 1137 285; baseline 0 0"><span class='ocrx_word' id='word_1_17' title='bbox 956 261 1019 285; x_wconf 83' lang='lat' dir='ltr'>LEO</span> <span class='ocrx_word' id='word_1_18' title='bbox 1044 263 1062 285; x_wconf 80' lang='lat' dir='ltr'>X</span> <span class='ocrx_word' id='word_1_19' title='bbox 1089 262 1137 285; x_wconf 70' lang='lat'>1²1².</span> 
     </span>
    </p>
   </div>
   <div class='ocr_carea' id='block_1_5' title="bbox 271 315 1030 2700">
    <p class='ocr_par' dir='ltr' id='par_1_5' title="bbox 279 315 1030 905">
     <span class='ocr_line' id='line_1_9' title="bbox 285 315 1030 364; baseline -0.001 -12"><span class='ocrx_word' id='word_1_20' title='bbox 285 328 419 364; x_wconf 88' lang='lat' dir='ltr'>rumque</span> <span class='ocrx_word' id='word_1_21' title='bbox 445 315 668 355; x_wconf 81' lang='lat' dir='ltr'>locateuentes,</span> <span class='ocrx_word' id='word_1_22' title='bbox 685 327 739 361; x_wconf 91' lang='lat' dir='ltr'>pro</span> <span class='ocrx_word' id='word_1_23' title='bbox 755 323 861 351; x_wconf 86' lang='lat' dir='ltr'>nostro</span> <span class='ocrx_word' id='word_1_24' title='bbox 883 324 914 351; x_wconf 90' lang='lat' dir='ltr'>et</span> <span class='ocrx_word' id='word_1_25' title='bbox 930 315 1030 352; x_wconf 90' lang='lat' dir='ltr'>dictae</span> 
     </span>
     <span class='ocr_line' id='line_1_10' title="bbox 283 369 1030 418; baseline 0 -13"><span class='ocrx_word' id='word_1_26' title='bbox 283 369 377 405; x_wconf 88' lang='lat' dir='ltr'>Sedis</span> <span class='ocrx_word' id='word_1_27' title='bbox 403 369 533 409; x_wconf 89' lang='lat' dir='ltr'>honore,</span> <span class='ocrx_word' id='word_1_28' title='bbox 553 381 588 403; x_wconf 90' lang='lat' dir='ltr'>ac</span> <span class='ocrx_word' id='word_1_29' title='bbox 611 369 723 404; x_wconf 89' lang='lat' dir='ltr'>iustitia</span> <span class='ocrx_word' id='word_1_30' title='bbox 747 371 890 418; x_wconf 88' lang='lat' dir='ltr'>personis</span> <span class='ocrx_word' id='word_1_31' title='bbox 911 371 948 405; x_wconf 90' lang='lat' dir='ltr'>ad</span> <span class='ocrx_word' id='word_1_32' title='bbox 971 370 1030 406; x_wconf 85' lang='lat' dir='ltr'>Se-</span> 
     </span>
     <span class='ocr_line' id='line_1_11' title="bbox 283 424 1029 472; baseline 0.001 -13"><span class='ocrx_word' id='word_1_33' title='bbox 283 424 356 459; x_wconf 86' lang='lat' dir='ltr'>dem</span> <span class='ocrx_word' id='word_1_34' title='bbox 384 424 481 470; x_wconf 87' lang='lat' dir='ltr'>ipsam</span> <span class='ocrx_word' id='word_1_35' title='bbox 506 436 542 457; x_wconf 85' lang='lat' dir='ltr'>ex</span> <span class='ocrx_word' id='word_1_36' title='bbox 569 424 717 459; x_wconf 88' lang='lat' dir='ltr'>omnibns</span> <span class='ocrx_word' id='word_1_37' title='bbox 752 425 859 459; x_wconf 87' lang='lat' dir='ltr'>mundi</span> <span class='ocrx_word' id='word_1_38' title='bbox 890 425 1029 472; x_wconf 87' lang='lat' dir='ltr'>partibus</span> 
     </span>
     <span class='ocr_line' id='line_1_12' title="bbox 283 477 1027 520; baseline 0.003 -7"><span class='ocrx_word' id='word_1_39' title='bbox 283 477 519 513; x_wconf 77' lang='lat' dir='ltr'>confluentibus</span> <span class='ocrx_word' id='word_1_40' title='bbox 533 477 750 520; x_wconf 85' lang='lat' dir='ltr'>ministranda,</span> <span class='ocrx_word' id='word_1_41' title='bbox 765 479 794 513; x_wconf 94' lang='lat' dir='ltr'>in</span> <span class='ocrx_word' id='word_1_42' title='bbox 808 481 911 514; x_wconf 83' lang='lat' dir='ltr'>causis</span> <span class='ocrx_word' id='word_1_43' title='bbox 923 492 1027 515; x_wconf 82' lang='lat' dir='ltr'>corani</span> 
     </span>
     <span class='ocr_line' id='line_1_13' title="bbox 282 532 1028 582; baseline 0.004 -16"><span class='ocrx_word' id='word_1_44' title='bbox 282 532 326 567; x_wconf 86' lang='lat' dir='ltr'>eis</span> <span class='ocrx_word' id='word_1_45' title='bbox 352 544 408 579; x_wconf 88' lang='lat' dir='ltr'>pro</span> <span class='ocrx_word' id='word_1_46' title='bbox 431 539 573 578; x_wconf 88' lang='lat' dir='ltr'>tempore</span> <span class='ocrx_word' id='word_1_47' title='bbox 594 533 800 577; x_wconf 83' lang='lat' dir='ltr'>vertentibus,</span> <span class='ocrx_word' id='word_1_48' title='bbox 825 534 940 580; x_wconf 81' lang='lat' dir='ltr'>iugiter</span> <span class='ocrx_word' id='word_1_49' title='bbox 955 547 1028 582; x_wconf 89' lang='lat' dir='ltr'>pcr-</span> 
     </span>
     <span class='ocr_line' id='line_1_14' title="bbox 281 585 1028 635; baseline 0.005 -15"><span class='ocrx_word' id='word_1_50' title='bbox 281 585 395 626; x_wconf 87' lang='lat' dir='ltr'>ferunt,</span> <span class='ocrx_word' id='word_1_51' title='bbox 418 593 448 620; x_wconf 91' lang='lat' dir='ltr'>et</span> <span class='ocrx_word' id='word_1_52' title='bbox 470 586 554 620; x_wconf 89' lang='lat' dir='ltr'>nulla</span> <span class='ocrx_word' id='word_1_53' title='bbox 577 587 690 621; x_wconf 85' lang='lat' dir='ltr'>exinde</span> <span class='ocrx_word' id='word_1_54' title='bbox 717 588 870 635; x_wconf 87' lang='lat' dir='ltr'>stipendia</span> <span class='ocrx_word' id='word_1_55' title='bbox 901 602 956 635; x_wconf 85' lang='lat' dir='ltr'>pro</span> <span class='ocrx_word' id='word_1_56' title='bbox 980 589 1028 623; x_wconf 82' lang='lat' dir='ltr'>in-</span> 
     </span>
     <span class='ocr_line' id='line_1_15' title="bbox 280 640 1027 685; baseline 0.007 -11"><span class='ocrx_word' id='word_1_57' title='bbox 280 640 504 675; x_wconf 89' lang='lat' dir='ltr'>cumbentibus</span> <span class='ocrx_word' id='word_1_58' title='bbox 527 641 599 685; x_wconf 87' lang='lat' dir='ltr'>illis,</span> <span class='ocrx_word' id='word_1_59' title='bbox 622 643 704 676; x_wconf 82' lang='lat' dir='ltr'>iuxta</span> <span class='ocrx_word' id='word_1_60' title='bbox 728 655 837 677; x_wconf 82' lang='lat' dir='ltr'>eorum</span> <span class='ocrx_word' id='word_1_61' title='bbox 862 652 961 678; x_wconf 87' lang='lat' dir='ltr'>status</span> <span class='ocrx_word' id='word_1_62' title='bbox 979 644 1027 679; x_wconf 89' lang='lat' dir='ltr'>de·</span> 
     </span>
     <span class='ocr_line' id='line_1_16' title="bbox 280 694 1027 745; baseline 0.003 -16"><span class='ocrx_word' id='word_1_63' title='bbox 280 694 587 739; x_wconf 83' lang='lat' dir='ltr'>centiam,oneribus</span> <span class='ocrx_word' id='word_1_64' title='bbox 601 695 722 730; x_wconf 78' lang='lat' dir='ltr'>facilius</span> <span class='ocrx_word' id='word_1_65' title='bbox 748 695 940 742; x_wconf 76' lang='lat' dir='ltr'>perferendis</span> <span class='ocrx_word' id='word_1_66' title='bbox 963 710 1027 745; x_wconf 81' lang='lat' dir='ltr'>per-</span> 
     </span>
     <span class='ocr_line' id='line_1_17' title="bbox 280 748 1027 797; baseline 0.003 -14"><span class='ocrx_word' id='word_1_67' title='bbox 280 748 422 796; x_wconf 91' lang='lat' dir='ltr'>cipiunt;</span> <span class='ocrx_word' id='word_1_68' title='bbox 450 761 485 784; x_wconf 84' lang='lat' dir='ltr'>ac</span> <span class='ocrx_word' id='word_1_69' title='bbox 512 758 676 797; x_wconf 87' lang='lat' dir='ltr'>propterea</span> <span class='ocrx_word' id='word_1_70' title='bbox 703 749 832 796; x_wconf 81' lang='lat' dir='ltr'>dignum</span> <span class='ocrx_word' id='word_1_71' title='bbox 862 759 1027 786; x_wconf 83' lang='lat' dir='ltr'>censentes</span> 
     </span>
     <span class='ocr_line' id='line_1_18' title="bbox 279 801 1030 851; baseline 0.007 -16"><span class='ocrx_word' id='word_1_72' title='bbox 279 801 325 836; x_wconf 89' lang='lat' dir='ltr'>eis</span> <span class='ocrx_word' id='word_1_73' title='bbox 338 803 491 849; x_wconf 86' lang='lat' dir='ltr'>gratiosos</span> <span class='ocrx_word' id='word_1_74' title='bbox 513 804 634 839; x_wconf 79' lang='lat' dir='ltr'>favores</span> <span class='ocrx_word' id='word_1_75' title='bbox 655 812 684 838; x_wconf 88' lang='lat' dir='ltr'>ct</span> <span class='ocrx_word' id='word_1_76' title='bbox 700 814 875 851; x_wconf 86' lang='lat' dir='ltr'>opportuna</span> <span class='ocrx_word' id='word_1_77' title='bbox 892 817 1030 840; x_wconf 90' lang='lat' dir='ltr'>commo-</span> 
     </span>
     <span class='ocr_line' id='line_1_19' title="bbox 280 854 741 905; baseline 0.009 -16"><span class='ocrx_word' id='word_1_78' title='bbox 280 854 385 892; x_wconf 83' lang='lat' dir='ltr'>ditatis</span> <span class='ocrx_word' id='word_1_79' title='bbox 407 858 522 893; x_wconf 85' lang='lat' dir='ltr'>auxilia</span> <span class='ocrx_word' id='word_1_80' title='bbox 546 858 741 905; x_wconf 79' lang='lat' dir='ltr'>impendere.</span> 
     </span>
    </p>

    <p class='ocr_par' dir='ltr' id='par_1_6' title="bbox 271 911 1028 2700">
     <span class='ocr_line' id='line_1_20' title="bbox 327 911 1026 960; baseline 0.003 -14"><span class='ocrx_word' id='word_1_81' title='bbox 327 911 348 960; x_wconf 69' lang='lat' dir='ltr'>S</span> <span class='ocrx_word' id='word_1_82' title='bbox 373 913 406 946; x_wconf 78' lang='lat'>2.</span> <span class='ocrx_word' id='word_1_83' title='bbox 434 912 519 948; x_wconf 90' lang='lat' dir='ltr'>Motu</span> <span class='ocrx_word' id='word_1_84' title='bbox 551 913 676 960; x_wconf 88' lang='lat' dir='ltr'>proprio</span> <span class='ocrx_word' id='word_1_85' title='bbox 693 940 702 958; x_wconf 95' lang='lat'>,</span> <span class='ocrx_word' id='word_1_86' title='bbox 728 925 791 948; x_wconf 91' lang='lat' dir='ltr'>non</span> <span class='ocrx_word' id='word_1_87' title='bbox 819 913 858 948; x_wconf 90' lang='lat' dir='ltr'>ad</span> <span class='ocrx_word' id='word_1_88' title='bbox 888 913 1026 960; x_wconf 84' lang='lat' dir='ltr'>ipsorum</span> 
     </span>
     <span class='ocr_line' id='line_1_21' title="bbox 278 966 1026 1003; baseline 0.001 -2"><span class='ocrx_word' id='word_1_89' title='bbox 278 966 459 1002; x_wconf 85' lang='lat' dir='ltr'>auditorum</span> <span class='ocrx_word' id='word_1_90' title='bbox 480 975 533 1002; x_wconf 93' lang='lat' dir='ltr'>aut</span> <span class='ocrx_word' id='word_1_91' title='bbox 555 967 800 1002; x_wconf 86' lang='lat' dir='ltr'>locatenentiurn</span> <span class='ocrx_word' id='word_1_92' title='bbox 831 967 878 1002; x_wconf 90' lang='lat' dir='ltr'>vel</span> <span class='ocrx_word' id='word_1_93' title='bbox 894 968 1026 1003; x_wconf 90' lang='lat' dir='ltr'>aliorum</span> 
     </span>
     <span class='ocr_line' id='line_1_22' title="bbox 280 1021 1028 1068; baseline 0.003 -13"><span class='ocrx_word' id='word_1_94' title='bbox 280 1033 335 1068; x_wconf 87' lang='lat' dir='ltr'>pro</span> <span class='ocrx_word' id='word_1_95' title='bbox 357 1022 401 1056; x_wconf 90' lang='lat' dir='ltr'>eis</span> <span class='ocrx_word' id='word_1_96' title='bbox 424 1021 516 1056; x_wconf 89' lang='lat' dir='ltr'>nobis</span> <span class='ocrx_word' id='word_1_97' title='bbox 538 1033 633 1068; x_wconf 84' lang='lat' dir='ltr'>super</span> <span class='ocrx_word' id='word_1_98' title='bbox 655 1021 715 1056; x_wconf 88' lang='lat' dir='ltr'>boc</span> <span class='ocrx_word' id='word_1_99' title='bbox 728 1021 848 1056; x_wconf 90' lang='lat' dir='ltr'>oblatae</span> <span class='ocrx_word' id='word_1_100' title='bbox 871 1022 1028 1068; x_wconf 74' lang='lat' dir='ltr'>petitionis</span> 
     </span>
     <span class='ocr_line' id='line_1_23' title="bbox 278 1075 1027 1120; baseline 0.001 -10"><span class='ocrx_word' id='word_1_101' title='bbox 278 1076 471 1120; x_wconf 83' lang='lat' dir='ltr'>instantiam,</span> <span class='ocrx_word' id='word_1_102' title='bbox 492 1076 548 1111; x_wconf 89' lang='lat' dir='ltr'>sed</span> <span class='ocrx_word' id='word_1_103' title='bbox 570 1075 609 1110; x_wconf 90' lang='lat' dir='ltr'>de</span> <span class='ocrx_word' id='word_1_104' title='bbox 631 1083 736 1110; x_wconf 90' lang='lat' dir='ltr'>nostra</span> <span class='ocrx_word' id='word_1_105' title='bbox 764 1088 848 1111; x_wconf 89' lang='lat' dir='ltr'>mera</span> <span class='ocrx_word' id='word_1_106' title='bbox 876 1076 1027 1112; x_wconf 89' lang='lat' dir='ltr'>delibera—</span> 
     </span>
     <span class='ocr_line' id='line_1_24' title="bbox 277 1130 1028 1178; baseline 0.001 -14"><span class='ocrx_word' id='word_1_107' title='bbox 277 1130 362 1165; x_wconf 88' lang='lat' dir='ltr'>tione</span> <span class='ocrx_word' id='word_1_108' title='bbox 389 1139 419 1165; x_wconf 86' lang='lat' dir='ltr'>et</span> <span class='ocrx_word' id='word_1_109' title='bbox 440 1142 477 1165; x_wconf 86' lang='lat' dir='ltr'>ex</span> <span class='ocrx_word' id='word_1_110' title='bbox 499 1137 582 1165; x_wconf 89' lang='lat' dir='ltr'>certa</span> <span class='ocrx_word' id='word_1_111' title='bbox 604 1130 744 1174; x_wconf 88' lang='lat' dir='ltr'>scientia,</span> <span class='ocrx_word' id='word_1_112' title='bbox 759 1130 943 1165; x_wconf 72' lang='lat' dir='ltr'>auctoritaie</span> <span class='ocrx_word' id='word_1_113' title='bbox 955 1143 1028 1178; x_wconf 87' lang='lat' dir='ltr'>apo-</span> 
     </span>
     <span class='ocr_line' id='line_1_25' title="bbox 277 1183 1028 1232; baseline 0.003 -14"><span class='ocrx_word' id='word_1_114' title='bbox 277 1183 404 1229; x_wconf 86' lang='lat' dir='ltr'>stolica,</span> <span class='ocrx_word' id='word_1_115' title='bbox 424 1192 533 1219; x_wconf 90' lang='lat' dir='ltr'>tenore</span> <span class='ocrx_word' id='word_1_116' title='bbox 564 1185 777 1232; x_wconf 87' lang='lat' dir='ltr'>praesentium</span> <span class='ocrx_word' id='word_1_117' title='bbox 806 1185 975 1219; x_wconf 75' lang='lat' dir='ltr'>statuimus</span> <span class='ocrx_word' id='word_1_118' title='bbox 997 1193 1028 1220; x_wconf 87' lang='lat' dir='ltr'>et</span> 
     </span>
     <span class='ocr_line' id='line_1_26' title="bbox 277 1237 1027 1286; baseline 0.001 -14"><span class='ocrx_word' id='word_1_119' title='bbox 277 1237 461 1273; x_wconf 77' lang='lat' dir='ltr'>ordinamus</span> <span class='ocrx_word' id='word_1_120' title='bbox 507 1238 592 1285; x_wconf 86' lang='lat' dir='ltr'>quod</span> <span class='ocrx_word' id='word_1_121' title='bbox 634 1238 672 1272; x_wconf 89' lang='lat' dir='ltr'>de</span> <span class='ocrx_word' id='word_1_122' title='bbox 706 1246 834 1281; x_wconf 90' lang='lat' dir='ltr'>cetero,</span> <span class='ocrx_word' id='word_1_123' title='bbox 865 1239 1027 1286; x_wconf 86' lang='lat' dir='ltr'>perpetuis</span> 
     </span>
     <span class='ocr_line' id='line_1_27' title="bbox 276 1291 1026 1339; baseline 0.001 -13"><span class='ocrx_word' id='word_1_124' title='bbox 276 1291 390 1327; x_wconf 83' lang='lat' dir='ltr'>futuris</span> <span class='ocrx_word' id='word_1_125' title='bbox 428 1291 635 1339; x_wconf 75' lang='lat' dir='ltr'>temporibus,</span> <span class='ocrx_word' id='word_1_126' title='bbox 649 1292 765 1338; x_wconf 81' lang='lat' dir='ltr'>singuli</span> <span class='ocrx_word' id='word_1_127' title='bbox 782 1304 948 1327; x_wconf 86' lang='lat' dir='ltr'>causarum</span> <span class='ocrx_word' id='word_1_128' title='bbox 967 1293 1026 1327; x_wconf 82' lang='lat' dir='ltr'>Pa-</span> 
     </span>
     <span class='ocr_line' id='line_1_28' title="bbox 275 1345 1027 1395; baseline 0.003 -15"><span class='ocrx_word' id='word_1_129' title='bbox 275 1345 339 1381; x_wconf 90' lang='lat' dir='ltr'>latii</span> <span class='ocrx_word' id='word_1_130' title='bbox 365 1346 545 1382; x_wconf 89' lang='lat' dir='ltr'>huiusmodi</span> <span class='ocrx_word' id='word_1_131' title='bbox 578 1346 740 1382; x_wconf 84' lang='lat' dir='ltr'>auditores</span> <span class='ocrx_word' id='word_1_132' title='bbox 772 1359 946 1395; x_wconf 90' lang='lat' dir='ltr'>eorumque</span> <span class='ocrx_word' id='word_1_133' title='bbox 978 1347 1027 1382; x_wconf 87' lang='lat' dir='ltr'>lo—</span> 
     </span>
     <span class='ocr_line' id='line_1_29' title="bbox 275 1402 1026 1448; baseline 0.001 -13"><span class='ocrx_word' id='word_1_134' title='bbox 275 1407 466 1445; x_wconf 82' lang='lat' dir='ltr'>catenentes,</span> <span class='ocrx_word' id='word_1_135' title='bbox 484 1412 571 1435; x_wconf 91' lang='lat' dir='ltr'>nunc</span> <span class='ocrx_word' id='word_1_136' title='bbox 592 1408 623 1435; x_wconf 89' lang='lat' dir='ltr'>et</span> <span class='ocrx_word' id='word_1_137' title='bbox 650 1412 707 1448; x_wconf 88' lang='lat' dir='ltr'>pro</span> <span class='ocrx_word' id='word_1_138' title='bbox 722 1407 864 1448; x_wconf 89' lang='lat' dir='ltr'>tempore</span> <span class='ocrx_word' id='word_1_139' title='bbox 886 1402 1026 1437; x_wconf 83' lang='lat' dir='ltr'>existen-</span> 
     </span>
     <span class='ocr_line' id='line_1_30' title="bbox 275 1454 1024 1502; baseline 0.001 -12"><span class='ocrx_word' id='word_1_140' title='bbox 275 1463 332 1497; x_wconf 84' lang='lat' dir='ltr'>tes,</span> <span class='ocrx_word' id='word_1_141' title='bbox 359 1467 576 1502; x_wconf 87' lang='lat' dir='ltr'>quascumque</span> <span class='ocrx_word' id='word_1_142' title='bbox 599 1454 704 1490; x_wconf 83' lang='lat' dir='ltr'>literas</span> <span class='ocrx_word' id='word_1_143' title='bbox 725 1455 933 1502; x_wconf 87' lang='lat' dir='ltr'>apostolicas,</span> <span class='ocrx_word' id='word_1_144' title='bbox 963 1464 1024 1491; x_wconf 86' lang='lat' dir='ltr'>tam</span> 
     </span>
     <span class='ocr_line' id='line_1_31' title="bbox 274 1508 1026 1557; baseline 0.001 -13"><span class='ocrx_word' id='word_1_145' title='bbox 274 1508 403 1556; x_wconf 84' lang='lat' dir='ltr'>gratiam</span> <span class='ocrx_word' id='word_1_146' title='bbox 431 1521 525 1557; x_wconf 89' lang='lat' dir='ltr'>quam</span> <span class='ocrx_word' id='word_1_147' title='bbox 548 1509 713 1554; x_wconf 85' lang='lat' dir='ltr'>iustitiam,</span> <span class='ocrx_word' id='word_1_148' title='bbox 727 1521 781 1544; x_wconf 89' lang='lat' dir='ltr'>seu</span> <span class='ocrx_word' id='word_1_149' title='bbox 805 1509 924 1544; x_wconf 86' lang='lat' dir='ltr'>mixtim</span> <span class='ocrx_word' id='word_1_150' title='bbox 948 1523 1026 1545; x_wconf 89' lang='lat' dir='ltr'>con-</span> 
     </span>
     <span class='ocr_line' id='line_1_32' title="bbox 274 1563 1026 1611; baseline 0.001 -13"><span class='ocrx_word' id='word_1_151' title='bbox 274 1571 452 1608; x_wconf 83' lang='lat' dir='ltr'>cernentes,</span> <span class='ocrx_word' id='word_1_152' title='bbox 475 1575 554 1610; x_wconf 90' lang='lat' dir='ltr'>quas</span> <span class='ocrx_word' id='word_1_153' title='bbox 576 1563 711 1610; x_wconf 88' lang='lat' dir='ltr'>quilibet</span> <span class='ocrx_word' id='word_1_154' title='bbox 732 1563 872 1611; x_wconf 88' lang='lat' dir='ltr'>ipsorum</span> <span class='ocrx_word' id='word_1_155' title='bbox 901 1564 1026 1600; x_wconf 88' lang='lat' dir='ltr'>audito-</span> 
     </span>
     <span class='ocr_line' id='line_1_33' title="bbox 275 1617 1027 1664; baseline 0.004 -13"><span class='ocrx_word' id='word_1_156' title='bbox 275 1629 342 1652; x_wconf 90' lang='lat' dir='ltr'>rum</span> <span class='ocrx_word' id='word_1_157' title='bbox 366 1625 397 1652; x_wconf 89' lang='lat' dir='ltr'>et</span> <span class='ocrx_word' id='word_1_158' title='bbox 419 1617 664 1652; x_wconf 89' lang='lat' dir='ltr'>locatenentium</span> <span class='ocrx_word' id='word_1_159' title='bbox 685 1629 741 1664; x_wconf 89' lang='lat' dir='ltr'>pro</span> <span class='ocrx_word' id='word_1_160' title='bbox 763 1627 903 1664; x_wconf 86' lang='lat' dir='ltr'>tempore</span> <span class='ocrx_word' id='word_1_161' title='bbox 930 1618 1027 1654; x_wconf 84' lang='lat' dir='ltr'>duxe-</span> 
     </span>
     <span class='ocr_line' id='line_1_34' title="bbox 274 1671 1026 1718; baseline 0.003 -13"><span class='ocrx_word' id='word_1_162' title='bbox 274 1671 336 1705; x_wconf 90' lang='lat' dir='ltr'>rint</span> <span class='ocrx_word' id='word_1_163' title='bbox 361 1671 585 1718; x_wconf 88' lang='lat' dir='ltr'>expediendas,</span> <span class='ocrx_word' id='word_1_164' title='bbox 608 1672 700 1706; x_wconf 88' lang='lat' dir='ltr'>etiam</span> <span class='ocrx_word' id='word_1_165' title='bbox 724 1672 748 1706; x_wconf 90' lang='lat' dir='ltr'>si</span> <span class='ocrx_word' id='word_1_166' title='bbox 772 1673 889 1718; x_wconf 81' lang='lat' dir='ltr'>gratiae</span> <span class='ocrx_word' id='word_1_167' title='bbox 912 1673 1026 1708; x_wconf 88' lang='lat' dir='ltr'>buius-</span> 
     </span>
     <span class='ocr_line' id='line_1_35' title="bbox 275 1725 1025 1775; baseline 0.005 -15"><span class='ocrx_word' id='word_1_168' title='bbox 275 1725 359 1761; x_wconf 90' lang='lat' dir='ltr'>modi</span> <span class='ocrx_word' id='word_1_169' title='bbox 382 1726 460 1761; x_wconf 88' lang='lat' dir='ltr'>tales</span> <span class='ocrx_word' id='word_1_170' title='bbox 486 1726 612 1767; x_wconf 89' lang='lat' dir='ltr'>fuerint,</span> <span class='ocrx_word' id='word_1_171' title='bbox 645 1739 726 1774; x_wconf 82' lang='lat' dir='ltr'>quae</span> <span class='ocrx_word' id='word_1_172' title='bbox 749 1728 843 1762; x_wconf 85' lang='lat' dir='ltr'>ctiam</span> <span class='ocrx_word' id='word_1_173' title='bbox 868 1740 923 1775; x_wconf 88' lang='lat' dir='ltr'>pro</span> <span class='ocrx_word' id='word_1_174' title='bbox 952 1728 1025 1774; x_wconf 87' lang='lat' dir='ltr'>illis,</span> 
     </span>
     <span class='ocr_line' id='line_1_36' title="bbox 273 1779 1025 1828; baseline 0.007 -15"><span class='ocrx_word' id='word_1_175' title='bbox 273 1780 338 1826; x_wconf 89' lang='lat' dir='ltr'>qui,</span> <span class='ocrx_word' id='word_1_176' title='bbox 352 1779 435 1814; x_wconf 82' lang='lat' dir='ltr'>iuxta</span> <span class='ocrx_word' id='word_1_177' title='bbox 452 1780 588 1815; x_wconf 85' lang='lat' dir='ltr'>rotulum</span> <span class='ocrx_word' id='word_1_178' title='bbox 605 1790 747 1816; x_wconf 88' lang='lat' dir='ltr'>nostrum</span> <span class='ocrx_word' id='word_1_179' title='bbox 767 1790 797 1815; x_wconf 87' lang='lat' dir='ltr'>et</span> <span class='ocrx_word' id='word_1_180' title='bbox 813 1793 868 1828; x_wconf 90' lang='lat' dir='ltr'>pro</span> <span class='ocrx_word' id='word_1_181' title='bbox 885 1790 1025 1828; x_wconf 85' lang='lat' dir='ltr'>tempore</span> 
     </span>
     <span class='ocr_line' id='line_1_37' title="bbox 274 1833 1026 1871; baseline 0.004 -3"><span class='ocrx_word' id='word_1_182' title='bbox 274 1834 475 1869; x_wconf 81' lang='lat' dir='ltr'>existentium</span> <span class='ocrx_word' id='word_1_183' title='bbox 494 1833 711 1870; x_wconf 84' lang='lat' dir='ltr'>Romanorum</span> <span class='ocrx_word' id='word_1_184' title='bbox 729 1834 918 1871; x_wconf 79' lang='lat' dir='ltr'>Pontificum</span> <span class='ocrx_word' id='word_1_185' title='bbox 938 1836 1026 1871; x_wconf 80' lang='lat' dir='ltr'>fami-</span> 
     </span>
     <span class='ocr_line' id='line_1_38' title="bbox 273 1887 1025 1936; baseline 0.007 -15"><span class='ocrx_word' id='word_1_186' title='bbox 273 1887 408 1929; x_wconf 85' lang='lat' dir='ltr'>liarium,</span> <span class='ocrx_word' id='word_1_187' title='bbox 431 1888 656 1924; x_wconf 89' lang='lat' dir='ltr'>continuorum</span> <span class='ocrx_word' id='word_1_188' title='bbox 680 1890 964 1936; x_wconf 73' lang='lat' dir='ltr'>commensalium,</span> <span class='ocrx_word' id='word_1_189' title='bbox 987 1891 1025 1926; x_wconf 88' lang='lat' dir='ltr'>de</span> 
     </span>
     <span class='ocr_line' id='line_1_39' title="bbox 274 1942 1025 1992; baseline 0.008 -17"><span class='ocrx_word' id='word_1_190' title='bbox 274 1950 380 1978; x_wconf 90' lang='lat' dir='ltr'>nostro</span> <span class='ocrx_word' id='word_1_191' title='bbox 402 1951 455 1976; x_wconf 91' lang='lat' dir='ltr'>aut</span> <span class='ocrx_word' id='word_1_192' title='bbox 478 1942 603 1979; x_wconf 89' lang='lat' dir='ltr'>illorum</span> <span class='ocrx_word' id='word_1_193' title='bbox 626 1943 774 1979; x_wconf 88' lang='lat' dir='ltr'>mandato</span> <span class='ocrx_word' id='word_1_194' title='bbox 805 1957 860 1991; x_wconf 88' lang='lat' dir='ltr'>pro</span> <span class='ocrx_word' id='word_1_195' title='bbox 885 1953 1025 1992; x_wconf 86' lang='lat' dir='ltr'>tempore</span> 
     </span>
     <span class='ocr_line' id='line_1_40' title="bbox 273 1995 1025 2046; baseline 0.005 -16"><span class='ocrx_word' id='word_1_196' title='bbox 273 1995 453 2031; x_wconf 89' lang='lat' dir='ltr'>ordinatum</span> <span class='ocrx_word' id='word_1_197' title='bbox 471 2024 478 2038; x_wconf 93' lang='lat'>,</span> <span class='ocrx_word' id='word_1_198' title='bbox 500 1997 594 2043; x_wconf 80' lang='lat' dir='ltr'>gratis</span> <span class='ocrx_word' id='word_1_199' title='bbox 610 1998 758 2045; x_wconf 83' lang='lat' dir='ltr'>expedire</span> <span class='ocrx_word' id='word_1_200' title='bbox 782 2007 1025 2046; x_wconf 85' lang='lat' dir='ltr'>consueverunt,</span> 
     </span>
     <span class='ocr_line' id='line_1_41' title="bbox 273 2050 1024 2099; baseline 0.007 -14"><span class='ocrx_word' id='word_1_201' title='bbox 273 2050 455 2086; x_wconf 88' lang='lat' dir='ltr'>mandatum</span> <span class='ocrx_word' id='word_1_202' title='bbox 490 2051 626 2099; x_wconf 86' lang='lat' dir='ltr'>speciale</span> <span class='ocrx_word' id='word_1_203' title='bbox 661 2065 676 2087; x_wconf 91' lang='lat' dir='ltr'>a</span> <span class='ocrx_word' id='word_1_204' title='bbox 705 2053 796 2088; x_wconf 91' lang='lat' dir='ltr'>nobis</span> <span class='ocrx_word' id='word_1_205' title='bbox 824 2054 871 2088; x_wconf 90' lang='lat' dir='ltr'>vel</span> <span class='ocrx_word' id='word_1_206' title='bbox 894 2067 1024 2090; x_wconf 86' lang='lat' dir='ltr'>succes-</span> 
     </span>
     <span class='ocr_line' id='line_1_42' title="bbox 272 2104 1023 2155; baseline 0.007 -15"><span class='ocrx_word' id='word_1_207' title='bbox 272 2104 395 2140; x_wconf 90' lang='lat' dir='ltr'>soribus</span> <span class='ocrx_word' id='word_1_208' title='bbox 418 2105 569 2140; x_wconf 87' lang='lat' dir='ltr'>Romanis</span> <span class='ocrx_word' id='word_1_209' title='bbox 581 2106 788 2142; x_wconf 80' lang='lat' dir='ltr'>Pontificibus</span> <span class='ocrx_word' id='word_1_210' title='bbox 811 2108 967 2155; x_wconf 84' lang='lat' dir='ltr'>praefatis,</span> <span class='ocrx_word' id='word_1_211' title='bbox 986 2109 1023 2145; x_wconf 85' lang='lat' dir='ltr'>ad</span> 
     </span>
     <span class='ocr_line' id='line_1_43' title="bbox 271 2159 1025 2209; baseline 0.005 -14"><span class='ocrx_word' id='word_1_212' title='bbox 271 2159 416 2195; x_wconf 78' lang='lat' dir='ltr'>effectum</span> <span class='ocrx_word' id='word_1_213' title='bbox 440 2160 507 2196; x_wconf 89' lang='lat' dir='ltr'>illas</span> <span class='ocrx_word' id='word_1_214' title='bbox 523 2161 619 2208; x_wconf 79' lang='lat' dir='ltr'>gratis</span> <span class='ocrx_word' id='word_1_215' title='bbox 646 2162 846 2209; x_wconf 86' lang='lat' dir='ltr'>expediendi,</span> <span class='ocrx_word' id='word_1_216' title='bbox 875 2176 1025 2199; x_wconf 83' lang='lat' dir='ltr'>neccssa-</span> 
     </span>
     <span class='ocr_line' id='line_1_44' title="bbox 271 2214 1023 2263; baseline 0.005 -14"><span class='ocrx_word' id='word_1_217' title='bbox 271 2214 353 2250; x_wconf 86' lang='lat' dir='ltr'>rium</span> <span class='ocrx_word' id='word_1_218' title='bbox 370 2214 460 2259; x_wconf 79' lang='lat' dir='ltr'>foret,</span> <span class='ocrx_word' id='word_1_219' title='bbox 482 2216 579 2261; x_wconf 80' lang='lat' dir='ltr'>gratis</span> <span class='ocrx_word' id='word_1_220' title='bbox 602 2215 718 2262; x_wconf 90' lang='lat' dir='ltr'>ubique</span> <span class='ocrx_word' id='word_1_221' title='bbox 739 2216 768 2250; x_wconf 89' lang='lat' dir='ltr'>in</span> <span class='ocrx_word' id='word_1_222' title='bbox 792 2217 927 2263; x_wconf 80' lang='lat' dir='ltr'>singulis</span> <span class='ocrx_word' id='word_1_223' title='bbox 948 2218 1023 2254; x_wconf 87' lang='lat' dir='ltr'>dile-</span> 
     </span>
     <span class='ocr_line' id='line_1_45' title="bbox 271 2269 1024 2318; baseline 0.007 -14"><span class='ocrx_word' id='word_1_224' title='bbox 271 2277 393 2305; x_wconf 84' lang='lat' dir='ltr'>ctorum</span> <span class='ocrx_word' id='word_1_225' title='bbox 416 2269 553 2305; x_wconf 85' lang='lat' dir='ltr'>liliorum</span> <span class='ocrx_word' id='word_1_226' title='bbox 585 2271 800 2318; x_wconf 87' lang='lat' dir='ltr'>scriptorum,</span> <span class='ocrx_word' id='word_1_227' title='bbox 829 2272 1024 2309; x_wconf 79' lang='lat' dir='ltr'>abbreviato-</span> 
     </span>
     <span class='ocr_line' id='line_1_46' title="bbox 271 2323 1024 2372; baseline 0.007 -14"><span class='ocrx_word' id='word_1_228' title='bbox 271 2336 353 2368; x_wconf 85' lang='lat' dir='ltr'>rum,</span> <span class='ocrx_word' id='word_1_229' title='bbox 372 2323 465 2359; x_wconf 88' lang='lat' dir='ltr'>etiam</span> <span class='ocrx_word' id='word_1_230' title='bbox 488 2323 527 2359; x_wconf 92' lang='lat' dir='ltr'>de</span> <span class='ocrx_word' id='word_1_231' title='bbox 543 2324 652 2359; x_wconf 88' lang='lat' dir='ltr'>maiori</span> <span class='ocrx_word' id='word_1_232' title='bbox 671 2325 893 2372; x_wconf 77' lang='lat' dir='ltr'>praesidentia,</span> <span class='ocrx_word' id='word_1_233' title='bbox 916 2339 1024 2363; x_wconf 89' lang='lat' dir='ltr'>secre-</span> 
     </span>
     <span class='ocr_line' id='line_1_47' title="bbox 271 2378 1024 2429; baseline 0.007 -16"><span class='ocrx_word' id='word_1_234' title='bbox 271 2378 432 2420; x_wconf 86' lang='lat' dir='ltr'>tariorum,</span> <span class='ocrx_word' id='word_1_235' title='bbox 454 2378 706 2425; x_wconf 85' lang='lat' dir='ltr'>sollicitatorum,</span> <span class='ocrx_word' id='word_1_236' title='bbox 731 2380 914 2429; x_wconf 85' lang='lat' dir='ltr'>plumbique</span> <span class='ocrx_word' id='word_1_237' title='bbox 934 2389 964 2417; x_wconf 90' lang='lat' dir='ltr'>ct</span> <span class='ocrx_word' id='word_1_238' title='bbox 981 2395 1024 2418; x_wconf 92' lang='lat' dir='ltr'>re-</span> 
     </span>
     <span class='ocr_line' id='line_1_48' title="bbox 271 2433 1023 2481; baseline 0.007 -14"><span class='ocrx_word' id='word_1_239' title='bbox 271 2433 357 2481; x_wconf 86' lang='lat' dir='ltr'>gistri</span> <span class='ocrx_word' id='word_1_240' title='bbox 370 2433 574 2481; x_wconf 80' lang='lat' dir='ltr'>scriptorum,</span> <span class='ocrx_word' id='word_1_241' title='bbox 596 2446 631 2469; x_wconf 90' lang='lat' dir='ltr'>ac</span> <span class='ocrx_word' id='word_1_242' title='bbox 654 2435 892 2481; x_wconf 80' lang='lat' dir='ltr'>registratorum</span> <span class='ocrx_word' id='word_1_243' title='bbox 916 2448 1023 2473; x_wconf 89' lang='lat' dir='ltr'>corre-</span> 
     </span>
     <span class='ocr_line' id='line_1_49' title="bbox 272 2487 1022 2537; baseline 0.004 -14"><span class='ocrx_word' id='word_1_244' title='bbox 272 2487 380 2530; x_wconf 86' lang='lat' dir='ltr'>ctoris,</span> <span class='ocrx_word' id='word_1_245' title='bbox 426 2495 457 2524; x_wconf 90' lang='lat' dir='ltr'>et</span> <span class='ocrx_word' id='word_1_246' title='bbox 490 2496 728 2537; x_wconf 87' lang='lat' dir='ltr'>procuratorum</span> <span class='ocrx_word' id='word_1_247' title='bbox 759 2489 1022 2527; x_wconf 79' lang='lat' dir='ltr'>contradictarum</span> 
     </span>
     <span class='ocr_line' id='line_1_50' title="bbox 272 2542 1022 2593; baseline 0.007 -16"><span class='ocrx_word' id='word_1_248' title='bbox 272 2542 467 2592; x_wconf 88' lang='lat' dir='ltr'>aliorumque</span> <span class='ocrx_word' id='word_1_249' title='bbox 505 2543 718 2580; x_wconf 85' lang='lat' dir='ltr'>Cancellariae</span> <span class='ocrx_word' id='word_1_250' title='bbox 754 2544 953 2593; x_wconf 86' lang='lat' dir='ltr'>Apostolicae</span> <span class='ocrx_word' id='word_1_251' title='bbox 987 2559 1022 2582; x_wconf 85' lang='lat' dir='ltr'>ac</span> 
     </span>
     <span class='ocr_line' id='line_1_51' title="bbox 271 2596 1023 2649; baseline 0.005 -16"><span class='ocrx_word' id='word_1_252' title='bbox 271 2596 432 2635; x_wconf 83' lang='lat' dir='ltr'>Romanae</span> <span class='ocrx_word' id='word_1_253' title='bbox 453 2598 568 2635; x_wconf 87' lang='lat' dir='ltr'>Curiae</span> <span class='ocrx_word' id='word_1_254' title='bbox 590 2599 768 2635; x_wconf 84' lang='lat' dir='ltr'>officialium</span> <span class='ocrx_word' id='word_1_255' title='bbox 795 2612 1023 2649; x_wconf 88' lang='lat' dir='ltr'>quorumcum-</span> 
     </span>
     <span class='ocr_line' id='line_1_52' title="bbox 272 2653 1022 2700; baseline 0.007 -12"><span class='ocrx_word' id='word_1_256' title='bbox 272 2664 351 2700; x_wconf 85' lang='lat' dir='ltr'>que,</span> <span class='ocrx_word' id='word_1_257' title='bbox 373 2653 441 2690; x_wconf 89' lang='lat' dir='ltr'>sine</span> <span class='ocrx_word' id='word_1_258' title='bbox 468 2653 603 2691; x_wconf 87' lang='lat' dir='ltr'>alicuius</span> <span class='ocrx_word' id='word_1_259' title='bbox 630 2663 719 2692; x_wconf 85' lang='lat' dir='ltr'>taxae</span> <span class='ocrx_word' id='word_1_260' title='bbox 742 2663 795 2691; x_wconf 82' lang='lat' dir='ltr'>aut</span> <span class='ocrx_word' id='word_1_261' title='bbox 822 2655 1022 2693; x_wconf 84' lang='lat' dir='ltr'>emolumen-</span> 
     </span>
    </p>
   </div>
   <div class='ocr_carea' id='block_1_6' title="bbox 1701 254 1770 287">
    <p class='ocr_par' dir='ltr' id='par_1_7' title="bbox 1701 254 1770 287">
     <span class='ocr_line' id='line_1_53' title="bbox 1701 254 1770 287; baseline 0 0"><span class='ocrx_word' id='word_1_262' title='bbox 1701 254 1770 287; x_wconf 82' lang='lat'>567</span> 
     </span>
    </p>
   </div>
   <div class='ocr_carea' id='block_1_7' title="bbox 1063 318 2016 2652">
    <p class='ocr_par' dir='ltr' id='par_1_8' title="bbox 1073 318 1820 419">
     <span class='ocr_line' id='line_1_54' title="bbox 1073 318 1820 368; baseline 0.003 -15"><span class='ocrx_word' id='word_1_263' title='bbox 1073 326 1188 359; x_wconf 89' lang='lat' dir='ltr'>torum,</span> <span class='ocrx_word' id='word_1_264' title='bbox 1204 319 1296 354; x_wconf 88' lang='lat' dir='ltr'>etiam</span> <span class='ocrx_word' id='word_1_265' title='bbox 1311 318 1476 365; x_wconf 84' lang='lat' dir='ltr'>regalium,</span> <span class='ocrx_word' id='word_1_266' title='bbox 1491 319 1659 360; x_wconf 83' lang='lat' dir='ltr'>solutione,</span> <span class='ocrx_word' id='word_1_267' title='bbox 1673 320 1820 368; x_wconf 83' lang='lat' dir='ltr'>expedire</span> 
     </span>
     <span class='ocr_line' id='line_1_55' title="bbox 1073 372 1414 419; baseline 0 -11"><span class='ocrx_word' id='word_1_268' title='bbox 1073 373 1194 419; x_wconf 87' lang='lat' dir='ltr'>possint</span> <span class='ocrx_word' id='word_1_269' title='bbox 1216 381 1246 408; x_wconf 90' lang='lat' dir='ltr'>et</span> <span class='ocrx_word' id='word_1_270' title='bbox 1268 372 1414 408; x_wconf 90' lang='lat' dir='ltr'>debeant.</span> 
     </span>
    </p>

    <p class='ocr_par' dir='ltr' id='par_1_9' title="bbox 1070 428 2016 1166">
     <span class='ocr_line' id='line_1_56' title="bbox 1121 428 2016 479; baseline 0.002 -17"><span class='ocrx_word' id='word_1_271' title='bbox 1121 432 1136 472; x_wconf 63' lang='grc' dir='ltr'>ἓ</span> <span class='ocrx_word' id='word_1_272' title='bbox 1164 432 1197 463; x_wconf 88' lang='grc'>5.</span> <span class='ocrx_word' id='word_1_273' title='bbox 1220 428 1259 463; x_wconf 83' lang='grc' dir='ltr'>Ει</span> <span class='ocrx_word' id='word_1_274' title='bbox 1282 428 1500 470; x_wconf 88' lang='lat' dir='ltr'>nibilominus,</span> <span class='ocrx_word' id='word_1_275' title='bbox 1516 428 1635 463; x_wconf 89' lang='lat' dir='ltr'>eisdem</span> <span class='ocrx_word' id='word_1_276' title='bbox 1658 430 1820 477; x_wconf 89' lang='lat' dir='ltr'>scriptori·</span> <span class='ocrx_word' id='word_1_277' title='bbox 1848 441 2016 479; x_wconf 50' lang='lat' dir='ltr'>mmmm</span> 
     </span>
     <span class='ocr_line' id='line_1_57' title="bbox 1072 473 2016 533; baseline 0.004 -17"><span class='ocrx_word' id='word_1_278' title='bbox 1072 481 1141 522; x_wconf 89' lang='lat' dir='ltr'>bus,</span> <span class='ocrx_word' id='word_1_279' title='bbox 1155 482 1435 523; x_wconf 83' lang='lat' dir='ltr'>abbreviatoribus,</span> <span class='ocrx_word' id='word_1_280' title='bbox 1458 483 1649 529; x_wconf 78' lang='lat' dir='ltr'>secretariis,</span> <span class='ocrx_word' id='word_1_281' title='bbox 1671 484 1820 519; x_wconf 84' lang='lat' dir='ltr'>sollicita·</span> <span class='ocrx_word' id='word_1_282' title='bbox 1834 473 2016 533; x_wconf 49' lang='lat' dir='ltr'>{fflffiffifi&#39;iffl</span> 
     </span>
     <span class='ocr_line' id='line_1_58' title="bbox 1073 536 1818 584; baseline 0.005 -14"><span class='ocrx_word' id='word_1_283' title='bbox 1073 536 1201 577; x_wconf 89' lang='lat' dir='ltr'>toribus,</span> <span class='ocrx_word' id='word_1_284' title='bbox 1225 537 1393 584; x_wconf 80' lang='lat' dir='ltr'>magistris,</span> <span class='ocrx_word' id='word_1_285' title='bbox 1418 536 1651 583; x_wconf 83' lang='lat' dir='ltr'>collectoribus,</span> <span class='ocrx_word' id='word_1_286' title='bbox 1679 538 1818 574; x_wconf 88' lang='lat' dir='ltr'>brevium</span> 
     </span>
     <span class='ocr_line' id='line_1_59' title="bbox 1071 590 1819 637; baseline 0.007 -14"><span class='ocrx_word' id='word_1_287' title='bbox 1071 590 1277 637; x_wconf 83' lang='lat' dir='ltr'>scriptoribus</span> <span class='ocrx_word' id='word_1_288' title='bbox 1293 618 1300 631; x_wconf 84' lang='lat'>,</span> <span class='ocrx_word' id='word_1_289' title='bbox 1324 591 1576 637; x_wconf 79' lang='lat' dir='ltr'>registratoribus</span> <span class='ocrx_word' id='word_1_290' title='bbox 1603 601 1631 627; x_wconf 91' lang='lat' dir='ltr'>et</span> <span class='ocrx_word' id='word_1_291' title='bbox 1664 593 1732 628; x_wconf 88' lang='lat' dir='ltr'>aliis</span> <span class='ocrx_word' id='word_1_292' title='bbox 1749 622 1757 632; x_wconf 86' lang='lat'>,</span> <span class='ocrx_word' id='word_1_293' title='bbox 1782 593 1819 628; x_wconf 88' lang='lat' dir='ltr'>ad</span> 
     </span>
     <span class='ocr_line' id='line_1_60' title="bbox 1071 645 1820 691; baseline 0.009 -15"><span class='ocrx_word' id='word_1_294' title='bbox 1071 656 1150 690; x_wconf 90' lang='lat' dir='ltr'>quos</span> <span class='ocrx_word' id='word_1_295' title='bbox 1173 645 1317 691; x_wconf 80' lang='lat' dir='ltr'>pertinet,</span> <span class='ocrx_word' id='word_1_296' title='bbox 1335 645 1364 679; x_wconf 91' lang='lat' dir='ltr'>in</span> <span class='ocrx_word' id='word_1_297' title='bbox 1382 645 1495 680; x_wconf 77' lang='lat' dir='ltr'>virtute</span> <span class='ocrx_word' id='word_1_298' title='bbox 1517 655 1641 681; x_wconf 86' lang='lat' dir='ltr'>sanctae</span> <span class='ocrx_word' id='word_1_299' title='bbox 1668 647 1820 683; x_wconf 89' lang='lat' dir='ltr'>obedien-</span> 
     </span>
     <span class='ocr_line' id='line_1_61' title="bbox 1071 698 1821 743; baseline 0.008 -12"><span class='ocrx_word' id='word_1_300' title='bbox 1071 698 1142 743; x_wconf 86' lang='lat' dir='ltr'>tiae,</span> <span class='ocrx_word' id='word_1_301' title='bbox 1157 710 1192 733; x_wconf 88' lang='lat' dir='ltr'>ac</span> <span class='ocrx_word' id='word_1_302' title='bbox 1207 699 1267 733; x_wconf 89' lang='lat' dir='ltr'>sub</span> <span class='ocrx_word' id='word_1_303' title='bbox 1289 699 1628 735; x_wconf 83' lang='lat' dir='ltr'>excommunicationis</span> <span class='ocrx_word' id='word_1_304' title='bbox 1646 702 1821 737; x_wconf 86' lang='lat' dir='ltr'>sententiae</span> 
     </span>
     <span class='ocr_line' id='line_1_62' title="bbox 1072 753 1821 804; baseline 0.008 -18"><span class='ocrx_word' id='word_1_305' title='bbox 1072 763 1187 798; x_wconf 91' lang='lat' dir='ltr'>poena,</span> <span class='ocrx_word' id='word_1_306' title='bbox 1210 765 1317 799; x_wconf 87' lang='lat' dir='ltr'>quam,</span> <span class='ocrx_word' id='word_1_307' title='bbox 1339 753 1364 788; x_wconf 89' lang='lat' dir='ltr'>si</span> <span class='ocrx_word' id='word_1_308' title='bbox 1388 761 1495 788; x_wconf 82' lang='lat' dir='ltr'>contra</span> <span class='ocrx_word' id='word_1_309' title='bbox 1524 753 1664 796; x_wconf 84' lang='lat' dir='ltr'>fecerint,</span> <span class='ocrx_word' id='word_1_310' title='bbox 1692 767 1729 791; x_wconf 86' lang='lat' dir='ltr'>eo</span> <span class='ocrx_word' id='word_1_311' title='bbox 1752 756 1821 804; x_wconf 89' lang='lat' dir='ltr'>ipso</span> 
     </span>
     <span class='ocr_line' id='line_1_63' title="bbox 1072 806 1822 857; baseline 0.008 -18"><span class='ocrx_word' id='word_1_312' title='bbox 1072 806 1231 841; x_wconf 89' lang='lat' dir='ltr'>incurrere</span> <span class='ocrx_word' id='word_1_313' title='bbox 1259 807 1416 845; x_wconf 80' lang='lat' dir='ltr'>volumus.</span> <span class='ocrx_word' id='word_1_314' title='bbox 1444 807 1582 842; x_wconf 87' lang='lat' dir='ltr'>districte</span> <span class='ocrx_word' id='word_1_315' title='bbox 1610 810 1822 857; x_wconf 87' lang='lat' dir='ltr'>praecipimus</span> 
     </span>
     <span class='ocr_line' id='line_1_64' title="bbox 1070 860 1820 910; baseline 0.008 -17"><span class='ocrx_word' id='word_1_316' title='bbox 1070 867 1100 893; x_wconf 86' lang='lat' dir='ltr'>et</span> <span class='ocrx_word' id='word_1_317' title='bbox 1129 860 1313 896; x_wconf 85' lang='lat' dir='ltr'>mandamus</span> <span class='ocrx_word' id='word_1_318' title='bbox 1335 869 1491 908; x_wconf 80' lang='lat' dir='ltr'>qtratenus</span> <span class='ocrx_word' id='word_1_319' title='bbox 1511 861 1617 897; x_wconf 87' lang='lat' dir='ltr'>literas</span> <span class='ocrx_word' id='word_1_320' title='bbox 1635 863 1820 910; x_wconf 82' lang='lat' dir='ltr'>praedictas,</span> 
     </span>
     <span class='ocr_line' id='line_1_65' title="bbox 1071 915 1821 961; baseline 0.009 -15"><span class='ocrx_word' id='word_1_321' title='bbox 1071 926 1126 961; x_wconf 90' lang='lat' dir='ltr'>pro</span> <span class='ocrx_word' id='word_1_322' title='bbox 1148 915 1284 960; x_wconf 82' lang='lat' dir='ltr'>singulis</span> <span class='ocrx_word' id='word_1_323' title='bbox 1308 928 1344 949; x_wconf 83' lang='lat' dir='ltr'>ex</span> <span class='ocrx_word' id='word_1_324' title='bbox 1371 915 1569 951; x_wconf 86' lang='lat' dir='ltr'>auditoribus</span> <span class='ocrx_word' id='word_1_325' title='bbox 1584 924 1614 951; x_wconf 93' lang='lat' dir='ltr'>et</span> <span class='ocrx_word' id='word_1_326' title='bbox 1636 918 1821 953; x_wconf 88' lang='lat' dir='ltr'>locatenen-</span> 
     </span>
     <span class='ocr_line' id='line_1_66' title="bbox 1071 968 1822 1018; baseline 0.007 -16"><span class='ocrx_word' id='word_1_327' title='bbox 1071 968 1155 1003; x_wconf 87' lang='lat' dir='ltr'>tibus</span> <span class='ocrx_word' id='word_1_328' title='bbox 1183 969 1362 1015; x_wconf 86' lang='lat' dir='ltr'>praedictis,</span> <span class='ocrx_word' id='word_1_329' title='bbox 1389 969 1553 1017; x_wconf 86' lang='lat' dir='ltr'>quibusvis</span> <span class='ocrx_word' id='word_1_330' title='bbox 1581 972 1766 1018; x_wconf 85' lang='lat' dir='ltr'>exceptione</span> <span class='ocrx_word' id='word_1_331' title='bbox 1791 981 1822 1007; x_wconf 86' lang='lat' dir='ltr'>ct</span> 
     </span>
     <span class='ocr_line' id='line_1_67' title="bbox 1070 1021 1821 1070; baseline 0.005 -14"><span class='ocrx_word' id='word_1_332' title='bbox 1070 1021 1219 1057; x_wconf 87' lang='lat' dir='ltr'>dilatione</span> <span class='ocrx_word' id='word_1_333' title='bbox 1243 1035 1278 1058; x_wconf 85' lang='lat' dir='ltr'>ac</span> <span class='ocrx_word' id='word_1_334' title='bbox 1300 1024 1530 1070; x_wconf 85' lang='lat' dir='ltr'>compositione</span> <span class='ocrx_word' id='word_1_335' title='bbox 1556 1025 1764 1068; x_wconf 84' lang='lat' dir='ltr'>cessantibus,</span> <span class='ocrx_word' id='word_1_336' title='bbox 1780 1027 1821 1061; x_wconf 91' lang='lat' dir='ltr'>li-</span> 
     </span>
     <span class='ocr_line' id='line_1_68' title="bbox 1070 1076 1822 1128; baseline 0.007 -17"><span class='ocrx_word' id='word_1_337' title='bbox 1070 1076 1142 1111; x_wconf 85' lang='lat' dir='ltr'>bere</span> <span class='ocrx_word' id='word_1_338' title='bbox 1164 1078 1342 1124; x_wconf 79' lang='lat' dir='ltr'>expediant,</span> <span class='ocrx_word' id='word_1_339' title='bbox 1357 1086 1387 1112; x_wconf 91' lang='lat' dir='ltr'>et</span> <span class='ocrx_word' id='word_1_340' title='bbox 1409 1078 1549 1125; x_wconf 84' lang='lat' dir='ltr'>expediri</span> <span class='ocrx_word' id='word_1_341' title='bbox 1573 1078 1686 1114; x_wconf 87' lang='lat' dir='ltr'>faciant</span> <span class='ocrx_word' id='word_1_342' title='bbox 1702 1089 1733 1115; x_wconf 89' lang='lat' dir='ltr'>et</span> <span class='ocrx_word' id='word_1_343' title='bbox 1749 1093 1822 1128; x_wconf 89' lang='lat' dir='ltr'>per-</span> 
     </span>
     <span class='ocr_line' id='line_1_69' title="bbox 1071 1139 1203 1166; baseline 0.015 -2"><span class='ocrx_word' id='word_1_344' title='bbox 1071 1139 1203 1166; x_wconf 85' lang='lat' dir='ltr'>mittant.</span> 
     </span>
    </p>

    <p class='ocr_par' dir='ltr' id='par_1_10' title="bbox 1067 1185 1823 2103">
     <span class='ocr_line' id='line_1_70' title="bbox 1118 1185 1823 1231; baseline 0.006 -12"><span class='ocrx_word' id='word_1_345' title='bbox 1118 1185 1138 1231; x_wconf 67' lang='lat' dir='ltr'>S</span> <span class='ocrx_word' id='word_1_346' title='bbox 1160 1189 1192 1220; x_wconf 81' lang='lat'>4.</span> <span class='ocrx_word' id='word_1_347' title='bbox 1215 1185 1371 1228; x_wconf 83' lang='lat' dir='ltr'>Quocirca</span> <span class='ocrx_word' id='word_1_348' title='bbox 1388 1185 1618 1221; x_wconf 87' lang='lat' dir='ltr'>venerabilibus</span> <span class='ocrx_word' id='word_1_349' title='bbox 1632 1188 1749 1222; x_wconf 87' lang='lat' dir='ltr'>nostris</span> <span class='ocrx_word' id='word_1_350' title='bbox 1766 1189 1823 1223; x_wconf 84' lang='lat' dir='ltr'>As·</span> 
     </span>
     <span class='ocr_line' id='line_1_71' title="bbox 1069 1239 1821 1287; baseline 0.008 -14"><span class='ocrx_word' id='word_1_351' title='bbox 1069 1239 1172 1273; x_wconf 90' lang='lat' dir='ltr'>culan.</span> <span class='ocrx_word' id='word_1_352' title='bbox 1201 1247 1232 1274; x_wconf 89' lang='lat' dir='ltr'>et</span> <span class='ocrx_word' id='word_1_353' title='bbox 1254 1239 1345 1287; x_wconf 80' lang='lat' dir='ltr'>Sign.</span> <span class='ocrx_word' id='word_1_354' title='bbox 1368 1240 1536 1287; x_wconf 87' lang='lat' dir='ltr'>episcopis,</span> <span class='ocrx_word' id='word_1_355' title='bbox 1555 1252 1591 1275; x_wconf 84' lang='lat' dir='ltr'>ac</span> <span class='ocrx_word' id='word_1_356' title='bbox 1613 1240 1728 1277; x_wconf 90' lang='lat' dir='ltr'>dilecto</span> <span class='ocrx_word' id='word_1_357' title='bbox 1756 1243 1821 1279; x_wconf 88' lang='lat' dir='ltr'>filio</span> 
     </span>
     <span class='ocr_line' id='line_1_72' title="bbox 1069 1293 1822 1345; baseline 0.008 -18"><span class='ocrx_word' id='word_1_358' title='bbox 1069 1293 1098 1327; x_wconf 93' lang='lat' dir='ltr'>in</span> <span class='ocrx_word' id='word_1_359' title='bbox 1121 1293 1201 1328; x_wconf 87' lang='lat' dir='ltr'>alma</span> <span class='ocrx_word' id='word_1_360' title='bbox 1226 1293 1310 1329; x_wconf 87' lang='lat' dir='ltr'>Urbe</span> <span class='ocrx_word' id='word_1_361' title='bbox 1338 1294 1458 1329; x_wconf 85' lang='lat' dir='ltr'>eteius</span> <span class='ocrx_word' id='word_1_362' title='bbox 1486 1295 1630 1330; x_wconf 89' lang='lat' dir='ltr'>districtu</span> <span class='ocrx_word' id='word_1_363' title='bbox 1661 1296 1692 1331; x_wconf 91' lang='lat' dir='ltr'>in</span> <span class='ocrx_word' id='word_1_364' title='bbox 1720 1298 1822 1345; x_wconf 85' lang='lat' dir='ltr'>spiri-</span> 
     </span>
     <span class='ocr_line' id='line_1_73' title="bbox 1069 1347 1821 1397; baseline 0.009 -16"><span class='ocrx_word' id='word_1_365' title='bbox 1069 1347 1204 1383; x_wconf 87' lang='lat' dir='ltr'>tualibus</span> <span class='ocrx_word' id='word_1_366' title='bbox 1228 1348 1343 1384; x_wconf 84' lang='lat' dir='ltr'>vicario</span> <span class='ocrx_word' id='word_1_367' title='bbox 1374 1348 1537 1395; x_wconf 81' lang='lat' dir='ltr'>generali,</span> <span class='ocrx_word' id='word_1_368' title='bbox 1566 1361 1622 1396; x_wconf 89' lang='lat' dir='ltr'>per</span> <span class='ocrx_word' id='word_1_369' title='bbox 1652 1352 1821 1397; x_wconf 87' lang='lat' dir='ltr'>apostolica</span> 
     </span>
     <span class='ocr_line' id='line_1_74' title="bbox 1069 1402 1822 1453; baseline 0.009 -17"><span class='ocrx_word' id='word_1_370' title='bbox 1069 1402 1195 1449; x_wconf 86' lang='lat' dir='ltr'>scripta,</span> <span class='ocrx_word' id='word_1_371' title='bbox 1212 1411 1299 1438; x_wconf 89' lang='lat' dir='ltr'>motu</span> <span class='ocrx_word' id='word_1_372' title='bbox 1326 1403 1421 1438; x_wconf 89' lang='lat' dir='ltr'>simili</span> <span class='ocrx_word' id='word_1_373' title='bbox 1449 1403 1637 1440; x_wconf 88' lang='lat' dir='ltr'>mandamus</span> <span class='ocrx_word' id='word_1_374' title='bbox 1666 1415 1822 1453; x_wconf 88' lang='lat' dir='ltr'>quatenus</span> 
     </span>
     <span class='ocr_line' id='line_1_75' title="bbox 1070 1456 1819 1505; baseline 0.009 -15"><span class='ocrx_word' id='word_1_375' title='bbox 1070 1456 1141 1503; x_wconf 89' lang='lat' dir='ltr'>ipsi,</span> <span class='ocrx_word' id='word_1_376' title='bbox 1164 1456 1212 1491; x_wconf 87' lang='lat' dir='ltr'>vel</span> <span class='ocrx_word' id='word_1_377' title='bbox 1236 1457 1299 1492; x_wconf 92' lang='lat' dir='ltr'>duo</span> <span class='ocrx_word' id='word_1_378' title='bbox 1321 1465 1373 1492; x_wconf 88' lang='lat' dir='ltr'>aut</span> <span class='ocrx_word' id='word_1_379' title='bbox 1397 1470 1476 1492; x_wconf 90' lang='lat' dir='ltr'>unus</span> <span class='ocrx_word' id='word_1_380' title='bbox 1498 1470 1622 1503; x_wconf 83' lang='lat' dir='ltr'>eorum,</span> <span class='ocrx_word' id='word_1_381' title='bbox 1645 1471 1700 1505; x_wconf 86' lang='lat' dir='ltr'>per</span> <span class='ocrx_word' id='word_1_382' title='bbox 1720 1473 1753 1496; x_wconf 89' lang='lat' dir='ltr'>se</span> <span class='ocrx_word' id='word_1_383' title='bbox 1774 1463 1819 1497; x_wconf 91' lang='lat' dir='ltr'>vel</span> 
     </span>
     <span class='ocr_line' id='line_1_76' title="bbox 1068 1511 1820 1559; baseline 0.008 -15"><span class='ocrx_word' id='word_1_384' title='bbox 1068 1511 1164 1545; x_wconf 89' lang='lat' dir='ltr'>alium</span> <span class='ocrx_word' id='word_1_385' title='bbox 1194 1523 1250 1546; x_wconf 87' lang='lat' dir='ltr'>seu</span> <span class='ocrx_word' id='word_1_386' title='bbox 1278 1511 1366 1553; x_wconf 88' lang='lat' dir='ltr'>alios,</span> <span class='ocrx_word' id='word_1_387' title='bbox 1394 1511 1542 1559; x_wconf 85' lang='lat' dir='ltr'>praefatis</span> <span class='ocrx_word' id='word_1_388' title='bbox 1567 1513 1769 1550; x_wconf 88' lang='lat' dir='ltr'>auditoribus</span> <span class='ocrx_word' id='word_1_389' title='bbox 1790 1523 1820 1550; x_wconf 89' lang='lat' dir='ltr'>et</span> 
     </span>
     <span class='ocr_line' id='line_1_77' title="bbox 1068 1564 1819 1615; baseline 0.009 -17"><span class='ocrx_word' id='word_1_390' title='bbox 1068 1564 1329 1611; x_wconf 86' lang='lat' dir='ltr'>locatenentibus,</span> <span class='ocrx_word' id='word_1_391' title='bbox 1356 1579 1439 1601; x_wconf 88' lang='lat' dir='ltr'>nunc</span> <span class='ocrx_word' id='word_1_392' title='bbox 1461 1575 1491 1601; x_wconf 89' lang='lat' dir='ltr'>et</span> <span class='ocrx_word' id='word_1_393' title='bbox 1513 1579 1570 1615; x_wconf 86' lang='lat' dir='ltr'>pro</span> <span class='ocrx_word' id='word_1_394' title='bbox 1592 1575 1734 1615; x_wconf 88' lang='lat' dir='ltr'>tempore</span> <span class='ocrx_word' id='word_1_395' title='bbox 1752 1570 1819 1605; x_wconf 85' lang='lat' dir='ltr'>exi—</span> 
     </span>
     <span class='ocr_line' id='line_1_78' title="bbox 1068 1619 1819 1667; baseline 0.008 -14"><span class='ocrx_word' id='word_1_396' title='bbox 1068 1619 1234 1661; x_wconf 83' lang='lat' dir='ltr'>stentibus,</span> <span class='ocrx_word' id='word_1_397' title='bbox 1262 1621 1291 1654; x_wconf 87' lang='lat' dir='ltr'>in</span> <span class='ocrx_word' id='word_1_398' title='bbox 1320 1621 1509 1667; x_wconf 86' lang='lat' dir='ltr'>praemissis,</span> <span class='ocrx_word' id='word_1_399' title='bbox 1538 1620 1671 1656; x_wconf 85' lang='lat' dir='ltr'>efficacis</span> <span class='ocrx_word' id='word_1_400' title='bbox 1707 1622 1819 1658; x_wconf 88' lang='lat' dir='ltr'>defen-</span> 
     </span>
     <span class='ocr_line' id='line_1_79' title="bbox 1068 1674 1819 1721; baseline 0.007 -13"><span class='ocrx_word' id='word_1_401' title='bbox 1068 1674 1166 1709; x_wconf 91' lang='lat' dir='ltr'>sionis</span> <span class='ocrx_word' id='word_1_402' title='bbox 1183 1674 1337 1721; x_wconf 86' lang='lat' dir='ltr'>praesidio</span> <span class='ocrx_word' id='word_1_403' title='bbox 1355 1675 1553 1716; x_wconf 84' lang='lat' dir='ltr'>assistentes,</span> <span class='ocrx_word' id='word_1_404' title='bbox 1576 1674 1689 1710; x_wconf 87' lang='lat' dir='ltr'>faciant</span> <span class='ocrx_word' id='word_1_405' title='bbox 1710 1685 1819 1713; x_wconf 85' lang='lat' dir='ltr'>aucto-</span> 
     </span>
     <span class='ocr_line' id='line_1_80' title="bbox 1068 1729 1820 1779; baseline 0.007 -17"><span class='ocrx_word' id='word_1_406' title='bbox 1068 1729 1156 1763; x_wconf 87' lang='lat' dir='ltr'>ritate</span> <span class='ocrx_word' id='word_1_407' title='bbox 1171 1737 1288 1770; x_wconf 86' lang='lat' dir='ltr'>nostra,</span> <span class='ocrx_word' id='word_1_408' title='bbox 1307 1737 1470 1770; x_wconf 88' lang='lat' dir='ltr'>statutum,</span> <span class='ocrx_word' id='word_1_409' title='bbox 1485 1729 1730 1772; x_wconf 87' lang='lat' dir='ltr'>ordinationem,</span> <span class='ocrx_word' id='word_1_410' title='bbox 1745 1743 1820 1779; x_wconf 87' lang='lat' dir='ltr'>prae-</span> 
     </span>
     <span class='ocr_line' id='line_1_81' title="bbox 1067 1782 1819 1830; baseline 0.005 -14"><span class='ocrx_word' id='word_1_411' title='bbox 1067 1790 1191 1829; x_wconf 88' lang='lat' dir='ltr'>ceptum</span> <span class='ocrx_word' id='word_1_412' title='bbox 1226 1792 1257 1817; x_wconf 86' lang='lat' dir='ltr'>et</span> <span class='ocrx_word' id='word_1_413' title='bbox 1286 1782 1468 1817; x_wconf 86' lang='lat' dir='ltr'>mandatum</span> <span class='ocrx_word' id='word_1_414' title='bbox 1501 1783 1658 1830; x_wconf 91' lang='lat' dir='ltr'>praedicta</span> <span class='ocrx_word' id='word_1_415' title='bbox 1686 1783 1819 1820; x_wconf 88' lang='lat' dir='ltr'>firmiter</span> 
     </span>
     <span class='ocr_line' id='line_1_82' title="bbox 1068 1835 1819 1884; baseline 0.007 -14"><span class='ocrx_word' id='word_1_416' title='bbox 1068 1835 1248 1881; x_wconf 85' lang='lat' dir='ltr'>observari,</span> <span class='ocrx_word' id='word_1_417' title='bbox 1276 1837 1425 1884; x_wconf 87' lang='lat' dir='ltr'>ipsosque</span> <span class='ocrx_word' id='word_1_418' title='bbox 1453 1838 1612 1873; x_wconf 86' lang='lat' dir='ltr'>auditores</span> <span class='ocrx_word' id='word_1_419' title='bbox 1638 1846 1670 1873; x_wconf 86' lang='lat' dir='ltr'>et</span> <span class='ocrx_word' id='word_1_420' title='bbox 1703 1839 1819 1875; x_wconf 89' lang='lat' dir='ltr'>locate-</span> 
     </span>
     <span class='ocr_line' id='line_1_83' title="bbox 1069 1893 1818 1939; baseline 0.005 -15"><span class='ocrx_word' id='word_1_421' title='bbox 1069 1899 1178 1925; x_wconf 87' lang='lat' dir='ltr'>nentcs</span> <span class='ocrx_word' id='word_1_422' title='bbox 1202 1904 1287 1926; x_wconf 89' lang='lat' dir='ltr'>nnnc</span> <span class='ocrx_word' id='word_1_423' title='bbox 1313 1900 1343 1926; x_wconf 90' lang='lat' dir='ltr'>et</span> <span class='ocrx_word' id='word_1_424' title='bbox 1373 1903 1428 1938; x_wconf 86' lang='lat' dir='ltr'>pro</span> <span class='ocrx_word' id='word_1_425' title='bbox 1460 1900 1602 1939; x_wconf 86' lang='lat' dir='ltr'>ternpore</span> <span class='ocrx_word' id='word_1_426' title='bbox 1634 1893 1818 1939; x_wconf 71' lang='lat' dir='ltr'>existentes,</span> 
     </span>
     <span class='ocr_line' id='line_1_84' title="bbox 1069 1945 1818 1996; baseline 0.008 -17"><span class='ocrx_word' id='word_1_427' title='bbox 1069 1945 1128 1979; x_wconf 87' lang='lat' dir='ltr'>illis</span> <span class='ocrx_word' id='word_1_428' title='bbox 1150 1946 1277 1993; x_wconf 85' lang='lat' dir='ltr'>pacifice</span> <span class='ocrx_word' id='word_1_429' title='bbox 1299 1946 1458 1993; x_wconf 81' lang='lat' dir='ltr'>gaudere,</span> <span class='ocrx_word' id='word_1_430' title='bbox 1486 1947 1732 1984; x_wconf 86' lang='lat' dir='ltr'>contradictores</span> <span class='ocrx_word' id='word_1_431' title='bbox 1762 1961 1818 1996; x_wconf 89' lang='lat' dir='ltr'>per</span> 
     </span>
     <span class='ocr_line' id='line_1_85' title="bbox 1067 2001 1818 2052; baseline 0.005 -18"><span class='ocrx_word' id='word_1_432' title='bbox 1067 2012 1231 2036; x_wconf 87' lang='lat' dir='ltr'>censuram</span> <span class='ocrx_word' id='word_1_433' title='bbox 1242 2001 1500 2044; x_wconf 83' lang='lat' dir='ltr'>ecclesiasticam,</span> <span class='ocrx_word' id='word_1_434' title='bbox 1515 2003 1723 2051; x_wconf 86' lang='lat' dir='ltr'>appellatione</span> <span class='ocrx_word' id='word_1_435' title='bbox 1735 2013 1818 2052; x_wconf 83' lang='lat' dir='ltr'>post·</span> 
     </span>
     <span class='ocr_line' id='line_1_86' title="bbox 1068 2056 1449 2103; baseline 0 -12"><span class='ocrx_word' id='word_1_436' title='bbox 1068 2056 1181 2103; x_wconf 89' lang='lat' dir='ltr'>posita,</span> <span class='ocrx_word' id='word_1_437' title='bbox 1209 2056 1449 2103; x_wconf 87' lang='lat' dir='ltr'>compescendo.</span> 
     </span>
    </p>

    <p class='ocr_par' dir='ltr' id='par_1_11' title="bbox 1067 2111 2016 2323">
     <span class='ocr_line' id='line_1_87' title="bbox 1116 2111 2016 2161; baseline 0.008 -16"><span class='ocrx_word' id='word_1_438' title='bbox 1116 2112 1136 2159; x_wconf 66' lang='lat' dir='ltr'>g</span> <span class='ocrx_word' id='word_1_439' title='bbox 1158 2113 1191 2146; x_wconf 77' lang='lat'>5.</span> <span class='ocrx_word' id='word_1_440' title='bbox 1217 2111 1287 2146; x_wconf 85' lang='lat' dir='ltr'>Non</span> <span class='ocrx_word' id='word_1_441' title='bbox 1314 2111 1509 2147; x_wconf 86' lang='lat' dir='ltr'>obstantibus</span> <span class='ocrx_word' id='word_1_442' title='bbox 1536 2113 1817 2150; x_wconf 89' lang='lat' dir='ltr'>constitutionibus</span> <span class='ocrx_word' id='word_1_443' title='bbox 1838 2133 2016 2161; x_wconf 63' lang='lat' dir='ltr'>nerogauoeon-</span> 
     </span>
     <span class='ocr_line' id='line_1_88' title="bbox 1067 2166 2015 2225; baseline 0.006 -25"><span class='ocrx_word' id='word_1_444' title='bbox 1067 2176 1097 2201; x_wconf 87' lang='lat' dir='ltr'>et</span> <span class='ocrx_word' id='word_1_445' title='bbox 1118 2166 1369 2202; x_wconf 85' lang='lat' dir='ltr'>ordinationibus</span> <span class='ocrx_word' id='word_1_446' title='bbox 1390 2167 1582 2213; x_wconf 90' lang='lat' dir='ltr'>apostolicis,</span> <span class='ocrx_word' id='word_1_447' title='bbox 1609 2180 1645 2202; x_wconf 86' lang='lat' dir='ltr'>ac</span> <span class='ocrx_word' id='word_1_448' title='bbox 1665 2168 1816 2216; x_wconf 82' lang='lat' dir='ltr'>collegio·</span> <span class='ocrx_word' id='word_1_449' title='bbox 1831 2166 2015 2225; x_wconf 51' lang='lat' dir='ltr'>{ffileffissn‘fw‘</span> 
     </span>
     <span class='ocr_line' id='line_1_89' title="bbox 1068 2221 1817 2267; baseline 0.005 -12"><span class='ocrx_word' id='word_1_450' title='bbox 1068 2233 1135 2255; x_wconf 86' lang='lat' dir='ltr'>rum</span> <span class='ocrx_word' id='word_1_451' title='bbox 1148 2221 1328 2256; x_wconf 81' lang='lat' dir='ltr'>huiusmodi</span> <span class='ocrx_word' id='word_1_452' title='bbox 1348 2221 1522 2257; x_wconf 83' lang='lat' dir='ltr'>officiorum</span> <span class='ocrx_word' id='word_1_453' title='bbox 1538 2223 1725 2267; x_wconf 86' lang='lat' dir='ltr'>iuramento,</span> <span class='ocrx_word' id='word_1_454' title='bbox 1739 2235 1817 2259; x_wconf 90' lang='lat' dir='ltr'>con-</span> 
     </span>
     <span class='ocr_line' id='line_1_90' title="bbox 1067 2276 1517 2323; baseline 0 -14"><span class='ocrx_word' id='word_1_455' title='bbox 1067 2276 1241 2311; x_wconf 77' lang='lat' dir='ltr'>firmatione</span> <span class='ocrx_word' id='word_1_456' title='bbox 1268 2276 1437 2323; x_wconf 88' lang='lat' dir='ltr'>apostolica</span> <span class='ocrx_word' id='word_1_457' title='bbox 1465 2284 1517 2310; x_wconf 79' lang='lat' dir='ltr'>ecc.</span> 
     </span>
    </p>

    <p class='ocr_par' dir='ltr' id='par_1_12' title="bbox 1116 2330 1376 2376">
     <span class='ocr_line' id='line_1_91' title="bbox 1116 2330 1376 2376; baseline -0.004 -11"><span class='ocrx_word' id='word_1_458' title='bbox 1116 2330 1199 2365; x_wconf 89' lang='lat' dir='ltr'>Nulli</span> <span class='ocrx_word' id='word_1_459' title='bbox 1222 2342 1297 2376; x_wconf 80' lang='lat' dir='ltr'>ergo</span> <span class='ocrx_word' id='word_1_460' title='bbox 1324 2340 1376 2365; x_wconf 75' lang='lat' dir='ltr'>etc.</span> 
     </span>
    </p>

    <p class='ocr_par' dir='ltr' id='par_1_13' title="bbox 1063 2385 1814 2652">
     <span class='ocr_line' id='line_1_92' title="bbox 1115 2385 1814 2433; baseline 0.003 -13"><span class='ocrx_word' id='word_1_461' title='bbox 1115 2385 1230 2420; x_wconf 90' lang='lat' dir='ltr'>Datum</span> <span class='ocrx_word' id='word_1_462' title='bbox 1259 2387 1378 2421; x_wconf 87' lang='lat' dir='ltr'>Romae</span> <span class='ocrx_word' id='word_1_463' title='bbox 1397 2385 1482 2433; x_wconf 87' lang='lat' dir='ltr'>apud</span> <span class='ocrx_word' id='word_1_464' title='bbox 1505 2385 1657 2421; x_wconf 86' lang='lat' dir='ltr'>Sanctum</span> <span class='ocrx_word' id='word_1_465' title='bbox 1674 2386 1814 2426; x_wconf 76' lang='lat' dir='ltr'>Petrum,</span> 
     </span>
     <span class='ocr_line' id='line_1_93' title="bbox 1065 2440 1814 2476; baseline 0.001 -1"><span class='ocrx_word' id='word_1_466' title='bbox 1065 2451 1148 2476; x_wconf 86' lang='lat' dir='ltr'>anno</span> <span class='ocrx_word' id='word_1_467' title='bbox 1180 2440 1405 2476; x_wconf 87' lang='lat' dir='ltr'>lucarnationis</span> <span class='ocrx_word' id='word_1_468' title='bbox 1436 2440 1615 2476; x_wconf 88' lang='lat' dir='ltr'>dominicae</span> <span class='ocrx_word' id='word_1_469' title='bbox 1647 2441 1814 2476; x_wconf 88' lang='lat' dir='ltr'>millesimo</span> 
     </span>
     <span class='ocr_line' id='line_1_94' title="bbox 1065 2494 1813 2543; baseline 0.001 -14"><span class='ocrx_word' id='word_1_470' title='bbox 1065 2495 1320 2543; x_wconf 82' lang='lat' dir='ltr'>quingentesimo</span> <span class='ocrx_word' id='word_1_471' title='bbox 1348 2494 1575 2539; x_wconf 86' lang='lat' dir='ltr'>tertiodecimo,</span> <span class='ocrx_word' id='word_1_472' title='bbox 1594 2494 1718 2531; x_wconf 86' lang='lat' dir='ltr'>decimo</span> <span class='ocrx_word' id='word_1_473' title='bbox 1733 2507 1813 2543; x_wconf 88' lang='lat' dir='ltr'>sep—</span> 
     </span>
     <span class='ocr_line' id='line_1_95' title="bbox 1064 2548 1812 2597; baseline 0.003 -14"><span class='ocrx_word' id='word_1_474' title='bbox 1064 2549 1140 2584; x_wconf 89' lang='lat' dir='ltr'>timo</span> <span class='ocrx_word' id='word_1_475' title='bbox 1155 2548 1304 2584; x_wconf 86' lang='lat' dir='ltr'>kalendas</span> <span class='ocrx_word' id='word_1_476' title='bbox 1326 2548 1475 2594; x_wconf 82' lang='lat' dir='ltr'>octobris,</span> <span class='ocrx_word' id='word_1_477' title='bbox 1492 2549 1694 2597; x_wconf 84' lang='lat' dir='ltr'>pontificatus</span> <span class='ocrx_word' id='word_1_478' title='bbox 1715 2550 1812 2586; x_wconf 89' lang='lat' dir='ltr'>nostri</span> 
     </span>
     <span class='ocr_line' id='line_1_96' title="bbox 1063 2605 1287 2652; baseline 0 -14"><span class='ocrx_word' id='word_1_479' title='bbox 1063 2615 1146 2638; x_wconf 86' lang='lat' dir='ltr'>anno</span> <span class='ocrx_word' id='word_1_480' title='bbox 1175 2605 1287 2652; x_wconf 89' lang='lat' dir='ltr'>primo.</span> 
     </span>
    </p>
   </div>
   <div class='ocr_carea' id='block_1_8' title="bbox 1093 2664 1784 2707">
    <p class='ocr_par' dir='ltr' id='par_1_14' title="bbox 1093 2664 1784 2707">
     <span class='ocr_line' id='line_1_97' title="bbox 1093 2664 1784 2707; baseline 0.003 -11"><span class='ocrx_word' id='word_1_481' title='bbox 1093 2664 1156 2697; x_wconf 85' lang='lat' dir='ltr'>Dat.</span> <span class='ocrx_word' id='word_1_482' title='bbox 1172 2667 1217 2698; x_wconf 87' lang='lat' dir='ltr'>die</span> <span class='ocrx_word' id='word_1_483' title='bbox 1234 2666 1271 2697; x_wconf 79' lang='lat'>15</span> <span class='ocrx_word' id='word_1_484' title='bbox 1287 2666 1464 2706; x_wconf 86' lang='lat' dir='ltr'>septembris</span> <span class='ocrx_word' id='word_1_485' title='bbox 1480 2666 1567 2706; x_wconf 80' lang='lat'>1513,</span> <span class='ocrx_word' id='word_1_486' title='bbox 1578 2670 1658 2707; x_wconf 87' lang='lat' dir='ltr'>pont.</span> <span class='ocrx_word' id='word_1_487' title='bbox 1674 2675 1750 2698; x_wconf 83' lang='lat' dir='ltr'>anno</span> <span class='ocrx_word' id='word_1_488' title='bbox 1765 2676 1784 2698; x_wconf 86' lang='grc' dir='ltr'>ι.</span> 
     </span>
    </p>
   </div>
   <div class='ocr_carea' id='block_1_9' title="bbox 1835 263 2018 293">
    <p class='ocr_par' dir='ltr' id='par_1_15' title="bbox 1835 263 2018 293">
     <span class='ocr_line' id='line_1_98' title="bbox 1835 263 2018 293; baseline -0.005 -1"><span class='ocrx_word' id='word_1_489' title='bbox 1835 265 1885 293; x_wconf 75' lang='lat' dir='ltr'>An.</span> <span class='ocrx_word' id='word_1_490' title='bbox 1901 265 1930 292; x_wconf 87' lang='lat' dir='ltr'>C.</span> <span class='ocrx_word' id='word_1_491' title='bbox 1951 263 2018 293; x_wconf 74' lang='lat'><strong>¹51³</strong></span> 
     </span>
    </p>
   </div>
   <div class='ocr_carea' id='block_1_10' title="bbox 1837 1199 2019 1253">
    <p class='ocr_par' dir='ltr' id='par_1_16' title="bbox 1837 1199 2019 1253">
     <span class='ocr_line' id='line_1_99' title="bbox 1848 1199 2019 1227; baseline 0 -5"><span class='ocrx_word' id='word_1_492' title='bbox 1848 1199 1960 1227; x_wconf 66' lang='lat' dir='ltr'>nepotatio</span> <span class='ocrx_word' id='word_1_493' title='bbox 1968 1204 2019 1223; x_wconf 75' lang='lat' dir='ltr'>exo-</span> 
     </span>
     <span class='ocr_line' id='line_1_100' title="bbox 1837 1234 1940 1253; baseline -0.01 -1"><span class='ocrx_word' id='word_1_494' title='bbox 1837 1234 1931 1253; x_wconf 67' lang='lat' dir='ltr'>culormfl</span> <span class='ocrx_word' id='word_1_495' title='bbox 1936 1247 1940 1251; x_wconf 93' lang='lat'>.</span> 
     </span>
    </p>
   </div>
  </div>
 </body>
</html>
