2281 3251
78 279 128 307 An.
144 276 173 304 C.
192 277 258 305 1816

89 1776 162 1799 Forma
176 1776 263 1797 ulterius

80 1809 170 1830 mandati
195 1810 262 1835 apost.

82 1841 107 1862 de
123 1845 163 1868 quo
179 1845 248 1866 supra.

943 271 1005 296 LEO
1029 271 1053 295 X
1079 271 1128 295 PP-

272 327 298 361 si
317 325 403 361 vobis
425 324 463 360 ab
473 323 657 380 Apostolica
676 323 718 360 sit
743 323 827 360 Sede
859 324 1017 361 indultum

272 375 354 431 quod
377 374 414 411 ad
431 376 643 422 receptionem
667 374 714 410 vel
730 375 938 422 provisionem
962 376 1019 411 ali-

273 425 363 459 cuius
399 425 528 460 minime
562 425 757 465 teneamini
791 426 940 473 quodque
982 425 1020 460 de

271 474 507 510 canonicatibus
539 482 568 509 et
595 474 782 522 praebendis
820 488 874 510 seu
907 475 1020 521 digni-

272 524 405 568 tatibus,
429 524 663 571 personatibus,
695 524 1020 560 administrationibus

272 573 319 609 vel
330 574 442 609 officiis
458 582 576 609 vestrae
592 574 637 609 vel
653 574 780 609 alterins
801 575 949 609 ecelesiae
968 584 1021 609 aut

271 624 340 659 aliis
366 624 526 659 benefieiis
554 624 776 659 ecclesiasticis
805 624 1021 672 quibuscum-

273 686 346 721 que,
360 673 398 708 ad
413 683 547 709 vestiam
564 674 775 715 collationem,
798 675 1020 721 provismnem,

274 725 570 771 praesentationem
581 724 827 759 nominationem
850 736 1022 771 seuqnam-

277 774 321 808 vis
343 773 434 808 aliam
464 773 720 820 dispositionem,
746 773 957 808 communiter
974 773 1020 808 vel

275 822 410 864 divisim
420 822 1020 871 pertinentibus,nullivaleatpiovideri

276 884 331 920 per
357 872 462 908 literas
484 872 669 920 apostolicas
693 885 755 907 non
781 872 927 907 facientes
948 872 1022 919 ple-

277 934 346 957 nam
363 930 393 957 et
412 934 590 970 expressam
607 935 643 958 ac
657 923 694 957 de
717 922 812 956 verbo
838 922 875 956 ad
892 922 1020 956 verbum

276 972 315 1006 de
331 972 451 1007 indulto
473 972 655 1008 huiusmodi
680 972 886 1015 mentionem,
901 979 930 1005 et
945 983 1022 1018 qua-

277 1021 352 1056 libet
385 1022 442 1056 alia
475 1022 576 1056 dictae
615 1021 707 1057 Sedis
741 1021 931 1067 indulgentia
966 1033 1020 1066 ge-

277 1071 372 1106 nerali
396 1072 443 1106 vel
471 1072 619 1119 speciali,
648 1072 877 1118 cuiuscumque
905 1071 1023 1105 tenoris

277 1121 405 1166 existat,
432 1133 488 1169 per
515 1134 620 1168 quam,
645 1120 940 1168 praesentibusnon
967 1132 1023 1154 ex-

279 1182 419 1218 pressam
445 1170 491 1205 vel
521 1171 656 1206 totaliter
679 1182 739 1204 non
763 1170 924 1209 insertam,
946 1169 1024 1204 effe-

278 1228 348 1255 ctus
360 1221 543 1256 huiusmodi
553 1220 669 1266 gratiae
681 1219 826 1266 impediri
837 1219 934 1253 valeat
949 1231 1024 1265 quo-

278 1270 448 1305 modolibet
464 1271 509 1304 vel
532 1270 660 1311 differri,
684 1277 712 1304 et
735 1268 774 1303 de
789 1280 847 1316 qua
871 1269 1024 1315 cuiusque

275 1324 342 1354 toto
359 1327 466 1354 tenore
491 1318 637 1353 habenda
665 1319 705 1353 sit
729 1318 759 1352 in
788 1318 904 1353 nostris
927 1318 1024 1352 literis

278 1369 395 1403 mentio
422 1368 578 1416 specialis.
601 1368 664 1403 Seu
688 1368 712 1403 si
740 1368 842 1404 dictus
871 1367 910 1401 N.
934 1379 1024 1414 prae-

277 1430 349 1453 sens
371 1430 433 1453 non
456 1417 598 1453 sueritad
622 1418 843 1465 praestandum
859 1416 897 1452 de
916 1418 1025 1452 obser-

278 1467 387 1503 vandis
408 1468 530 1503 statutis
546 1476 575 1503 et
597 1467 879 1503 consuetudinibus
906 1474 1025 1502 vestrae

276 1517 324 1552 vel
339 1517 466 1552 alterius
479 1517 629 1552 ecclesiae
650 1517 778 1552 solitum
802 1518 1024 1560 iuramentum,

278 1566 452 1601 dummodo
472 1568 500 1601 in
525 1566 664 1602 absentia
686 1579 741 1601 sua
765 1579 818 1613 per
842 1576 1026 1613 procurato—

278 1629 344 1651 rem
362 1616 523 1658 idoneum,
545 1625 575 1651 et
596 1628 667 1651 cum
689 1616 727 1651 ad
747 1616 909 1651 ecclesiam
925 1616 1023 1663 ipsam

278 1666 455 1706 accesserit,
472 1666 677 1713 corporaliter
700 1674 847 1713 praestet.
871 1666 950 1701 Data
969 1675 1023 1700 etc.

325 1720 340 1759 ἕ
369 1719 425 1750 54.
455 1715 587 1751 Dilectis
618 1716 689 1751 filiis
716 1716 754 1750 N.
785 1724 814 1750 et
844 1716 883 1751 N.
911 1728 946 1751 ac
973 1716 1024 1757 N.,

278 1765 480 1805 officialibus,
505 1766 636 1801 salutern
656 1774 685 1801 et
708 1766 909 1812 apostolicam
934 1765 1026 1800 bene-

278 1814 457 1851 dictionem.
474 1815 576 1851 Hodie
590 1816 754 1862 cupientes
776 1824 809 1850 ut
833 1816 946 1850 dilecto
963 1815 1025 1850 filio

277 1864 314 1899 N.
343 1864 467 1900 Clerico
489 1865 527 1900 N.
551 1866 714 1910 dioecesis,
738 1865 820 1900 iuxta
839 1866 930 1905 illius,
947 1877 1026 1912 quae

278 1915 352 1949 olim
376 1928 430 1963 per
454 1915 554 1950 felicis
582 1915 806 1950 recordationis
835 1915 1024 1961 Gregorium

278 1963 395 2011 Papam
405 1964 450 1999 IX
462 1965 735 2012 praedecessorem
747 1973 889 2000 nostrum
904 1965 940 2000 ad
952 1972 1026 1999 tunc

278 2014 463 2062 episcopum
492 2015 733 2050 Noviomensem
763 2015 878 2050 directa
906 2015 1026 2059 extitit,

279 2076 359 2111 quae
381 2064 488 2112 incipit
509 2066 708 2106 Mandatum,
735 2073 765 2100 et
793 2065 923 2099 aliarum
946 2064 1026 2098 dua-

281 2131 351 2153 rum
374 2118 458 2154 illam
488 2119 667 2155 immediate
685 2120 883 2166 sequentium
913 2119 1027 2154 decre-

280 2173 388 2208 talium
404 2173 529 2218 sormas,
544 2174 582 2208 de
597 2174 783 2209 canonicatu
798 2181 828 2209 et
843 2173 1028 2220 praebendis

281 2235 334 2262 aut
361 2227 524 2275 dignitate,
548 2238 728 2275 personatu,
755 2227 1028 2263 administratione

282 2282 330 2317 vel
352 2282 454 2317 officio
481 2283 632 2318 ecclesiae
653 2283 691 2317 N.
716 2291 768 2318 aut
790 2282 850 2317 alio
873 2282 1028 2318 beneficio

282 2337 505 2379 eeclesiastico,
519 2349 590 2373 cum
607 2350 679 2373 cura
696 2337 743 2372 vel
766 2337 835 2372 sine
857 2349 944 2382 cura,
960 2349 1030 2384 pro-

282 2391 379 2426 videri
395 2400 511 2439 posset,
534 2401 619 2427 motu
637 2392 776 2440 proprio,
789 2391 958 2428 xtnerabili
973 2392 1031 2427 fr-a

284 2447 322 2481 tri
337 2455 443 2482 nostro
467 2447 616 2494 episcopo
638 2447 675 2482 N.
699 2454 728 2481 et
751 2446 873 2481 dilectis
888 2446 959 2481 filiis
979 2458 1030 2481 ca-

286 2488 386 2548 pitulo
410 2502 605 2549 singulisque
624 2501 785 2536 canonicis
818 2501 969 2535 ecclesiae
990 2500 1028 2535 N.

288 2568 342 2603 per
363 2557 438 2592 alias
451 2566 572 2593 nostras
587 2557 693 2591 literas
718 2556 937 2591 mandavimus
951 2567 1032 2602 qua-

287 2617 395 2652 tenus,
418 2612 442 2647 si
464 2612 509 2647 eis
530 2612 739 2647 communiter
761 2610 809 2645 vel
831 2609 952 2645 divisim
977 2622 1032 2657 pro

288 2664 349 2701 atio
370 2678 431 2702 non
453 2666 701 2714 scripsissemus,
718 2664 770 2712 qui
786 2664 887 2700 simile
909 2664 1032 2701 manda·

1688 258 1757 293 677

1061 334 1128 360 tum
1150 332 1203 360 aut
1226 323 1360 360 similem
1381 325 1510 371 gratiam
1538 333 1806 372 prosequeretur,

1061 374 1217 410 eidemN.
1241 375 1458 410 canonicatum
1482 382 1511 410 et
1534 373 1729 421 praebendas
1757 383 1808 410 aut

1064 425 1258 470 (lignitatem
1274 433 1489 472 personatum,
1504 424 1807 460 administrationem

1063 475 1109 509 vel
1130 474 1266 509 officium
1293 483 1345 509 aut
1373 474 1558 510 beneficium
1591 474 1742 509 eeclesiae
1770 473 1808 508 N.

1062 532 1113 559 aut
1135 524 1217 558 aliud
1247 524 1434 559 beneficium
1467 524 1731 569 ecclesiasticum,
1771 522 1809 558 ad

1062 586 1170 609 eorum
1205 573 1426 629 collationem,
1457 574 1691 620 provisionem,
1726 584 1812 628 prae-

1062 624 1296 663 sentationem
1325 624 1569 659 nominationem
1593 636 1647 659 seu
1667 622 1811 671 quamvis

1064 672 1153 707 aliam
1182 651 1418 720 dispositionem
1450 674 1661 708 communiter
1688 673 1734 708 vel
1763 672 1811 706 di-

1063 723 1152 757 visim
1168 724 1343 770 pertinens,
1366 724 1389 758 si
1412 735 1519 770 quem,
1538 735 1630 770 quam
1650 723 1698 757 vel
1714 721 1809 770 quod,

1065 780 1133 819 post
1148 784 1287 807 mensem
1315 781 1384 820 post
1398 773 1677 820 praesentationem
1690 784 1812 807 earum-

1064 822 1135 856 dem
1165 822 1336 863 literarnm,
1364 835 1471 857 vacare
1500 822 1708 868 contingeret,
1738 833 1810 856 cnm

1067 872 1349 918 plenitudineiuris
1361 871 1810 913 canonici,omnibusiuribus

1065 929 1094 955 et
1117 921 1314 968 pertiuentiis
1328 921 1405 962 suis,
1428 930 1520 968 prout
1539 921 1576 956 ad
1597 934 1652 956 eos
1666 933 1811 956 commu-

1066 971 1145 1005 niter
1167 971 1212 1005 vel
1236 971 1359 1005 divisim
1383 972 1565 1017 pertineret,
1587 971 1811 1006 conserrentet

1065 1020 1274 1067 assignarent,
1287 1028 1340 1055 aut
1355 1033 1427 1055 eum
1443 1021 1481 1055 ad
1499 1021 1549 1055 illa
1565 1027 1811 1067 praesentarent,

1065 1069 1226 1115 eligerent,
1251 1070 1460 1114 nominarent,
1488 1083 1541 1104 seu
1565 1070 1603 1105 de
1627 1071 1687 1104 illis
1709 1070 1813 1117 provi-

1066 1120 1186 1160 derent,
1203 1128 1295 1166 prout
1311 1120 1341 1154 in
1356 1120 1474 1155 eisdem
1490 1119 1590 1154 literis
1603 1120 1728 1167 plenius
1740 1131 1813 1154 con-

1066 1169 1192 1203 tinetur.
1217 1168 1372 1211 Quocirca
1404 1169 1586 1204 discretioni
1614 1178 1734 1204 vestrae
1757 1180 1813 1216 per

1067 1219 1237 1265 apostolica
1267 1218 1382 1265 scripta
1406 1228 1491 1254 motu
1514 1219 1608 1254 simili
1626 1218 1814 1254 mandamus

1066 1275 1221 1315 quatenus
1242 1280 1296 1303 vos
1318 1268 1366 1302 vel
1393 1268 1456 1303 duo
1475 1278 1528 1304 aut
1550 1281 1634 1303 unus
1655 1276 1813 1324 vestrum,

1068 1329 1122 1364 per
1143 1330 1198 1352 vos
1220 1317 1267 1352 vel
1291 1317 1385 1352 alium
1413 1331 1468 1353 seu
1484 1318 1574 1359 alios,
1589 1319 1613 1352 si
1633 1318 1814 1366 episcopm,

1067 1367 1239 1414 capitulum
1267 1375 1297 1402 et
1324 1368 1467 1403 canonici
1504 1367 1655 1415 praedicti
1683 1368 1815 1403 canoni-

1067 1425 1168 1452 catum
1189 1424 1219 1452 et
1235 1417 1431 1464 praebendas
1460 1425 1512 1452 aut
1530 1418 1726 1464 dignitatem,
1742 1430 1815 1465 per-

1067 1475 1235 1506 sonatum,
1263 1445 1581 1502 administrationemb
1597 1467 1644 1501 vel
1676 1467 1814 1502 officium

1067 1524 1120 1550 aut
1142 1516 1329 1551 beneficium
1358 1516 1542 1551 huiusmodi
1564 1516 1665 1552 eidem
1687 1516 1725 1551 N.
1738 1529 1816 1552 con-

1067 1565 1147 1600 serre
1169 1574 1199 1601 et
1225 1567 1396 1613 assignare,
1423 1579 1459 1601 ac
1486 1566 1523 1602 de
1547 1566 1608 1601 illis
1634 1566 1727 1601 etiam
1747 1578 1817 1614 pro-

1067 1615 1171 1650 videre
1205 1616 1419 1651 recusaverint
1445 1628 1498 1650 seu
1527 1616 1725 1657 distulerint,
1761 1624 1814 1651 aut

1068 1665 1263 1712 negligentes
1279 1666 1406 1707 fuerint,
1421 1667 1651 1706 canonicatum,
1667 1665 1816 1713 praeben-

1067 1715 1122 1749 das
1146 1724 1198 1749 aut
1225 1715 1420 1761 dignitatem,
1444 1724 1657 1763 per,s0natum
1680 1715 1815 1750 admini-

1067 1765 1247 1799 strationem
1263 1765 1308 1800 vel
1322 1765 1458 1800 officium
1473 1766 1664 1810 huiusmodi,
1671 1778 1743 1800 cum
1756 1766 1818 1820 ple-

1068 1814 1214 1850 nitudine
1242 1815 1317 1849 iuris
1341 1816 1481 1850 canonici
1509 1828 1544 1850 ac
1573 1815 1746 1850 omnibus
1739 1828 1817 1850 lurt-

1068 1863 1126 1899 bus
1153 1873 1183 1899 et
1205 1865 1402 1912 pertinentiis
1428 1865 1634 1913 supradictis,
1660 1865 1760 1900 eidem
1777 1864 1814 1899 N

1067 1913 1210 1948 conferre
1232 1924 1262 1949 et
1283 1915 1456 1961 assignare,
1473 1927 1596 1949 necnon
1612 1915 1759 1950 eumdem
1775 1914 1815 1949 N.

1068 1963 1105 1997 ad
1130 1964 1194 2007 illa,
1215 1972 1250 1998 ut
1266 1965 1364 1999 moris
1391 1973 1450 2009 est,
1473 1965 1636 1999 admittere
1657 1973 1688 1999 et
1710 1965 1739 1998 in
1763 1976 1816 1999 ca-

1070 2013 1218 2048 nonicum
1243 2015 1382 2061 recipere
1405 2023 1434 2049 et
1455 2015 1484 2048 in
1499 2014 1638 2055 siatrem,
1653 2013 1743 2048 stallo
1757 2013 1816 2048 sibi

1070 2064 1098 2097 in
1115 2063 1210 2098 clioro
1224 2072 1254 2098 et
1268 2063 1337 2098 loco
1361 2065 1391 2098 in
1404 2064 1541 2111 capitulo
1558 2064 1735 2110 assignatiS,
1748 2075 1817 2098 om-

1071 2117 1183 2164 niaque
1202 2126 1232 2153 et
1254 2117 1375 2164 singula
1398 2118 1454 2152 alia
1471 2119 1501 2152 in
1521 2118 1613 2152 dictis
1631 2118 1727 2152 literis
1740 2129 1818 2153 con-

1071 2178 1166 2217 tenta,
1185 2172 1260 2207 alias
1279 2173 1363 2207 iuxta
1387 2172 1568 2207 earumdem
1592 2172 1817 2207 continentiam

1070 2235 1100 2262 et
1123 2228 1266 2269 formam,
1291 2228 1319 2261 iu
1349 2227 1495 2261 omnibus
1522 2235 1552 2262 et
1575 2240 1630 2274 per
1645 2227 1749 2262 omnia
1772 2227 1819 2262 fa—

1071 2294 1140 2317 cere
1153 2282 1302 2329 etexequi
1312 2284 1440 2317 curetis.
1450 2281 1717 2323 Contradictores‚
1728 2290 1819 2329 prout

1072 2336 1187 2372 iustitia
1202 2337 1358 2381 suadebit,
1372 2336 1409 2371 ad
1425 2337 1482 2371 boc
1494 2335 1817 2384 compescendo.Non

1072 2391 1269 2427 obstantibus
1291 2391 1438 2427 omnibus
1452 2403 1531 2439 quae
1554 2391 1585 2425 in
1608 2391 1699 2427 dictis
1721 2391 1819 2426 literis

1072 2447 1229 2483 voluimus
1251 2460 1312 2482 non
1341 2447 1474 2481 obstare.
1498 2445 1576 2481 Data
1598 2454 1652 2481 etc.

1121 2501 1183 2537 Pro
1213 2501 1410 2548 regularibus
1436 2508 1541 2536 autem
1573 2501 1683 2535 similis
1721 2500 1819 2536 forma

1073 2556 1133 2591 illis
1155 2557 1346 2591 conveniens
1373 2556 1463 2590 detur
1489 2564 1543 2590 etc.

1122 2611 1207 2646 Nulli
1233 2623 1307 2658 ergo
1334 2618 1385 2646 etc.

1124 2665 1158 2700 Si
1181 2666 1251 2712 quis
1271 2672 1325 2700 etc.

1823 269 1874 296 An.
1890 268 1920 297 C.
1934 269 2001 298 ¹5¹6
