2281 3251
227 268 274 292 Αη.
292 268 318 293 C⁴
340 268 407 295 ¹⁶39

233 576 364 598 obsi-utinm
376 577 410 597 de-

227 608 315 633 nptia-

472 258 515 290 44

422 323 634 366 curationum,
656 324 852 370 angariarum
875 335 911 357 ac
945 322 1076 357 aliarum
1100 333 1175 368 qua-

424 372 571 407 rumlibot
600 374 799 408 exactionum
821 383 1024 420 quocumque
1047 372 1174 405 nomine

425 431 659 468 nunc-upentni
687 435 742 457 seu
777 422 814 457 ad
843 420 1112 457 contribuendum
1143 421 1172 453 in

425 484 472 506 eis
498 472 644 519 compelli
670 473 800 506 valeant.

529 523 560 555 δ’.
588 521 656 556 'Non
690 520 887 555 obstantibus
925 520 950 554 si
987 518 1109 553 dilectis
1144 518 1172 552 in

425 570 553 606 Christo
576 571 710 610 liliabus,
726 570 892 604 abbatissis
913 577 942 603 et
965 567 1175 603 conventibus

424 620 581 655 dictorum
597 621 872 674 monasteriorum,
888 626 916 651 et
931 618 1006 663 ipsis
1022 617 1175 652 universis

426 670 621 705 monasteriis
645 670 688 704 tel
712 669 892 703 Ordiniseu
916 667 1103 714 Religioni
1098 679 1174 722 ipsa·

426 732 506 759 rnni
535 719 564 752 in
592 720 697 765 specie
732 719 776 753 iel
813 719 841 751 in
865 729 1005 764 genere
1034 716 1078 752 iel
1102 717 1175 764 qui-

426 768 531 803 bustis
558 769 645 808 aliis,
673 767 884 803 communiter
920 766 964 801 rel
1000 766 1137 806 ‹lii-,isim
1160 780 1174 800 a

426 818 506 852 Sede
547 796 726 865 Aposloliea
766 818 804 851 sit
839 815 1009 855 indultum,
1033 815 1118 863 quod
1137 817 1174 851 ad

425 868 613 902 solutionem
636 879 691 902 sen
709 866 950 912 praestationem
966 865 1176 909 decimarum,

425 916 637 955 collectarum
662 915 836 955 tallearnm,
858 914 1085 958 subsidi0r,nm
1104 928 1177 962 pro-

425 966 623 1001 curationum
635 975 665 1000 ct
677 965 826 999 aliarum
821 965 1057 1011 impositionnm
1071 964 1175 999 liuius-

427 1016 523 1059 modi,
549 1027 602 1050 seu
631 1015 668 1050 ad
692 1014 958 1050 contribuendum
983 1014 1013 1048 in
1047 1014 1094 1049 eis
1117 1014 1177 1048 mi-

427 1065 510 1099 nime
535 1073 729 1105 tenerentur,
756 1073 784 1099 et
812 1064 849 1099 ad
886 1064 914 1098 id
941 1063 1102 1111 compelli,
1125 1071 1177 1098 aut

426 1114 509 1162 qnod
533 1114 688 1153 interdici,
710 1114 860 1160 suspendi
885 1113 931 1148 ret
964 1113 1178 1147 excommuni-

426 1165 488 1198 rari
519 1176 579 1198 non
605 1164 724 1211 possint
749 1175 803 1210 per
830 1163 936 1198 literas
967 1162 1153 1208 apostolicas
1170 1190 1177 1202 ,

426 1226 507 1260 quae
529 1214 568 1248 (le
593 1214 714 1248 indulto
736 1213 918 1248 huiusmodi
939 1220 968 1247 et
992 1220 1056 1247 toto
1071 1223 1178 1247 tenore

428 1264 528 1310 ipsius
553 1264 676 1310 plenam
696 1272 723 1297 et
753 1274 947 1310 expressam,
969 1273 1004 1296 ac
1028 1262 1066 1296 de
1084 1261 1178 1296 verbo

427 1313 463 1346 ad
489 1313 629 1353 verbum,
645 1325 706 1347 non
730 1312 867 1347 facerent
892 1311 1095 1352 mentionem,
1114 1312 1179 1346 sive

427 1362 619 1409 quibuslibet
654 1362 827 1409 privilegiis
861 1362 930 1401 eis,
966 1361 1013 1395 vel
1047 1360 1180 1408 quibus-

427 1423 564 1458 cumque
589 1411 751 1458 personis,
777 1412 851 1446 locis
885 1411 930 1446 vel
966 1410 1133 1445 ordinariis
1162 1422 1178 1444 a

429 1461 562 1507 praefata
592 1460 673 1495 Sede
696 1461 855 1496 concessis
882 1460 927 1495 vel
951 1459 1179 1503 concedendis,

427 1510 466 1545 de
489 1510 605 1557 quibus
626 1518 788 1557 oporteret
819 1510 847 1544 in
871 1509 964 1544 dietis
987 1509 1084 1544 literis
1104 1521 1180 1557 spe-

428 1560 537 1594 cialem
567 1559 632 1594 lieri
658 1560 864 1599 mentionem,
887 1569 914 1594 ct
939 1571 994 1606 per
1027 1570 1110 1606 quae
1133 1558 1180 1593 ef-

428 1610 529 1644 fectus
551 1609 709 1643 literarum
745 1610 881 1656 ipsarum
899 1637 907 1649 ,
942 1607 1180 1655 quomodolibet

430 1658 575 1706 impediri
606 1659 719 1693 valeret
743 1659 788 1693 vel
816 1659 910 1693 etiam
946 1657 1110 1703 retardari,
1134 1657 1179 1692 vel

428 1708 506 1743 aliae
529 1720 750 1756 quaecumque
772 1717 800 1742 et
825 1708 1071 1756 qualescumque
1099 1708 1180 1742 clau-

428 1758 516 1793 sulae
538 1757 708 1805 praedictis
724 1757 843 1792 similes
858 1757 904 1791 vel
921 1757 1104 1798 dissimiles,
1120 1756 1180 1792 sul)

428 1819 631 1863 quocumque
668 1817 774 1842 tenore
799 1807 846 1842 vel
880 1806 1083 1861 expressione
1112 1818 1180 1840 ier-

430 1857 566 1891 borum
559 1869 627 1891 mse
632 1864 694 1890 rtae
712 1856 840 1896 suerint,
863 1868 944 1904 quae
961 1855 1179 1890 constitutioni

429 1914 458 1940 et
481 1905 670 1940 ordinationi
695 1906 812 1940 nostris
839 1904 1022 1939 huiusmodi
1051 1912 1180 1952 possent

430 1956 459 1989 in
482 1955 589 2002 aliquo
611 1955 781 2001 derogare,
817 1953 966 2001 compelli
991 1954 1111 2000 possint
1138 1954 1182 1988 in-

432 2004 520 2039 vitae.
545 2003 760 2040 Decernentes
773 2016 810 2039 ex
834 2016 917 2039 nunc
933 2015 1043 2038 omnes
1059 2015 1182 2038 excom-

431 2054 678 2095 municationis,
716 2054 938 2101 suspensionis
966 2062 997 2088 et
1025 2052 1179 2087 interdicti

429 2105 601 2140 sententias
615 2117 651 2139 ac
665 2115 886 2152 quoscumque
901 2114 1081 2151 processus,
1091 2114 1180 2150 quas-

429 2166 565 2202 cumque
594 2166 744 2201 personas
772 2154 994 2194 continentes,
1027 2164 1107 2199 quos
1134 2152 1179 2187 vel

429 2217 529 2253 quaS,
563 2204 716 2239 adsersus
753 2203 953 2258 abbatissas,
983 2209 1180 2241 conventus,

428 2254 596 2297 moniales,
620 2253 821 2296 monasteria,
843 2253 910 2288 loca
932 2260 961 2287 et
985 2251 1065 2285 bona
1089 2263 1181 2299 prae-

428 2304 523 2342 dicta
550 2310 657 2338 contra
687 2312 827 2337 tenorem
856 2310 887 2337 et
914 2301 1044 2336 sormam
1073 2313 1181 2335 exem-

428 2353 544 2410 ptionis
572 2353 766 2392 huiusmodi
797 2350 1037 2399 quomodolibet
1073 2350 1179 2385 baberi

427 2404 604 2450 contigerit,
627 2415 684 2438 sen
709 2403 801 2438 etiam
836 2401 1048 2450 promulgari,
1078 2400 1182 2435 irritos

427 2464 455 2490 et
487 2455 607 2498 inanes,
630 2466 665 2489 ac
690 2453 808 2488 nullius
832 2453 966 2487 existere
989 2449 1110 2486 roboris
1133 2450 1179 2485 vel

427 2504 593 2539 momenti

475 2554 495 2602 S
522 2555 554 2588 6.
582 2553 644 2589 Per
666 2552 726 2588 ltoc
747 2561 852 2588 autem
876 2551 1000 2586 dilectis
1027 2550 1099 2585 filiis
1119 2561 1181 2596 ge·-

427 2603 524 2639 nerali
547 2604 692 2638 ministro
714 2611 744 2638 ct
770 2602 839 2637 aliis
864 2601 996 2637 Ordinis
1021 2600 1179 2635 'llinorum

427 2653 609 2689 huiusmodi
639 2664 696 2701 pro
731 2659 873 2700 tempore
902 2649 1110 2686 existentibus
1135 2649 1181 2684 os-

1015 265 1202 289 suumn!
1229 265 1393 290 nonaum

1216 321 1371 356 ficialibns
1416 319 1564 365 nullum,
1599 321 1676 368 quin
1710 332 1839 357 omnem
1874 333 1969 379 quam

1217 371 1369 405 hactenns
1396 369 1586 410 babuerunt,
1613 379 1645 406 et
1672 370 1711 406 de
1734 373 1889 418 praesenti
1913 372 1971 407 lia-

1988 266 2039 293 An.
2053 266 2082 293 C.
2101 266 2171 294 ¹059

1999 327 2170 349 iurisdietionem

1985 365 2058 381 verum
2072 360 2172 386 superio-

1985 397 2030 412 rum
2083 389 2170 411 Ordinis

1216 420 1290 454 bent
1312 431 1445 462 curam,
1464 419 1706 466 dispositionem
1730 428 1761 455 et
1796 421 2034 474 quamlibet
1985 427 2031 443 ⁹¹¹¹
2023 422 2080 442 ἀπ’
2106 425 2171 448 rno-

1216 470 1307 503 aliam
1333 469 1565 503 ordinationem
1593 468 1801 511 abbatiarum,
1829 483 1970 507 conven-

1217 527 1318 561 tuum,
1353 519 1617 553 monasteriorum
1655 526 1686 554 et
1714 518 1855 555 locorum
1879 533 1970 568 prae-

1216 568 1374 602 dictorum
1399 567 1496 602 libere
1519 577 1549 603 et
1571 568 1653 604 licite
1669 567 1791 604 valeant
1812 582 1970 611 exercere,

1218 617 1368 653 uolumus
1392 617 1621 664 praeiudicium
1640 619 1798 664 generari.

1267 667 1351 702 Nulli
1375 679 1449 712 ergo
1471 675 1524 702 etc.

1268 716 1382 752 Datum
1406 716 1598 757 Florentiae,
1629 729 1713 754 anno
1744 717 1974 755 lucarnationis

1217 767 1396 802 dominicae
1419 778 1633 803 Mcccexxxtx
1650 795 1657 807 ,
1694 767 1799 804 idibus
1821 770 1947 817 augusti
1965 798 1972 810 ,

1220 817 1422 865 pontificatus
1450 817 1547 852 nostri
1570 829 1654 852 anuo
1682 830 1778 853 nono.

1269 878 1328 908 Dat.
1344 879 1391 909 die
1411 878 1446 909 13
1460 879 1579 917 augusti
1600 879 1682 916 1439,
1700 883 1778 919 pont.
1793 890 1870 911 armo
1887 889 1923 910 tx.

1536 1059 1650 1096 XXlll.

1222 1143 1392 1176 Concordia
1428 1143 1634 1176 Armenorum
1669 1154 1736 1176 cum
1769 1149 1877 1176 sancta
1911 1143 1974 1177 Ro·

1268 1204 1363 1225 mana
1398 1192 1547 1229 Ecclesia,
1577 1199 1604 1224 et
1635 1192 1803 1226 declaratio
1823 1193 1974 1226 articulo-

1269 1254 1337 1275 rtnn
1359 1248 1470 1286 septem
1504 1252 1600 1274 novae
1633 1242 1707 1286 leyt's
1733 1249 1927 1276 sacramenta
1948 1249 1976 1275 et

1266 1293 1413 1337 pleraque
1434 1291 1500 1325 alia
1522 1292 1776 1324 concernentium.

1490 1367 1706 1399 SUMMAttttJttt

1222 1436 1342 1466 Laetitia
1371 1434 1520 1465 Ecclesiae
1547 1443 1637 1473 super
1660 1434 1834 1465 huiusmodi
1857 1435 1977 1466 unione.

1260 1497 1298 1502 —-
1322 1480 1348 1510 1.
1375 1478 1490 1510 Pridem
1513 1478 1651 1515 Graecos,
1674 1487 1754 1509 nunc
1775 1478 1920 1510 Armenos
1937 1479 1979 1511 ait

1263 1524 1373 1554 unitos.
1397 1540 1436 1546 —
1462 1523 1490 1553 Ξ.
1517 1523 1714 1553 Armenorum
1739 1522 1851 1553 laudes.
1882 1540 1923 1547 —
1947 1523 1977 1555 3.

1261 1569 1322 1605 Qua
1342 1568 1522 1607 benignitate
1549 1576 1616 1598 cum
1639 1567 1683 1598 eis
1701 1571 1800 1598 actum
1824 1568 1872 1598 sit.
1893 1585 1933 1592 —
1949 1569 1978 1600 4.

1262 1613 1392 1644 Tandem
1425 1613 1499 1643 uniti
1523 1616 1603 1649 sunt,
1635 1612 1797 1652 datumque
1832 1612 1876 1643 eis
1909 1613 1980 1644 fidei

1262 1657 1484 1697 compendium.
1518 1673 1556 1680 -—
1587 1657 1614 1687 5.
1646 1656 1686 1687 De
1708 1655 1863 1696 Symb0103
1890 1674 1931 1680 —
1951 1657 1979 1688 6.

1261 1702 1382 1733 Duabus
1406 1702 1520 1732 naturis
1544 1702 1574 1733 iu
1598 1701 1724 1739 Clirist03
1745 1718 1786 1724 —
1812 1702 1837 1732 7.
1860 1701 1980 1733 Duabus

1263 1746 1475 1783 voluntatibus,
1495 1746 1671 1786 duabusque
1693 1747 1927 1785 operationibus,
1941 1764 1980 1771 —

1262 1792 1289 1822 8.
1309 1791 1450 1821 Conciliis
1474 1790 1706 1827 universalibus,
1728 1795 1757 1820 et
1775 1791 1810 1821 de
1833 1791 1863 1821 B.
1889 1791 1980 1823 Leoni

1262 1836 1360 1866 debita
1383 1835 1581 1873 veneratione,
1602 1852 1641 1858 —
1667 1835 1694 1865 9.
1727 1833 1844 1874 Septem
1876 1845 1978 1867 sacra-

1262 1881 1369 1912 mentis
1396 1889 1487 1910 novae
1510 1879 1595 1919 legis3
1616 1896 1655 1903 -
1683 1880 1729 1911 10.
1752 1879 1921 1919 Baptismo;
1941 1897 1981 1904 —

1266 1926 1309 1955 11.
1329 1924 1568 1961 Confirmatioue3
1589 1940 1627 1946 —
1655 1923 1702 1954 12.
1725 1923 1925 1962 Eucharistia3
1942 1941 1982 1948 —

1266 1970 1309 2001 ¹3.
1329 1969 1522 2006 Poenitentia3
1538 1985 1578 1992 —
1603 1969 1649 2000 14.
1670 1967 1802 1998 Extrema
1830 1968 1992 2008 unctiones

1262 2033 1300 2039 —
1323 2016 1370 2046 15.
1390 2013 1512 2051 Ordine3
1529 2031 1569 2037 --
1592 2014 1638 2044 16.
1657 2013 1853 2051 Matrimoni03
1870 2031 1909 2038 -
1931 2015 1979 2046 17.

1262 2062 1344 2092 Fidei
1367 2061 1467 2100 regula
1491 2061 1567 2091 edita
1592 2070 1606 2090 a
1637 2060 1665 2091 S.
1685 2060 1858 2097 Athanasi03
1875 2076 1914 2082 —
1934 2060 1980 2091 18.

1263 2108 1384 2139 Decreto
1403 2107 1523 2137 unionis
1543 2106 1735 2142 Graecornm3
1755 2121 1795 2128 -—
1817 2105 1864 2136 19.
1881 2103 1979 2136 Festi·

1263 2153 1403 2185 vitatibus
1427 2151 1624 2181 celebrandis.
1649 2167 1688 2173 —
1709 2150 1757 2182 ΞΟ.
1775 2149 1856 2186 Quae
1881 2149 1980 2180 omnia

1263 2199 1458 2228 ,armenorum
1479 2197 1565 2235 legati
1589 2199 1790 2235 acceptarunt.

1268 2275 1401 2310 lugemus
1428 2275 1572 2311 episcopus
1591 2279 1687 2302 servus
1714 2277 1857 2301 servorun
1872 2270 1934 2304 Dei,

1358 2324 1392 2352 ati
1416 2324 1579 2360 perpetuam
1609 2322 1651 2351 rei
1673 2320 1844 2350 memor-imi.

1273 2397 1420 2432 Exultate
1447 2397 1517 2432 Deo
1539 2395 1675 2430 adiutori
1699 2402 1818 2433 nostro,
1847 2392 1979 2428 iubilate

1222 2447 1290 2483 Deo
1324 2447 1418 2482 larob
1454 2458 1566 2482 omnes
1600 2445 1653 2493 qni
1693 2444 1813 2492 ubique
1849 2443 1978 2479 nomine

1223 2497 1400 2533 censemini
1423 2496 1608 2532 christiano.
1633 2494 1715 2530 Ecce
1747 2494 1832 2529 enim
1864 2494 1977 2529 iterum

1225 2548 1408 2583 recordatus
1431 2546 1590 2582 Dominus
1618 2544 1854 2580 misericordiae
1888 2554 1977 2583 suae,

1223 2598 1318 2633 alium
1342 2596 1462 2632 dissidii
1485 2595 1636 2643 lapidem,
1665 2594 1835 2641 nongentis
1856 2602 1885 2628 et
1907 2605 1978 2628 am·-

1225 2647 1307 2694 plius
1331 2647 1536 2682 inveteratum
1561 2645 1664 2685 annis.
1696 2643 1735 2679 de
1757 2643 1899 2679 Ecclesia
1921 2654 1978 2678 sua

2007 2407 2098 2432 beuti·
2136 2407 2180 2432 ⁸0-

1993 2440 2074 2464 etutn
2114 2444 2180 2469 nuper

1991 2471 2112 2526 gztmodt
2118 2472 2180 2495 uto-
