2281 3251
257 247 305 272 Αιι.
325 247 351 273 Ε.
371 247 437 274 1508

268 2199 327 2220 furter-
339 2203 441 2220 transum-

258 2234 348 2257 piorum.

507 239 575 271 572

456 304 626 351 professus,
650 305 717 339 sire
745 305 782 338 ad
806 316 911 339 sacros
934 304 1063 340 ordines
1084 317 1208 352 promo-

456 367 505 394 tus
527 359 557 393 in
581 370 617 394 ea
653 358 756 398 suerit,
783 370 878 405 quam
904 371 968 393 rem
1003 359 1209 405 professionis

455 413 523 448 loco
545 421 575 448 et
590 423 658 447 esse
681 419 710 446 et
731 411 839 446 liaberi
861 413 1042 456 statuimus,
1064 412 1206 447 habitum

455 467 529 502 dicti
557 465 689 500 Ordinis
718 466 896 513 relinquere
918 475 971 501 aut
1000 475 1121 502 mutare
1144 480 1207 502 non

456 521 575 567 possit,
603 520 661 554 nisi
695 519 876 554 missionem
910 519 1079 567 literasque
1111 532 1125 555 a
1153 534 1209 568 ge-

456 574 550 609 nerali
578 573 708 609 Ordinis
735 573 919 608 obtinuerit.
953 573 1047 615 Quod
1080 582 1142 609 tam
1171 574 1209 610 de

457 629 505 668 iis,
533 628 584 675 qui
616 628 768 663 liactcnus
791 627 935 667 exierint,
959 627 1090 674 intelligi
1120 629 1209 664 volu-

456 695 538 722 mus,
566 693 660 728 quam
684 681 723 715 de
751 680 799 715 liis
821 680 875 727 qui
900 680 930 714 in
961 689 1120 728 posterum
1141 683 1210 717 exi-

456 736 514 770 turi
537 743 634 779 sunt,
657 734 778 770 etiamsi
807 734 997 782 apostolicas
1020 734 1125 770 literas
1152 736 1209 772 ob-

457 790 618 824 tinuerint.

503 843 522 890 g
545 844 577 877 5.
600 842 646 877 Ne
662 854 734 877 vero
751 842 906 890 protervis
930 843 1127 891 relinquatur
1147 845 1209 878 liti-

297 907 321 918 ¹¹
345 906 438 950 ’'ff‘'-
454 896 548 943 gandi
577 897 814 944 repugnandive
832 897 934 937 locus,
957 898 982 931 si
1006 898 1076 944 quis
1098 910 1208 933 eorum

434 947 636 986 'exeuntium
666 963 791 986 causam
813 951 843 985 in
873 951 1017 986 Romana
1040 951 1135 987 Curia
1155 965 1210 987 su-

456 1017 511 1051 per
533 1016 568 1040 ea
591 1005 777 1040 recommitti
795 1004 949 1040 hactenus
965 1005 1142 1041 obtinuerit
1156 1014 1209 1042 aut

456 1058 485 1092 in
514 1066 673 1105 posterum
697 1058 979 1103 obtinebit,ubiad
998 1059 1208 1094 inhibendum

454 1120 509 1147 aut
530 1111 589 1148 alia
612 1112 794 1148 huiusmodi
819 1114 976 1159 agendum
1002 1114 1078 1148 itum
1107 1114 1210 1160 suerit,

457 1175 557 1212 motu,
575 1167 705 1202 scientia
721 1175 750 1202 et
774 1175 926 1214 potestate
943 1167 1124 1214 praedictis,
1141 1167 1210 1203 lites

458 1220 638 1256 huiusmodi
665 1220 703 1255 ad
732 1233 790 1256 nos
811 1221 1002 1256 advocamus
1023 1230 1118 1268 atque
1147 1235 1209 1257 om·

457 1276 534 1310 nino
547 1274 775 1321 extinguimus.
795 1274 979 1309 Statuentes
994 1287 1093 1322 acque
1109 1276 1210 1310 valere

458 1329 517 1364 boc
538 1329 701 1364 decretum
725 1337 868 1364 nostrum
891 1341 927 1364 ac
944 1329 969 1363 si
990 1329 1128 1364 iudicum
1151 1342 1211 1365 uo-

458 1383 553 1422 mina,
581 1392 675 1430 atque
697 1382 755 1417 alia
778 1382 884 1417 omnia
904 1394 985 1429 quae
1012 1396 1106 1430 supra
1129 1395 1210 1418 com-

457 1444 627 1471 memorata
650 1446 723 1472 sunt
747 1436 797 1471 liic
814 1437 889 1471 satis
911 1448 1060 1484 expressa
1088 1447 1208 1481 essent7

456 1491 548 1526 etiam
568 1491 593 1526 si
617 1491 696 1525 sacri
714 1491 823 1526 Palatii
848 1491 1022 1538 Apostolici
1051 1492 1212 1529 auditores

456 1545 636 1580 existerent.
652 1544 874 1592 Volumusque
890 1553 923 1580 ut
942 1546 1094 1593 quicquid
1113 1560 1212 1594 super

456 1599 514 1634 hac
537 1611 568 1633 re
592 1598 643 1634 fiat
665 1607 717 1634 aut
740 1599 856 1634 factum
885 1600 946 1644 sit,
968 1601 1061 1635 etiam
1086 1601 1109 1635 si
1134 1613 1213 1636 cau-

456 1667 521 1688 sam
555 1662 608 1688 aut
645 1666 702 1689 nos
729 1662 781 1689 aut
804 1654 985 1702 Apostolica
1014 1657 1212 1692 commiserit

455 1708 569 1752 Sedes,
585 1720 640 1755 pro
654 1708 768 1743 infecto
791 1709 923 1743 omnino
938 1708 1064 1749 liabori3
1089 1709 1210 1746 irritum

457 1770 617 1809 praeterea
639 1774 708 1796 esse
732 1770 826 1809 atque
848 1762 940 1796 inane
975 1763 1128 1810 quicquid
1155 1777 1212 1799 su-

457 1829 511 1862 per
534 1816 595 1860 liis,
621 1815 791 1863 apostolica
808 1816 873 1850 sive
895 1816 952 1851 alia
976 1817 1087 1863 quavis
1102 1826 1212 1852 aucto-

457 1869 559 1912 ritate,
581 1880 673 1904 secus
691 1869 859 1916 contigerit
882 1878 934 1904 aut
956 1870 1004 1915 agi
1028 1878 1081 1904 aut
1108 1879 1212 1906 atten-

457 1925 526 1959 tari.
549 1924 675 1959 Fratres
699 1936 783 1964 vero,
807 1925 859 1971 qui
890 1925 929 1959 ita
953 1925 1098 1969 exierint,
1125 1938 1214 1972 quo-

457 1989 594 2025 cumque
617 1977 715 2012 induti
741 1978 847 2012 babitu
872 1979 944 2018 sint,
973 1979 1161 2014 mandamus
1180 1988 1211 2013 ut

457 2032 525 2079 capi
545 2043 650 2076 cures,
668 2031 706 2066 ad
721 2031 992 2079 Religionemque
1015 2042 1149 2068 vestram
1168 2046 1214 2067 re-

458 2087 524 2121 dire
551 2098 754 2134 quacumque
778 2087 897 2122 ratione
921 2087 1103 2134 compellas.

508 2142 575 2184 56.
598 2140 756 2187 Denique,
784 2140 877 2175 fidem
905 2141 1048 2175 adbiberi
1079 2141 1213 2176 manda-

462 2207 532 2229 mus
566 2206 626 2229 non
653 2194 748 2229 modo
765 2195 879 2229 nostris
908 2195 955 2229 liis
975 2194 1084 2239 literis,
1103 2208 1211 2230 vorum

459 2248 551 2283 etiam
581 2257 610 2282 et
633 2261 740 2283 earum
769 2249 943 2296 exemplis,
966 2249 1060 2284 modo
1085 2250 1212 2296 praelati

459 2310 513 2336 aut
533 2303 643 2337 notarii
671 2303 805 2337 alicuius
827 2303 917 2349 signo
939 2303 1125 2350 obsignatae
1150 2304 1214 2338 sue·

461 2355 532 2390 rint.

508 2409 623 2445 Datum
648 2410 766 2445 Romae
794 2411 878 2458 apud
901 2411 1053 2446 Sanctum
1084 2411 1212 2446 Petrum

459 2464 519 2498 sub
545 2464 662 2499 annulo
678 2463 857 2509 piscatoris,
873 2465 923 2500 die
945 2465 1065 2500 decima
1081 2466 1212 2512 septima

461 2518 550 2563 iunii,
565 2518 734 2553 millesimo
746 2519 999 2565 quingentesimo
1009 2528 1128 2564 octavo,
1141 2532 1215 2566 pon-

462 2573 598 2607 tificatus
619 2573 717 2607 nostri
741 2584 824 2607 anno
847 2586 876 2606 v.

511 2638 572 2668 Dat.
597 2639 643 2668 die
668 2639 702 2669 17
722 2639 796 2668 iunii
820 2639 901 2675 1508,
925 2639 1025 2678 pontif.
1049 2648 1126 2669 aimo
1145 2648 1168 2668 v.

1047 252 1231 273 nt‘ttAtttmr
1258 252 1417 274 ttunsxt‘at

1546 306 1651 341 xxiii
1678 312 1702 349 u
1714 316 1733 350 y.

1251 389 1296 421 Ne
1329 388 1464 432 relr'yi'ost'
1500 388 1653 421 Ordinum
1686 389 1942 422 praedicatorum
1978 397 2005 422 et

1301 443 1459 474 Μίνωι-ψη
1484 450 1707 476 commorentur
1733 450 1823 476 eoetra
1846 443 2006 487 coenobia,

1299 496 1390 528 etiam
1412 495 1568 528 occasione
1588 496 1760 529 studiorum
1784 497 1842 538 (2).

1522 581 1736 612 §mummuli

1252 648 1419 678 Exordium.
1438 665 1476 670 —
1499 649 1521 677 1.
1546 647 1719 686 Diplomatis
1739 658 1841 679 eausa.
1858 666 1896 671 —
1909 649 1935 679 Ξ.
1954 648 2008 679 Or-

1291 693 1392 722 dinum
1414 692 1650 722 l'racdicatorum
1670 697 1698 722 et
1717 692 1860 722 Minoi-um
1885 694 2005 732 praelati

1291 735 1385 775 l'apae
1405 736 1572 776 supplicant
1589 745 1640 774 pro
1660 736 1830 765 huiusmodi
1847 736 2007 768 obtinendo

1291 781 1419 810 decreto.
1441 798 1480 803 —
1497 782 1525 811 3.
1546 781 1628 816 Quod
1652 780 1795 818 religiosi,
1817 780 1928 820 absque
1952 791 2006 812 su-

1292 825 1439 863 periorum
1465 826 1593 861 licentia,
1621 829 1699 854 extra
1723 833 1845 855 suorum
1864 825 2006 856 Ordinum

1291 870 1393 898 domos
1414 869 1591 899 commorari
1611 879 1668 899 non
1688 869 1811 908 possint.
1830 886 1869 892 —-
1886 870 1914 899 4.
1930 869 2009 900 Prae-

1292 914 1358 943 latis
1388 915 1508 943 eosdem
1538 914 1695 944 coercendi
1718 914 1783 943 data
1808 913 1944 951 facultas;
1970 931 2009 936 —

1292 957 1526 997 lter-toribusque
1547 957 1783 994 universitatum,
1807 967 1842 987 ne
1866 957 2007 988 fratribus

1292 1002 1414 1039 vagandi
1429 1002 1587 1041 praebeant
1599 1002 1795 1036 occasionem,
1809 1002 2008 1032 interdictum.

1290 1063 1328 1067 —
1346 1047 1374 1075 ἶ).
1397 1046 1597 1085 Exequutores
1617 1046 1720 1075 barum
1741 1045 1891 1076 literarum
1912 1047 2007 1086 depu-

1292 1091 1351 1120 tati.
1373 1108 1412 1113 —
1433 1092 1460 1120 o.
1483 1090 1678 1120 Obstantibus
1698 1090 1828 1129 derogat.

1251 1171 1336 1199 tutius
1359 1171 1503 1206 episcopus
1527 1177 1623 1199 servus
1643 1177 1784 1199 servornm
1811 1171 1856 1199 Dei
1877 1171 2012 1200 univorsis

1295 1221 1326 1248 ot
1353 1220 1471 1255 singulis
1504 1221 1666 1255 praesentes
1695 1219 1796 1248 literas
1829 1219 2009 1256 inspecturis.

1295 1269 1416 1297 salutem
1433 1270 1463 1297 et
1479 1269 1659 1305 apostolicam
1674 1269 1901 1298 benedictionem.

1302 1341 1337 1376 ln
1361 1353 1530 1389 supremae
1552 1341 1712 1388 dignitatis
1726 1342 1869 1389 specula,
1892 1342 2011 1378 meritis

1254 1393 1323 1427 licet
1342 1391 1615 1432 insuliicientibus‚
1635 1393 1812 1432 constituti,
1825 1392 1906 1427 inter
1920 1404 2012 1428 curas

1254 1442 1456 1488 multiplices,
1476 1440 1594 1488 quibus
1617 1453 1721 1476 rerum
1744 1442 2010 1489 negotiorumque

1255 1491 1454 1526 varietatibus
1469 1491 1647 1531 obruimur,
1668 1491 1718 1525 illa
1736 1491 1936 1538 potissimum
1954 1503 2010 1526 nos

1253 1541 1434 1580 sollicitant,
1451 1553 1505 1587 per
1527 1552 1608 1586 quae
1630 1553 1724 1575 suave
1749 1541 1903 1587 regularis
1918 1541 2010 1576 Men-

1255 1591 1394 1625 dicitatis
1411 1591 1533 1636 iugum,
1549 1589 1609 1624 sub
1623 1602 1687 1636 quo
1701 1590 1807 1625 dilecti
1831 1590 1885 1624 filii
1901 1591 2012 1625 fratres

1255 1640 1513 1674 praedicatorum
1537 1648 1567 1673 et
1588 1639 1748 1674 Minorum
1771 1639 1932 1675 Ordinum
1955 1639 2014 1676 de-

1253 1697 1343 1736 gunt7
1368 1690 1397 1723 in
1422 1690 1490 1724 dies
1509 1690 1607 1736 magis
1630 1701 1792 1736 prospere,
1812 1689 1851 1724 de
1874 1689 1958 1724 bono
1981 1690 2011 1724 in

1255 1739 1368 1773 melius
1391 1738 1566 1785 dirigatur;
1589 1750 1641 1779 ac,
1666 1746 1698 1773 ut
1720 1739 1872 1785 regularis
1888 1739 1966 1774 vitae
1982 1748 2014 1774 et

1254 1788 1484 1823 ecclesiasticae
1513 1787 1700 1835 disciplinae
1729 1800 1855 1833 norma,
1879 1788 2013 1824 sublatis

1254 1838 1419 1885 quibusvis
1441 1837 1627 1881 obstaculis,
1647 1837 1852 1884 praefulgeat,
1872 1837 1904 1872 id
1927 1838 2013 1873 salu-

1255 1887 1352 1921 briter
1379 1887 1550 1921 statuimus
1577 1896 1605 1921 et
1633 1886 1831 1927 ordinamus,
1860 1894 1954 1933 prout
1982 1887 2012 1922 in

1254 1937 1391 1971 Domino
1417 1936 1632 1983 conspicimus
1655 1936 1884 1971 rationabiliter
1912 1948 2013 1984 expe-

1254 1986 1334 2021 dire.

1303 2045 1322 2091 g
1340 2047 1369 2078 1.
1387 2044 1483 2089 Sane⁷
1499 2056 1554 2090 pro
1569 2051 1655 2091 parte
1669 2043 1859 2079 dilectorum
1877 2044 2012 2080 filiorum

1257 2094 1479 2128 modernorum
1512 2093 1651 2140 magistri
1679 2094 1744 2128 sive
1772 2094 1886 2141 prioris
1913 2106 2013 2141 gene-

1256 2143 1340 2187 ralis,
1355 2155 1390 2177 ac
1414 2143 1551 2188 priorum
1568 2150 1598 2177 et
1622 2143 1810 2178 vicariorum
1835 2144 2014 2190 provincia-

1255 2193 1331 2227 lium
1356 2192 1487 2227 Ordinis
1506 2192 1776 2237 Praedieatorum‚
1804 2204 1928 2228 necnon
1953 2193 2014 2227 mi·

1256 2243 1426 2277 nistrorum
1463 2250 1492 2276 ot
1522 2242 1708 2277 vicariorum
1733 2250 1794 2276 tam
1817 2242 2013 2288 generalium

1254 2304 1349 2338 quani
1379 2291 1619 2339 provincialium
1642 2290 1774 2326 Ordinis
1795 2291 1926 2327 fratrum
1952 2291 2014 2326 Mi-

1257 2353 1381 2385 nomm,
1406 2341 1494 2375 iuxta
1519 2353 1638 2375 morem
1655 2341 1812 2375 dictorum
1834 2340 2013 2386 Ordinum,

1256 2390 1346 2425 nobis
1383 2402 1483 2437 nuper
1504 2390 1640 2424 exhibita
1665 2390 1773 2436 petitio
1807 2390 2014 2431 continebat,

1256 2439 1352 2486 quod,
1368 2439 1439 2475 licet
1456 2448 1516 2474 tam
1531 2439 1706 2473 secundum
1730 2440 1893 2484 canonica,
1916 2452 2011 2487 quam

1255 2489 1348 2523 etiam
1373 2489 1529 2523 dictorum
1553 2488 1709 2523 Ordinum
1733 2489 1886 2534 instituta,
1902 2488 2013 2524 fratres

1292 2564 1331 2599 (t)
1349 2564 1418 2590 llaec
1434 2563 1504 2590 bulla
1521 2564 1546 2590 in
1564 2564 1640 2591 Rom.
1655 2564 1725 2590 Edit.
1743 2564 1793 2591 sub
1805 2572 1877 2592 num.
1897 2572 1946 2592 xiv
1967 2564 2008 2592 le-

1256 2612 1316 2636 gere
1332 2607 1382 2635 est,
1401 2607 1551 2638 temporum
1567 2604 1679 2639 abrupta
1691 2604 1759 2631 serie
1775 2604 1813 2640 (n.
1834 2604 1884 2640 T.).
1917 2604 1956 2640 (2)
1970 2603 2011 2631 Ex

1258 2643 1353 2670 Bullar.
1371 2643 1435 2671 Ord.
1460 2644 1564 2676 Praed.,
1585 2647 1649 2670 tom.
1667 2652 1707 2676 iv,
1726 2652 1784 2679 pag.
1802 2644 1864 2672 25¹1.

2019 252 2067 278 An.
2084 251 2112 278 C.
2132 251 2201 278 1508

2059 1361 2107 1382 Eia-1
2120 1362 2175 1381 lium.

2043 2058 2153 2087 Diplomat.
2166 2064 2212 2080 cnu-
