2281 3251
219 281 267 304 Αιι.
286 277 315 303 C.
338 278 400 304 t'iti't

235 1887 320 1908 §abacti
335 1894 346 1906 a
366 1885 406 1906 Lu-

223 1919 298 1939 sitanis
320 1917 407 1944 ,Ἑώιο-

223 1954 262 1975 pes
278 1949 368 1969 occidui*

239 2286 408 2312 Pluresreugio-

226 2324 252 2339 tle
275 2318 352 2338 Christi
375 2324 409 2337 tn-

225 2349 316 2370 torm-ui.

473 268 537 300 112

417 334 495 370 adeo
517 335 595 369 soret
619 336 823 381 incognitum,
842 343 872 369 ut
897 334 1013 368 nnllain
1034 334 1071 367 ‹lt-
1096 347 1167 380 par-

418 386 495 419 tium
536 385 656 419 illarum
692 385 841 432 gentibus
877 393 992 418 certain
1024 384 1164 417 notitiam

418 435 618 474 haberemus.
648 435 781 469 credens
821 447 853 468 se
885 434 1017 467 inaxinie
1049 433 1078 466 in
1109 433 1166 466 hui:

419 484 484 519 Deo
509 494 665 531 praestare
694 484 901 530 obsequium.
925 484 961 518 si.
981 483 1049 515 eins
1072 495 1165 528 opera

417 543 446 567 et
471 534 639 577 inda-irin,
663 546 746 568 utare
783 546 882 579 usqne
913 532 950 565 ad
985 531 1091 575 ludos,
1113 532 1165 578 qui

417 584 534 618 Christi
560 597 673 618 nornen
690 585 792 617 colere
815 583 974 625 dicuntur,
992 581 1166 625 navigabile

419 637 519 675 tieret,
542 634 648 680 sicque
671 646 742 667 cuni
767 633 811 665 eis
837 631 1035 678 participare,
1054 640 1083 665 et
1100 632 1167 665 illos

419 686 447 718 in
472 684 711 718 christianornm
728 682 878 715 auxilinm
899 681 1050 715 adversus
1079 694 1167 715 sara-

418 746 512 768 cenos
527 742 554 767 et
571 733 647 766 alios
661 731 842 766 huiusmodi
867 731 938 764 lidei
960 731 1066 765 hostes
1079 744 1168 765 coin-

419 794 542 816 movere
565 790 680 829 posset,
708 793 743 815 ac
771 780 939 814 nonnullus
965 781 1098 827 gentiles
1113 794 1166 815 sen

419 844 556 879 paganos
572 834 617 875 (Ι)
645 830 858 864 ιιι-Ιιιιιὼ55ἰιιιι
874 830 1063 865 Machonieti
1083 840 1167 865 secta

420 882 560 919 minima,
579 881 712 914 insci-tos
732 881 864 927 populns
882 880 957 914 inihi
975 880 1080 914 medio
1098 882 1168 915 exi-

418 940 537 965 stentes
559 930 710 965 continuo
735 930 908 970 debellare,
936 930 1045 977 eisque
1075 931 1167 964 inco-

418 982 538 1027 gnitum
554 979 801 1014 sacratissimum
817 980 933 1014 Christi
953 992 1066 1014 nomen
1085 993 1169 1026 prae-

418 1032 522 1066 dicare
544 1042 579 1065 ac
608 1030 707 1064 lacere
737 1029 925 1076 praedicari:
951 1030 1032 1075 regia
1062 1039 1166 1064 tamen

418 1093 544 1128 semper
570 1080 752 1114 auctoritate
780 1081 944 1123 nunnitus,
984 1093 998 1113 ιι
1036 1080 1169 1126 viginti-

418 1131 559 1178 quinque
581 1130 674 1164 annis
701 1130 789 1169 citra,
812 1130 982 1164 exercitum
1006 1142 1043 1164 ex
1067 1130 1169 1164 dicto-

419 1193 486 1215 rum
516 1192 683 1226 regnorum
718 1180 883 1226 gentibus,
918 1179 1062 1214 maximis
1097 1192 1168 1214 cnm

419 1230 594 1286 laboribus,
625 1229 770 1276 periculis
792 1238 821 1263 ct
843 1230 1001 1276 expensis,
1025 1230 1054 1264 in
1083 1229 1170 1264 velo-

418 1281 553 1315 cissimis
576 1279 718 1323 navibns,
733 1281 891 1313 car'avellis
911 1279 1112 1334 nuncupatis,
1131 1279 1168 1314 ad

420 1329 667 1385 perquirendum
697 1342 780 1364 mare
803 1338 833 1363 et
863 1329 1038 1376 [ιι-οιίιιοίῃ5
1060 1329 1171 1364 ‚mari—

421 1381 525 1418 titnas,
549 1392 655 1414 versus
685 1378 904 1413 tnet'iilionales
927 1388 1031 1426 partes
1053 1389 1085 1414 et
1113 1392 1171 1426 po-

421 1430 482 1464 luni
511 1430 711 1468 antium-,uni
734 1429 827 1463 annis
861 1429 994 1474 singulis
1022 1429 1084 1464 ser«.
1105 1429 1170 1463 mit

421 1489 485 1514 tere
510 1492 570 1513 nou
599 1481 752 1518 cessavit,
779 1478 888 1526 sicque
916 1479 1032 1514 factum
1056 1487 1103 1514 est
1126 1486 1170 1519 ut,

420 1542 490 1564 cuni
515 1541 609 1563 naves
628 1528 809 1563 huiusmodi
829 1529 1033 1576 quamplures
1050 1538 1169 1576 portus

422 1578 540 1613 insulas
568 1587 598 1613 et
625 1579 722 1613 maria
747 1578 1000 1625 perlustrassent,
1028 1579 1065 1612 ad
1089 1577 1171 1613 Ghi-

421 1641 510 1663 neam
530 1629 562 1671 (⁶.)
566 1632 574 1672 )
598 1629 787 1676 proxinciam
815 1628 940 1663 tandem
958 1629 1170 1676 perreniiQent

420 1679 642 1734 occupatisque
656 1678 818 1713 nonnullis
841 1679 963 1719 insulis,
980 1678 1122 1726 portibus
1137 1691 1172 1713 ac

421 1742 496 1764 mari
525 1728 628 1763 eidem
653 1729 831 1775 provinciae
859 1728 1092 1768 adiacintibus,
1121 1729 1171 1763 ul-

421 1779 517 1813 terius
546 1778 750 1824 navigantes,
778 1778 814 1812 ad
851 1779 965 1812 ostinni
1003 1778 1170 1813 cuiusdam

421 1829 524 1875 magni
539 1828 691 1867 fluminis,
707 1827 767 1862 Nili
790 1829 1001 1862 counnnniter
1024 1829 1172 1876 reputati,

423 1887 648 1925 pervenerunt,
676 1887 705 1912 et
740 1888 846 1912 contra
882 1878 1004 1912 illarum
1036 1879 1171 1925 partium

423 1928 578 1975 populos,
607 1928 735 1962 nomine
778 1928 916 1975 ipsorum
940 1928 1062 1962 Alsonsi
1093 1928 1173 1974 regis

422 1986 451 2012 et
464 1976 604 2020 lnl'antis,
621 1990 675 2024 per
689 1977 813 2024 aliquos
828 1990 927 2012 annos
939 1990 1050 2024 guerra
1067 1977 1172 2012 habita

423 2028 536 2071 extitit,
554 2035 584 2063 ct
607 2028 636 2061 in
661 2027 709 2062 illa
739 2027 945 2074 quamplures
969 2027 1044 2062 inihi
1062 2028 1173 2062 vicinae

424 2077 546 2111 insulae
568 2076 743 2112 debellatae
770 2090 804 2111 ac
847 2077 975 2123 pacifice
1011 2090 1174 2124 possessae

424 2126 564 2171 l'nerunt,
583 2135 675 2175 prout
698 2127 802 2161 adhuc
825 2139 896 2161 cum
917 2126 1069 2162 adiacenti
1096 2127 1171 2161 inari

426 2176 639 2224 possidemur.

473 2226 493 2274 §
528 2228 560 2260 5.
589 2226 712 2261 Exinde
741 2238 867 2273 qnoque
894 2225 983 2260 multi
1005 2224 1121 2261 Ghinei
1145 2234 1173 2260 et

424 2277 474 2311 alii
488 2276 584 2322 Nigri
609 2277 635 2310 vi
651 2276 747 2324 capti,
765 2276 893 2323 quidam
909 2276 1014 2316 etiam,
1031 2289 1091 2309 non
1107 2288 1175 2323 pro-

425 2326 593 2361 hibitarum
629 2339 732 2362 rernm
762 2327 992 2373 permutatione
1033 2338 1087 2360 sen
1116 2326 1175 2361 alio

425 2377 565 2423 legitimo
588 2385 748 2412 contractu
766 2376 945 2424 emptionis,
960 2375 1087 2410 addicta
1103 2385 1176 2411 sunt

426 2439 518 2473 regna
548 2427 735 2461 transmissi.
763 2426 907 2469 Quorum
938 2426 1014 2461 inibi
1047 2427 1175 2472 copioso

425 2489 557 2511 numero
590 2478 628 2511 ad
668 2477 853 2512 catholicam
898 2476 990 2511 sidem
1031 2477 1174 2511 conversi

423 2527 605 2571 extiterunt,
621 2536 839 2574 speraturque,
856 2526 961 2561 divina
976 2525 1097 2561 favente
1112 2527 1176 2561 cle-

459 2598 499 2633 (t)
516 2598 575 2632 Leg.
602 2598 688 2625 forsan
709 2606 826 2631 paqaemos
837 2601 861 2624 et
874 2597 1057 2632 nefandissimi
1070 2598 1177 2624 illectio-

426 2641 486 2664 meti'
510 2642 579 2664 secta
605 2641 718 2665 nimium
744 2638 852 2672 infectos
869 2640 980 2670 populos
1005 2642 1056 2665 etc.
1081 2638 1119 2673 (tt.
1136 2637 1174 2673 τ).

460 2676 500 2714 (ἲ)
521 2678 581 2713 Leg.
600 2678 641 2704 hic
657 2682 684 2704 et
699 2678 759 2705 alibi
777 2679 918 2711 Guiueam,
939 2679 1035 2705 Gm'net‘
1054 2682 1105 2705 etc.

1008 279 1056 300 ttt‘t
1069 279 1085 299 Ι.
1095 278 1191 299 ὶΙῑΙΙ“Μ
1232 276 1392 299 nonaum

1210 332 1337 369 utentia,
1360 329 1456 376 qnod,
1471 329 1495 363 si
1521 328 1701 364 huiusmodi
1720 342 1792 365 cuni
1815 330 1862 364 eis
1882 341 1961 365 con·

1209 381 1348 414 tinuetur
1372 392 1581 426 progressus,
1617 379 1662 414 vel
1687 379 1793 427 populi
1832 380 1889 427 ipsi
1924 381 1961 414 ad

1210 430 1302 464 tidem
1320 437 1556 472 convertentur,
1585 430 1631 463 rel
1654 431 1765 464 saltem
1786 430 1961 464 multorum

1209 492 1246 513 ex
1276 479 1320 513 eis
1348 480 1470 513 animae
1497 479 1626 513 (Itu-isio
1655 479 1822 514 lucrilieut.

1258 530 1277 575 ἓ
1303 532 1332 562 t.
1352 528 1434 562 Cum
1450 537 1568 571 anti-m,
1584 529 1665 563 sicut
1681 530 1877 577 accepimus,
1891 530 1961 564 licet

1210 592 1261 613 rex
1286 587 1317 612 et
1340 578 1446 612 Infans
1463 579 1627 626 praedicti,
1650 580 1718 626 qui,
1739 591 1812 613 cuin
1833 588 1877 613 tot
1893 588 1963 614 tan-

1210 629 1311 675 tisque
1346 629 1510 675 periculis,
1548 628 1706 663 laboribus
1738 639 1766 662 et
1801 630 1963 676 expensis,

1210 691 1331 712 necnon
1357 678 1536 724 perditione
1559 687 1601 712 ιιιι
1632 679 1822 713 naturalium
1847 691 1962 725 regno-

1211 742 1278 763 rnni
1300 727 1493 767 huiusmodi,
1509 741 1645 775 qnorum
1664 728 1738 763 inihi
1755 730 1963 776 quamplures

1211 778 1387 823 perierunt.
1413 778 1552 825 ipsorum
1589 778 1778 812 naturalium
1802 777 1961 813 dumtaxat

1211 828 1277 862 freti
1311 827 1441 871 auxilio,
1473 828 1652 875 provincias
1683 829 1750 862 illas
1780 827 1961 874 perlustrari

1210 878 1363 917 fecerunt,
1386 889 1420 911 ae
1445 886 1564 923 portus,
1581 878 1698 912 insulas
1716 886 1747 912 et
1770 877 1865 912 maria
1897 879 1963 912 hu-

1211 927 1347 962 iusmodi
1375 927 1611 974 acquisiverunt
1634 936 1663 962 et
1684 927 1905 974 possederunt,
1930 937 1962 962 ut

1211 977 1407 1023 praefertur,
1448 985 1479 1011 ut
1503 977 1626 1011 illorum
1657 979 1719 1012 veri
1754 977 1897 1017 domini,
1921 979 1963 1012 ti-

1211 1035 1332 1061 mentes
1355 1039 1392 1061 ne
1415 1027 1524 1074 aliqui,
1539 1026 1710 1074 cupiditate
1733 1027 1963 1075 ‹lucti,adpar-

1211 1086 1256 1110 tes
1281 1077 1347 1111 illas
1371 1077 1565 1123 navigarent,
1593 1085 1622 1111 et
1646 1077 1750 1124 operis
1779 1077 1961 1112 huiusmodi

1212 1126 1460 1173 perfectionem,
1495 1127 1631 1161 fructum
1672 1135 1701 1161 et
1737 1126 1861 1161 laudem
1904 1125 1962 1161 sibi

1212 1189 1364 1223 usurpare
1394 1176 1439 1211 vel
1475 1177 1586 1211 saltem
1611 1177 1764 1224 impedire
1785 1177 1964 1224 cupientes3

1212 1235 1390 1273 propterea,
1412 1239 1466 1261 seu
1489 1226 1568 1261 lucii
1605 1226 1774 1261 commodo
1797 1234 1851 1262 aut
1873 1226 1965 1261 mali-

1212 1276 1262 1314 tia
1287 1275 1416 1319 feri-,um
1430 1288 1528 1321 arma,
1549 1276 1730 1322 lignamina,
1748 1276 1886 1324 aliasque
1915 1288 1964 1311 res

1211 1333 1241 1360 et
1265 1325 1344 1360 hona
1369 1326 1405 1360 ad
1430 1305 1589 1361 infidetes⁰
1587 1326 1700 1361 deferri
1719 1325 1874 1373 prohibita
1891 1338 1964 1373 por-

1213 1384 1311 1410 tarent
1336 1376 1381 1410 vel
1411 1376 1673 1415 transmittethnt
1695 1384 1749 1411 aut
1778 1376 1864 1423 ipsos
1892 1375 1964 1410 infi-

1212 1425 1298 1460 deles
1321 1425 1487 1471 navigandi
1518 1425 1646 1460 modum
1670 1426 1849 1471 edocerent,
1874 1438 1965 1473 prop-

1213 1484 1259 1509 ter
1281 1488 1360 1522 quae
1388 1476 1433 1509 eis
1456 1475 1563 1510 hostes
1586 1475 1730 1510 toi-tiores
1753 1487 1788 1510 ac
1819 1453 1964 1510 ditriores

1213 1524 1333 1568 tierent,
1361 1534 1390 1560 ct
1410 1525 1592 1559 huiusmodi
1622 1526 1801 1573 prosecutio
1829 1525 1905 1560 v'el
1899 1538 1965 1559 im-

1214 1553 1375 1622 pedireinr
1427 1575 1472 1610 vel
1505 1576 1607 1610 forsan
1649 1575 1774 1622 penitus
1810 1585 1965 1619 cessaret,

1214 1637 1275 1659 non
1298 1625 1418 1672 absque
1436 1624 1555 1659 offensa
1576 1637 1687 1672 magna
1711 1625 1769 1659 Dei
1798 1633 1826 1659 et
1846 1625 1964 1672 ingenti

1213 1675 1309 1709 totius
1342 1675 1580 1710 christianitatis
1602 1675 1786 1723 opprobrio;
1813 1674 1851 1709 ad
1875 1674 1966 1709 obvi-

1213 1725 1328 1759 andum
1354 1725 1555 1772 praemissis,
1589 1737 1625 1758 ac,
1656 1737 1711 1771 pro
1733 1737 1863 1760 suorum
1890 1724 1966 1759 iuris

1213 1783 1242 1808 et
1267 1775 1476 1821 possessionis
1501 1775 1757 1818 conservatione,
1785 1774 1845 1809 suh
1873 1774 1966 1808 certis

1215 1833 1288 1858 tnnc
1315 1825 1473 1871 expressis
1499 1825 1692 1870 gravissimis
1720 1825 1831 1872 poenis
1859 1823 1967 1871 prohi-

1215 1873 1339 1908 buerint
1385 1884 1413 1909 et
1449 1874 1639 1920 generaliter
1678 1874 1844 1910 statuerint
1880 1873 1964 1920 quod

1215 1923 1339 1963 nullus,
1369 1924 1427 1958 uisi
1455 1937 1526 1958 cnm
1556 1924 1623 1958 suis
1651 1924 1754 1958 nautis
1776 1936 1811 1957 ac
1835 1922 1968 1958 navibus

1214 1981 1244 2007 et
1259 1974 1334 2007 certi
1352 1974 1457 2008 tributi
1481 1973 1653 2017 solutione,
1676 1974 1868 2020 obtentaque
1881 1973 1969 2020 prius

1214 2022 1353 2070 desuper
1374 2036 1521 2070 expressa
1545 2023 1584 2058 ab
1611 2024 1722 2057 eodem
1750 2036 1820 2069 rege
1845 2022 1890 2057 vel
1917 2021 1968 2057 ln-

1215 2072 1299 2107 sante
1323 2073 1460 2117 licentia,
1488 2073 1524 2108 ad
1547 2073 1647 2108 dictas
1676 2073 1855 2120 provincias
1884 2072 1969 2107 navi-

1214 2134 1299 2168 gare,
1323 2132 1372 2157 aut
1402 2124 1430 2157 in
1460 2136 1568 2158 earnm
1587 2123 1740 2170 portubus
1762 2130 1967 2160 contractare,

1215 2189 1270 2211 seu
1301 2177 1330 2210 in
1355 2178 1431 2211 mari
1457 2177 1568 2224 piscari
1598 2185 1835 2225 praesumeret,
1863 2184 1967 2210 tamen

1215 2244 1366 2266 successu
1380 2232 1531 2279 temporis
1544 2233 1668 2267 evenire
1683 2239 1787 2279 posset
1800 2231 1885 2279 quod
1895 2229 1967 2266 alio—

1218 2298 1284 2320 rum
1303 2298 1473 2333 regnorum
1490 2298 1545 2321 seu
1565 2287 1726 2321 nationum
1745 2297 1900 2333 personae,
1919 2285 1969 2321 in-

1217 2340 1310 2385 vidia,
1327 2341 1444 2376 malitia
1462 2349 1513 2376 ant
1528 2341 1701 2388 cupiditate
1714 2340 1840 2380 (luctae,
1860 2347 1968 2376 contra

1218 2395 1461 2441 prohibitionem
1481 2395 1684 2443 praedictam,
1700 2395 1819 2442 absque
1846 2395 1970 2432 licentia

1217 2458 1245 2484 et
1262 2449 1368 2485 tributi
1382 2449 1786 2510 solutionehuiusmodhad
1795 2449 1971 2510 dictaspro-

1218 2503 1336 2539 ιίηοιιιε
1358 2504 1522 2542 accedere
1544 2512 1575 2538 et
1598 2505 1628 2538 in
1651 2503 1696 2539 sic
1711 2505 1873 2551 acquisitis
1895 2515 1972 2552 pro-

1217 2557 1344 2597 vinciis,
1366 2558 1520 2606 portubus
1546 2567 1575 2592 et
1604 2557 1716 2592 insulis
1744 2569 1781 2592 ac
1807 2557 1886 2593 mari
1909 2569 1970 2592 na-

1221 2611 1331 2656 vigare
1350 2620 1545 2647 contractare
1564 2621 1593 2646 et
1615 2612 1726 2659 piscari
1744 2620 1972 2659 praesumerent

1218 2673 1247 2700 et
1265 2666 1390 2707 exinde,
1407 2667 1487 2702 inter
1501 2665 1668 2701 Attonsum
1686 2677 1791 2713 regem
1806 2678 1844 2702 ac
1863 2665 1972 2704 lusan-

1977 273 2025 300 Αιι.
2048 272 2078 300 C.
2095 272 2159 300 111ῢῆ

1994 1687 2102 1708 Prohibita
2125 1692 2163 1708 ex—

1981 1720 2048 1740 ternis
2076 1720 2098 1739 in
2127 1723 2165 1739 en

1981 1755 2029 1770 ons
2050 1749 2162 1775 navigatio·

1997 2569 2113 2595 Ampium
2141 2565 2169 2586 lt-

1985 2600 2036 2621 tium
2051 2599 2147 2620 mutet-iu.
