2281 3251
207 244 257 270 An.
275 243 304 269 C.
320 244 382 271 tuot

237 2524 264 2545 De
280 2525 366 2545 ieiunio.

451 234 519 266 390

401 298 522 334 nientcs
541 297 609 334 sine
631 297 741 346 quavis
766 309 858 332 causa
880 297 979 345 accipi
997 298 1107 341 facere,
1124 306 1150 331 et

402 361 457 395 per
491 348 619 384 eosdem
649 349 679 382 in
708 360 797 394 capsa
821 356 955 395 quatuor
989 347 1154 382 claratnris

400 398 504 433 clausa
524 409 688 445 reponere,
711 405 741 433 et
768 397 806 432 de
828 397 956 432 scientia
979 405 1153 432 conventus

400 448 516 496 exponi
532 447 631 482 facere
647 447 711 495 ipsa
734 446 857 493 Regula
874 456 978 482 nostra
1002 447 1153 489 continet,

401 506 493 545 prout
509 498 538 532 in
559 505 649 532 sexto
671 497 811 545 capitulo
826 497 925 532 dictae
946 496 1086 543 Regulae
1103 509 1155 530 no-

401 557 482 583 strae
497 548 682 582 auctoritate
697 547 866 594 apostolica
877 547 1078 581 confirmatae
1094 546 1153 592 ple-

401 598 471 632 nius
489 597 680 642 continetur,
693 597 842 645 quoniam
859 609 969 643 panem
994 596 1153 644 quotidia-

401 660 475 682 num
492 659 549 694 pro
563 647 704 693 corporis
719 647 908 682 necessitate
920 659 981 681 non
995 646 1154 693 voluptate

402 697 571 744 petendum
588 695 735 732 Cbristus
752 696 950 744 paternaliter
962 696 1082 740 docuit,
1099 708 1153 743 pro

401 747 586 782 necessitate
601 747 742 794 ipsorum
757 746 897 787 fratrum,
907 755 935 781 et
946 758 984 780 ne
998 759 1053 793 per
1069 758 1155 792 repo-

400 796 1053 844 sitionemeleemosynarumhuiusmodiin
1063 804 1153 830 terra.

401 858 458 881 nos
485 846 698 882 thesaurizare
720 846 899 891 videamur,
915 858 1008 893 quem
1033 858 1091 880 nec
1106 845 1154 879 fni·

401 908 503 943 neque
533 908 650 943 aerugo
671 896 865 935 demoliunt,
892 908 964 943 prae
991 895 1154 942 largitionr¹

400 946 624 994 acquiramuS,
653 945 824 994 capitulum
855 947 956 994 ipsum
991 946 1021 980 in
1049 945 1154 992 aliquo

400 996 585 1031 commutari
608 1008 665 1044 pro
693 995 859 1031 salubriori
883 996 943 1030 vita
966 1003 995 1030 et
1019 1007 1154 1042 pauper-

400 1046 472 1080 tatis
483 1045 702 1081 observatione
717 1058 778 1080 non
793 1045 944 1088 indecens
959 1054 1021 1085 est;
1037 1057 1071 1080 ea
1088 1057 1156 1092 pro-

401 1104 469 1142 pter
488 1096 664 1131 necessaria
691 1104 751 1130 tam
775 1095 928 1130 ecclesiae
941 1103 969 1130 et
992 1095 1154 1130 aedificio-

403 1158 472 1180 rum
495 1145 706 1193 reparationi,
740 1158 832 1193 quam
862 1145 1010 1180 fratribus
1032 1144 1154 1179 debitat·

401 1195 599 1230 subventioni
615 1205 645 1231 et
661 1195 771 1243 legatis
787 1195 972 1243 procuratis,
997 1194 1155 1229 mendica·
1174 1214 1177 1233 i

401 1245 441 1279 tis
453 1253 484 1280 et
499 1245 629 1293 largitis,
651 1246 752 1293 pretio
770 1257 852 1293 opus
870 1254 916 1280 est
935 1254 964 1279 ct
981 1245 1073 1280 statui
1099 1257 1154 1278 no-

401 1303 465 1330 stro
487 1297 698 1330 communiter
719 1299 864 1331 convenit
888 1303 920 1329 nt
950 1294 1155 1329 condiridan-

403 1354 471 1386 tur,
498 1346 584 1393 prius
611 1354 714 1380 tamen
742 1345 858 1391 singuli
882 1344 991 1380 fratres
1014 1345 1154 1379 notitiam

401 1393 671 1443 eleemosynarnm
692 1394 839 1438 babeant,
868 1403 899 1429 nt
922 1395 1055 1430 fideliter
1068 1408 1155 1428 oran·

402 1444 522 1480 valeant
544 1445 582 1479 ad
610 1444 784 1480 Dominum
815 1457 870 1492 pro
901 1445 948 1492 pia
985 1445 1155 1478 intentioni·

401 1493 598 1530 donantium.
619 1495 719 1530 Porro
741 1495 840 1529 dictae
864 1494 1082 1542 eleemosynae
1105 1507 1156 1540 pvr

401 1544 482 1580 duos
497 1544 607 1580 fratres
616 1544 832 1593 capitulariter
841 1545 970 1583 electos,
981 1545 1154 1578 oblatorum

402 1602 454 1629 aut
477 1595 649 1630 amicorum
677 1594 888 1642 spiritualium
913 1594 1102 1637 ministerio,
1126 1593 1154 1627 in

402 1643 564 1680 Ecclesiae
585 1657 621 1680 ac
639 1645 767 1680 fratrum
794 1657 899 1684 usum,
923 1645 1005 1678 inxta
1029 1644 1156 1679 ordina-

403 1694 520 1730 tionem
531 1703 743 1730 correctorum
753 1704 782 1729 et
795 1695 935 1742 capituli,
946 1694 1074 1742 provide
1087 1706 1155 1728 con·

405 1752 580 1787 vertentur3
600 1745 624 1779 si
649 1757 721 1779 vero
741 1744 886 1780 fratribus
905 1744 944 1779 de
967 1744 1157 1790 tegumenti>

404 1803 433 1828 et
448 1794 526 1829 vitae
550 1795 746 1833 necessariis,
764 1794 909 1841 aliisque,
925 1803 958 1829 ut
973 1794 1155 1841 praefertur.

406 1843 632 1879 rationabiliter
654 1844 797 1892 provisis,
819 1857 857 1878 ex
873 1844 1075 1879 eleemosinis
1102 1856 1157 1877 an—

407 1893 552 1929 nualibus
571 1906 626 1930 seu
644 1895 804 1941 perpetuis
823 1894 938 1941 aliquid
954 1893 1155 1941 superfuerit,

406 1955 460 1990 per
487 1944 665 1991 praedictos
689 1952 827 1979 rectores
842 1952 871 1978 et
888 1943 1072 1978 buiusmodi
1088 1942 1158 1977 ofli—

989 242 1173 266 RstJAntt'u

404 1992 511 2034 ciales,
523 1993 561 2029 de
576 2006 731 2029 consensu
760 1994 886 2041 capituli
915 1993 1034 2033 localis,
1059 1993 1108 2040 pie
1129 2002 1154 2025 et
1177 1974 1181 2025 l

405 2046 586 2084 charitative
603 2048 633 2083 in
651 2048 718 2096 pias
731 2060 841 2083 causas
856 2047 1076 2089 distribuatur,
1093 2059 1158 2081 cor-

406 2101 582 2137 rectoribus
604 2114 676 2138 vero
695 2111 836 2150 tempore
852 2101 901 2136 sni
918 2101 1157 2137 correctoriam>

407 2169 467 2192 non
490 2157 582 2193 liceat
603 2166 688 2193 extra
708 2165 898 2192 conventum
919 2157 1014 2202 exire,
1033 2165 1158 2204 propter

406 2212 663 2247 communitatem
679 2212 871 2260 praedicare,
881 2219 933 2246 aut
947 2211 1157 2245 confessiones

405 2265 612 2301 saecularium
635 2266 759 2311 audire,
776 2266 832 2301 nisi
858 2267 935 2301 iusta
959 2265 998 2301 de
1020 2277 1112 2300 cansa
1130 2275 1156 2298 ct

406 2318 467 2355 hoc
493 2319 532 2355 de
551 2332 708 2356 consensu
731 2320 872 2368 capituli.

700 2391 780 2428 Cae.
810 2392 864 2427 IX.

455 2465 475 2513 S
504 2467 558 2500 19.
586 2464 667 2500 Cum
704 2465 856 2500 ieiunium
891 2465 1054 2513 corporale
1090 2465 1158 2498 vitia

406 2520 628 2568 comprimere,
651 2521 781 2556 virtutes
792 2521 966 2567 acquirere,
989 2520 1160 2554 daemones

406 2573 544 2621 effugare
578 2583 745 2619 noscatur,
779 2575 848 2609 ideo
882 2574 990 2608 fratres
1021 2583 1159 2608 sanctam

1204 242 1328 264 noxum
1345 242 1364 264 ll

1198 306 1254 341 tes,
1271 297 1354 331 iuxta
1368 308 1566 331 communem
1587 296 1815 331 ordinationem
1831 295 1945 332 Eccle-

1196 348 1270 391 siae,
1297 359 1395 394 usqne
1410 346 1446 379 ad
1461 346 1587 380 Domini
1608 349 1706 381 nostri
1729 346 1946 382 Resurrectio-

1197 410 1281 436 nem,
1297 406 1463 443 ceteraque
1488 396 1603 430 ieiunia
1626 397 1854 432 observante-sa
1869 396 1947 431 festo

1196 446 1349 481 Omnium
1378 446 1568 480 Sanctorum
1597 447 1754 481 exclusive
1783 458 1882 493 usque
1909 447 1946 481 ad

1197 496 1392 530 Nativitatem
1411 496 1549 538 Domini,
1572 508 1643 529 cum
1667 497 1786 544 quartis
1808 505 1837 530 et
1854 497 1950 530 sextis

1198 547 1282 581 feriis
1315 559 1370 593 per
1391 546 1463 579 anni
1488 546 1653 580 circuitum
1693 546 1831 581 ieiunare
1859 546 1949 580 solli-

1195 597 1246 631 citi
1261 597 1335 639 sint,
1351 597 1468 630 octaris
1482 596 1622 630 Pascbae
1637 604 1665 629 et
1679 595 1852 630 Nativitatis
1863 595 1949 630 Cbri·

1197 647 1248 684 sti,
1276 646 1427 692 festisque
1451 645 1668 692 infrascriptis,
1692 645 1835 680 tidelicet
1862 644 1950 679 Nati-

1198 697 1301 731 vitatis
1324 696 1356 731 S.
1374 696 1499 730 loannis
1526 696 1703 742 Baptistae,
1726 694 1948 742 Apostolorum

1197 746 1279 780 Petri
1303 755 1331 781 et
1351 745 1452 785 Pauli,
1475 745 1653 792 diebusque
1676 744 1949 783 communionum,

1196 796 1220 830 si
1249 804 1357 844 quarta
1386 795 1459 829 feria
1483 795 1689 837 occurrerint,
1711 794 1864 829 exclusis:
1894 806 1950 841 po-

1197 854 1299 880 terunt
1313 844 1522 880 nibilominus
1538 852 1733 880 correctores
1751 856 1848 890 super
1864 855 1951 891 prae-

1196 895 1289 931 dictis
1304 895 1432 930 ieiuniis
1451 894 1626 930 secundum
1641 894 1743 929 Deum
1759 894 1951 941 dispensare:

1197 946 1225 979 in
1241 946 1352 980 itinere
1364 953 1467 979 antem
1479 945 1589 979 fratres
1602 945 1820 990 astringantur
1833 943 1950 978 ieiunio

1196 996 1362 1042 corporali,
1379 1003 1407 1030 et
1430 1003 1464 1030 ut
1491 995 1650 1029 efficacius
1676 994 1779 1028 omnis
1805 993 1952 1040 crapulae

1196 1046 1322 1080 tollatur
1354 1045 1501 1089 occasio,
1534 1043 1652 1092 aliquid
1675 1042 1872 1078 comestibile
1900 1051 1952 1077 ant

1198 1096 1332 1142 potabile
1354 1095 1382 1129 in
1406 1095 1491 1130 cellis
1508 1095 1585 1138 suis,
1603 1104 1662 1128 tam
1689 1093 1835 1140 praelatis
1857 1104 1951 1139 quam

1196 1146 1343 1184 subditis,
1374 1146 1433 1180 nisi
1451 1157 1563 1192 aquam
1581 1151 1633 1178 ant
1656 1143 1730 1190 qnid
1754 1142 1953 1185 medicinale,

1198 1204 1225 1228 et
1256 1195 1314 1230 boc
1337 1196 1376 1230 de
1399 1195 1522 1229 licentia
1551 1193 1737 1228 correctoris
1761 1201 1880 1232 tenere·,
1896 1204 1953 1226 nec

1199 1245 1275 1279 ultra
1306 1245 1412 1280 boram
1444 1243 1566 1292 prandii
1582 1244 1716 1282 solitam,
1741 1242 1880 1289 demptis
1897 1243 1955 1276 in-

1199 1296 1254 1329 firn
1270 1296 1296 1329 is
1318 1304 1345 1330 et
1376 1294 1559 1338 maioribus,
1574 1293 1694 1340 absque
1717 1292 1891 1339 superioris
1917 1292 1955 1326 ti-

1198 1345 1489 1389 ccutia,comcdere
1513 1345 1642 1378 mininie
1665 1342 1875 1377 consulimus:
1898 1342 1952 1389 qni

1199 1403 1300 1430 tamen
1317 1395 1437 1429 diutino
1452 1403 1481 1428 ct
1498 1394 1626 1428 naturali
1639 1392 1953 1439 languorelaborant,

1200 1446 1228 1478 in
1254 1445 1389 1481 ieiuniis.
1405 1443 1564 1479 laboribus
1586 1451 1615 1477 et
1640 1442 1754 1488 vigitiis
1775 1441 1955 1476 charitative

1198 1503 1227 1529 et
1243 1495 1450 1529 fraternaliter
1464 1501 1703 1541 supportentur.
1723 1491 1885 1536 Ceterum,
1900 1491 1954 1526 fra-

1200 1553 1262 1578 tres
1285 1545 1314 1578 in
1339 1545 1489 1579 domibus
1517 1543 1738 1581 saecularium,
1766 1554 1837 1576 cum
1866 1553 1955 1576 com-

1199 1596 1291 1629 mode
1315 1595 1350 1628 ad
1375 1602 1563 1629 conventum
1588 1605 1680 1627 sunm
1706 1591 1807 1627 redire
1836 1599 1954 1639 potue-

1200 1645 1272 1689 rint,
1296 1644 1481 1679 recumbere.
1496 1656 1558 1678 non
1583 1642 1735 1677 debeant:
1760 1642 1816 1676 tria
1831 1649 1954 1676 tantum

1200 1694 1266 1729 loca
1291 1694 1451 1729 refectioni
1480 1705 1633 1740 congrua,
1653 1692 1798 1727 videlicet
1820 1691 1955 1726 refecto-

1201 1745 1281 1779 riuin
1300 1757 1356 1791 pro
1374 1745 1473 1788 sanis,
1486 1744 1679 1778 t'orestariam
1694 1754 1749 1789 pro
1763 1741 1953 1789 hospitibus,

1201 1794 1415 1835 infirmariam,
1441 1806 1495 1841 pro
1524 1793 1657 1828 infirmis
1679 1792 1885 1839 deputamus:
1903 1804 1955 1826 ne-

1199 1853 1341 1879 ces-snam
1377 1854 1479 1878 tamen
1515 1850 1739 1878 interveniente
1755 1869 1764 1886 ,
1798 1849 1955 1876 corrector

1199 1906 1270 1929 cnm
1294 1894 1473 1929 senioribus
1495 1893 1533 1928 de
1549 1892 1686 1940 quodam
1709 1891 1791 1935 loco,
1816 1903 1870 1939 pro
1892 1891 1955 1925 fra-

1201 1944 1303 1979 tribus
1317 1944 1356 1978 ob
1372 1943 1548 1990 Religionis
1561 1954 1654 1978 onera
1676 1941 1824 1988 fatigatis,
1837 1953 1953 1977 secun-

1201 1994 1275 2028 dum
1301 1994 1402 2029 Deum
1427 1994 1610 2041 dispensare
1634 1992 1759 2040 poterit.

1503 2064 1583 2100 Car».
1612 2064 1650 2099 X.

1249 2140 1268 2185 ᾖ
1291 2141 1348 2173 20.
1371 2138 1494 2185 Singuli
1510 2138 1622 2172 fratres
1635 2149 1732 2172 imum
1747 2148 1783 2171 ex
1795 2135 1954 2171 societatis
1982 2143 2151 2171 Deraritutiset

1968 2176 2091 2196 etecnonits,
2102 2182 2153 2203 με·

1202 2193 1348 2227 fratribus
1363 2192 1545 2227 triennalem
1556 2201 1675 2239 patrem
1688 2199 1718 2225 et
1732 2199 1952 2228 correctorem,

1201 2260 1391 2294 servumque
1413 2247 1554 2281 omnium
1573 2246 1715 2290 fratrum,
1738 2253 1807 2293 post
1830 2246 1954 2292 praedi-

1201 2311 1286 2337 ctnm
1299 2301 1516 2346 Franciscnm,
1535 2302 1563 2335 in
1579 2300 1757 2347 generalem
1777 2300 1892 2335 babere
1907 2308 1955 2336 te-

1203 2366 1345 2392 neantur.
1370 2357 1416 2392 De
1444 2357 1580 2391 triennio
1601 2364 1706 2390 autem
1730 2355 1760 2389 in
1784 2355 1952 2391 triennium

1203 2411 1377 2446 tiatelectio
1391 2410 1545 2457 generalis
1567 2420 1595 2445 et
1620 2409 1953 2457 provincialium,qui-

1203 2465 1261 2500 bus
1283 2475 1346 2500 tres
1370 2465 1480 2500 fratres
1515 2465 1649 2499 timorati
1678 2473 1707 2498 et
1742 2463 1954 2511 capitulariter

1203 2520 1291 2555 electi
1318 2521 1346 2554 in
1367 2520 1471 2555 socios
1489 2519 1640 2553 discretos
1663 2519 1867 2566 deputentur,
1881 2529 1952 2551 cnm

1203 2575 1318 2621 quibus
1345 2575 1475 2609 Ordinis
1502 2574 1623 2619 negotia
1653 2581 1772 2607 mature
1799 2580 1955 2612 tractent,

407 2629 690 2677 quadragesimam,
706 2629 988 2676 aquinquagcsima
1005 2629 1159 2673 incipivn-
1205 2630 1271 2676 ipsc
1291 2637 1392 2662 antem
1410 2629 1565 2676 generalis
1581 2635 1737 2662 corrector
1753 2639 1877 2673 gregem
1894 2639 1908 2659 s
1926 2626 1954 2661 bi

1964 239 2010 266 an.
2029 239 2058 265 C>
2079 240 2141 266 trtot

1967 2207 2063 2227 latorum.
