2281 3251
124 279 182 307 Am
191 279 220 306 C.
240 278 308 306 {aaz

137 881 168 902 Do
198 882 308 907 recipien-

125 913 157 933 dis
174 914 195 934 in
213 912 308 939 Congre-

126 945 236 970 sationem.

137 1432 166 1454 De
178 1432 286 1454 translatis
295 1439 308 1453 a

125 1465 259 1485 monasteriis
282 1465 306 1485 ad

125 1497 259 1517 monasteria.

134 2347 220 2375 Singula
238 2354 309 2370 monn·

123 2381 195 2406 steria,
211 2387 306 2409 eorumq.

122 2412 211 2440 praelati
264 2414 308 2434 suis

122 2444 214 2470 gandent
222 2445 308 2473 privile-

958 273 1116 297 EFGENtth
1139 273 1171 296 {V
1198 273 1248 296 PP.

322 331 507 368 eorumdem
523 342 665 371 assensu,
676 330 855 365 nullatenus
873 329 1067 364 immutetur.

1767 263 1810 295 15

1112 328 1282 363 modolibet
1309 327 1422 362 debitis
1446 327 1580 371 iuribus,
1614 327 1860 374 praeeminentiis

370 383 391 430 S
418 385 449 416 8.
478 381 643 416 Praeterea
670 392 780 415 omnes
802 387 832 414 et
853 379 968 426 singuli
986 391 1070 426 prae·
1111 392 1146 414 ac
1175 377 1382 425 dignitatibus
1415 377 1602 412 inconcusse
1635 376 1793 423 gaudeant
1832 386 1862 413 et

139 437 166 458 ⁰⁶
186 437 308 473 ‘’ww-¹¹¹²?
323 440 428 467 sentes
467 439 497 466 et
540 431 636 466 futuri
675 430 776 465 dictae
817 430 1070 476 congregationis

124 468 226 496 praelat-s
244 468 306 489 Ordi-

123 501 155 521 nis
174 500 306 527 praestanda.

324 481 463 530 praelati,
478 493 599 516 necnon
617 480 775 524 monachi,
790 480 931 515 conversi
946 488 976 515 et
989 491 1071 515 com-

323 532 424 576 missi,
467 531 525 566 sub
565 530 772 577 praelatorum
810 530 1004 565 visitatorum
1041 537 1071 564 et

321 589 550 629 consequenter
565 579 691 615 illorum
709 578 932 627 praelatorum,
948 581 978 614 in
997 592 1072 626 quo-

322 644 392 667 rum
415 630 613 666 monasteriis
640 630 705 665 sive
728 630 803 665 locis
831 630 890 676 ipsi
914 630 1071 674 monacbi,

322 682 465 717 conversi
489 689 519 716 et
541 680 702 715 commissi
726 688 899 721 morantur,
919 680 1072 715 obedien-

323 732 374 766 tiis
401 731 523 774 sistant,
545 743 598 765 eas
621 730 694 765 liinc
729 730 815 770 inde,
843 738 934 777 prout
956 729 1072 765 decens

324 782 425 821 fuerit,
457 780 616 816 humiliter
643 780 830 828 impensuri.

373 836 387 875 ἓ
409 834 442 867 9.
465 831 504 866 Et
520 831 661 878 insuper,
686 843 724 866 ne
744 830 889 865 facilitate
910 829 1070 877 praecipiti

324 881 500 928 Religionis
522 881 630 928 iugum
654 881 723 928 quis
736 888 889 927 acceptet,
913 879 1018 913 nullus
1035 891 1071 913 ex

324 932 588 966 monasteriorum
615 931 679 965 sive
715 930 857 965 locorum
891 928 1071 963 huiusmodi

324 981 482 1029 praelatis,
517 981 635 1028 absque
666 980 892 1015 deliberatione
929 987 1071 1018 matura,

324 1043 447 1066 necnon
483 1031 616 1065 duarum
653 1031 786 1077 partium
815 1030 862 1063 sui
899 1036 1073 1062 conventus

323 1093 453 1116 assensu
468 1109 476 1121 ,
510 1093 691 1128 quempiam
736 1092 766 1114 in
807 1090 973 1114 monacum
1009 1090 1073 1112 sive

323 1143 510 1165 conversum
536 1130 729 1173 monasterii,
751 1130 815 1163 sive
839 1128 897 1163 loci
913 1128 963 1162 cui
982 1139 1074 1174 prae-

323 1180 621 1227 sit,quom0dolibet
637 1179 673 1214 ad
689 1178 913 1226 professionem
931 1177 1072 1224 recipiat;

322 1229 410 1264 aliter
438 1242 510 1264 vero
537 1229 612 1263 inibi
630 1237 766 1275 recepto,
782 1228 838 1262 nisi
857 1236 964 1275 postea
982 1239 1073 1274 prae-

322 1278 425 1313 dictus
453 1279 580 1313 accedat
608 1290 768 1320 assensus,
796 1277 897 1313 standi
928 1277 975 1312 vel
1004 1289 1073 1312 mo-

322 1327 409 1363 randi
427 1327 542 1364 ibidem
569 1328 608 1363 sit
635 1328 759 1376 penitus
782 1327 998 1362 interdictum.

370 1382 385 1422 ξ
416 1380 470 1413 10.
489 1378 571 1413 Sane
585 1385 628 1419 ut,
643 1377 812 1413 cuiuslibet
825 1377 951 1413 materia
965 1377 1073 1413 turba-

322 1428 417 1463 tionis
453 1427 610 1475 adempta,
634 1440 786 1476 personae
821 1427 1073 1473 congregationis

322 1477 502 1513 huiusmodi
526 1477 664 1526 quietius
693 1478 812 1513 valeant
838 1477 1003 1512 Altissimo
1028 1478 1073 1512 fa-

322 1527 445 1573 mulari,
467 1540 577 1563 omnes
591 1535 622 1563 et
641 1527 768 1574 singuli,
791 1539 883 1574 quos,
902 1526 940 1561 de
958 1527 1072 1574 priori-

322 1576 380 1612 bus
408 1577 438 1611 in
461 1577 580 1625 quibus
603 1577 734 1625 professi
764 1577 851 1612 fuere
873 1577 1072 1612 monasteriis

322 1634 351 1661 et
374 1626 462 1671 locis,
484 1627 523 1661 ad
550 1627 607 1662 alia
632 1627 807 1674 praesentia
840 1634 870 1661 et
892 1626 996 1662 futura
1023 1627 1072 1661 ‹li-

321 1684 390 1711 ctae
411 1676 664 1723 congregationis
685 1676 874 1711 monasteria
896 1676 961 1711 sive
992 1676 1071 1717 loca,

321 1725 405 1760 iuxta
447 1726 678 1762 ordinationem
710 1726 840 1773 capituli
877 1726 1071 1772 huiusmodi,

321 1774 479 1811 transferri
498 1776 677 1823 contigerit,
693 1784 746 1810 aut
767 1776 841 1810 alias
861 1788 916 1822 pro
939 1788 1072 1811 conven-

321 1824 458 1860 tualibus
485 1825 725 1873 quomodolibet
746 1825 903 1873 deputari,
931 1838 970 1860 ex
995 1834 1071 1861 tunc

320 1874 359 1910 ab
382 1875 459 1922 ipsis
481 1875 638 1922 prioribus
665 1875 867 1910 monasteriis
901 1883 995 1923 atque
1024 1876 1071 1911 lo-

320 1925 365 1960 cis
392 1924 518 1961 realiter
538 1925 673 1960 absoluti
696 1925 770 1965 sint,
789 1934 818 1960 et
846 1925 977 1960 aliorum
1008 1938 1072 1961 mo-

320 1975 529 2010 nasteriorum
572 1975 778 2022 locorumque
822 1976 1070 2023 praedictorum,

320 2024 472 2072 quamdiu
509 2026 653 2061 steterint
690 2025 805 2061 ibidem
835 2026 993 2067 monachi,
1036 2039 1072 2061 ac

320 2075 477 2123 suppositi
510 2083 706 2122 reputentur,
733 2083 764 2111 et
799 2089 855 2124 pro
884 2084 1072 2111 conventua-

320 2125 405 2161 libus
427 2125 504 2160 inibi
532 2125 718 2171 habeantur,
742 2127 772 2161 in
795 2126 918 2162 actibus
948 2135 977 2162 et
1010 2140 1072 2162 ne-

320 2181 422 2228 gociis
443 2180 681 2228 capitularibus,
708 2193 743 2216 ac
765 2181 790 2216 si
807 2181 923 2217 ibidem
940 2183 1070 2230 professi

321 2235 449 2270 suerint.

370 2289 390 2337 g
415 2292 470 2325 11.
493 2290 604 2333 Porro,
628 2304 667 2327 ue
702 2291 946 2339 praemissorum
980 2306 1072 2329 occa-

322 2344 424 2390 sione,
446 2346 645 2381 monasteriis
667 2354 698 2381 et
720 2346 796 2381 locis
818 2348 1072 2394 congregationis

323 2399 517 2442 huiusmodi,
531 2401 694 2436 veleorum
704 2401 796 2436 alicui
812 2401 987 2437 detractum
1006 2403 1071 2439 fore

321 2455 559 2503 quomodolibet
571 2456 751 2501 extimetur,
764 2457 869 2492 omnia
882 2458 1070 2493 monasteria

322 2519 354 2547 et
376 2510 443 2547 loca
465 2511 634 2559 praedicta,
652 2523 775 2547 necnon
792 2512 915 2546 illorum
931 2512 1072 2559 praelati,

320 2575 415 2614 atque
438 2578 603 2614 personae,
639 2567 834 2615 quibuslibet
869 2567 913 2602 eis
946 2579 963 2602 a
989 2567 1072 2603 Sede

321 2620 518 2669 Apostolica,
539 2622 588 2657 vel
613 2621 692 2658 alias
717 2622 990 2670 qualitercumque
1001 2633 1072 2657 con-

321 2675 429 2722 cessis,
468 2675 507 2712 de
541 2675 610 2713 iure
639 2688 694 2713 seu
722 2676 955 2713 consuetudine
987 2689 1071 2725 quo-

1114 437 1249 469 utantur,
1277 426 1450 462 dummodo
1478 427 1527 461 illa
1564 427 1744 473 praemissis
1771 434 1802 461 et
1834 440 1863 462 a·

1113 479 1162 514 liis
1186 477 1365 513 huiusmodi
1405 476 1657 524 congregationis
1690 476 1863 512 ordinatio-

1113 529 1206 564 nibus
1239 536 1270 563 et
1298 527 1451 562 institutis
1486 539 1548 561 non
1583 525 1756 567 obsistant·‚
1805 538 1863 562 nec

1115 587 1278 627 propterea
1301 590 1338 613 ex
1367 576 1565 612 monasteriis
1587 576 1663 624 ipsis
1685 588 1783 611 unum
1818 588 1865 612 re-

1114 637 1243 676 putetur
1264 628 1352 663 alteri
1379 626 1570 667 subiectum,
1594 625 1648 661 sed
1672 625 1717 660 eis
1741 625 1771 660 in
1805 638 1862 661 sua

1114 678 1257 713 libertate
1285 676 1537 721 remanentibus,
1561 675 1611 711 illa
1635 675 1863 711 vicissitudinis

1113 727 1305 763 adminiculo
1340 727 1523 767 coniuncta,
1546 725 1604 761 sub
1639 725 1721 761 felici
1762 725 1862 761 dictae

1113 778 1364 824 congregationis
1401 776 1553 823 regimine
1582 775 1743 820 uniformi,
1767 787 1863 822 regu-

1114 828 1187 863 laris
1209 827 1425 863 observantiae
1443 838 1552 874 gressu
1569 825 1629 861 sibi
1647 825 1779 861 invicem
1795 825 1863 860 suf-

1114 878 1286 924 fragentur.

1162 932 1177 971 ς
1198 929 1252 961 12.
1269 926 1463 962 Adlicientes
1491 926 1574 973 quod
1600 925 1862 973 quotiescumque
1891 933 1920 955 De
1941 933 2002 969 mado
2027 938 2063 954 re-

1115 977 1271 1024 praelatus
1297 976 1412 1023 aliquis
1448 977 1673 1011 monasterium
1701 976 1752 1011 cui
1771 966 2062 1022 prae-{ssssffifmmm'

1115 1027 1219 1071 fuerit,
1241 1026 1279 1061 ad
1307 1025 1449 1060 eiusdem
1473 1027 1727 1072 congregationis
1749 1025 1862 1060 obser-

1115 1077 1248 1111 vantiam
1278 1076 1429 1112 reducere
1457 1083 1487 1110 et
1513 1076 1572 1110 sub
1607 1075 1655 1109 illa
1694 1075 1864 1111 reformare

1114 1126 1278 1173 delegerit,
1305 1126 1387 1160 iuxta
1415 1133 1541 1164 statuta,
1574 1125 1712 1168 decreta,
1741 1137 1862 1160 necnon

1115 1176 1330 1211 ordinationes
1368 1175 1625 1222 congregationis
1664 1174 1863 1214 huiusmodi,

1115 1235 1208 1273 prout
1230 1225 1458 1273 congruentius
1488 1225 1613 1272 poterit,
1642 1225 1742 1271 ipsam
1766 1224 1866 1259 resor-

1115 1277 1284 1311 mationem
1313 1275 1417 1319 faciat,
1455 1275 1589 1322 eiusque
1616 1274 1755 1322 desuper
1785 1283 1864 1314 acta,

1114 1327 1342 1361 conventiones
1363 1334 1394 1360 et
1417 1324 1515 1369 modi,
1542 1337 1622 1372 quae
1645 1323 1684 1359 de
1707 1336 1865 1359 consensu

1114 1373 1369 1423 congregationis
1388 1374 1530 1409 eiusdem
1555 1375 1600 1409 vel
1624 1374 1762 1414 illorum,
1784 1386 1865 1422 quos

1114 1425 1151 1460 ad
1181 1426 1209 1460 id
1237 1425 1446 1472 deputaverit,
1474 1425 1505 1459 in
1533 1424 1665 1459 formam
1707 1423 1865 1471 publicam

1115 1475 1238 1510 redacta
1279 1475 1412 1515 fuerint,
1447 1486 1485 1509 eo
1509 1474 1588 1521 ipso,
1613 1473 1865 1509 confirmationis

1113 1526 1303 1573 apostolicae
1326 1525 1388 1559 sint
1415 1524 1527 1559 robore
1550 1524 1686 1559 suffulta.

1163 1580 1177 1619 ξ
1194 1578 1248 1610 15.
1263 1575 1359 1619 Sane,
1372 1586 1445 1609 cum
1461 1573 1628 1621 praedictus
1643 1572 1866 1621 praedecessor
1893 1578 1921 1599 ⁰0
1949 1578 2063 1599 weston*-

1879 1610 1918 1630 taus
1954 1609 2063 1636 praetato-

1115 1629 1283 1677 praedictae
1297 1628 1532 1676 congregationi
1548 1628 1740 1664 concesserit
1766 1627 1864 1675 quod,
1879 1647 1923 1662 rum
1949 1644 1969 1661 et
1991 1640 2063 1661 readi-

1104 1684 1296 1719 vacantibus
1330 1683 1541 1727 monasteriis,
1564 1695 1645 1730 quac
1671 1691 1748 1718 tunc
1775 1691 1866 1718 erant

1113 1739 1214 1775 dictae
1237 1739 1503 1787 congregationis,
1522 1738 1695 1773 electiones
1730 1745 1815 1773 recte
1834 1746 1866 1774 et

1112 1794 1265 1829 canonice
1286 1793 1495 1830 celebrandae
1530 1805 1545 1828 a
1574 1792 1698 1827 duabus
1724 1792 1866 1840 partibus

1112 1847 1311 1895 eligentium,
1334 1848 1518 1884 auctoritate
1550 1846 1720 1894 apostolica
1749 1847 1866 1882 confir-

1114 1911 1215 1939 matae
1229 1904 1296 1952 ipso
1310 1905 1392 1940 facto
1408 1909 1614 1939 censerentur
1629 1915 1636 1943 ;
1651 1901 1813 1949 quodque,
1826 1902 1866 1938 de

1112 1958 1263 1993 omnibus
1278 1958 1454 1994 redditibus
1470 1956 1733 1992 monasteriorum
1745 1955 1864 2003 praedi·

1113 2021 1249 2059 ctorum,
1263 2014 1373 2061 quinta
1391 2025 1463 2061 pars
1481 2024 1536 2059 pro
1549 2010 1673 2046 decenti
1689 2009 1867 2046 substenta-

1114 2069 1199 2104 tione
1234 2067 1442 2116 praelatorum
1458 2066 1676 2114 deputaretur,
1695 2064 1773 2100 aliae
1789 2076 1865 2100 vero

1113 2133 1248 2172 quatuor
1261 2133 1363 2172 partes
1376 2136 1431 2171 per
1445 2122 1635 2163 cellerarios,
1654 2121 1774 2168 absque
1786 2133 1864 2156 con-

1113 2180 1299 2215 tradictione
1316 2178 1537 2227 praelatorum,
1551 2177 1579 2211 in
1591 2175 1818 2211 monachorum
1834 2184 1865 2211 et

1113 2242 1326 2270 conventuum
1357 2232 1544 2268 utilitatibus
1567 2231 1839 2279 dispensarentur3

1163 2291 1183 2338 S
1208 2293 1261 2324 14.
1278 2288 1354 2335 Nos,
1373 2287 1571 2324 attendentes
1582 2286 1666 2335 quod
1680 2285 1862 2322 huiusmodi

1114 2345 1328 2380 ordinationes
1354 2352 1384 2379 et
1412 2343 1551 2386 decreta,
1575 2354 1639 2377 non
1665 2340 1703 2376 ad
1728 2353 1863 2376 conser-

1114 2400 1270 2436 vationem
1298 2407 1328 2434 et
1363 2405 1567 2445 augmentum
1596 2396 1696 2431 dictae
1723 2407 1862 2442 congre—

1113 2454 1326 2502 gationis‚sed
1341 2453 1378 2489 ad
1393 2454 1462 2489 eius
1472 2451 1674 2500 dispendium
1689 2450 1860 2485 maximum

1114 2510 1263 2546 cederent
1274 2517 1304 2544 et
1319 2509 1556 2548 detrimentum,
1573 2505 1677 2542 omnia
1696 2512 1726 2539 et
1739 2503 1862 2550 singula

1113 2564 1460 2607 statuta,ordinationes
1474 2571 1505 2598 et
1519 2562 1642 2597 decreta
1658 2559 1861 2603 electionum,

1114 2629 1145 2657 et
1167 2620 1348 2656 reddituum
1371 2619 1543 2654 divisiones
1570 2613 1752 2651 huiusmodi
1772 2626 1861 2649 revo-

1114 2688 1222 2712 camus
1250 2675 1365 2724 pariter
1396 2682 1426 2710 et
1461 2671 1670 2709 annullamus.
1712 2668 1874 2707 volentes,

1875 270 1923 300 An.
1942 273 1971 300 C.
1990 273 2056 300 {Hm

1879 1672 1940 1694 tuum'
1951 1672 2062 1693 divisione.
