2281 3251
243 202 293 228 An.
313 202 422 230 011187

489 196 559 230 554

439 263 590 297 rationem
625 274 719 318 super
747 262 968 297 emolumentis
995 262 1186 296 minutarum

439 324 495 359 per
515 313 712 353 secretarios
736 313 789 359 qui
819 321 894 347 tune
921 321 1008 347 eraut
1038 313 1067 346 in
1096 312 1188 346 Can-

437 361 561 398 cellaria
577 362 744 410 praedicta,
756 362 1020 410 expediendorum
1039 362 1153 408 recipie
1158 375 1189 396 n-

437 411 497 455 dis,
514 414 631 447 tenoris
644 412 880 459 subsequentis,
908 411 1071 445 videlicet:
1097 426 1113 443 «
1138 411 1185 445 Ad

438 462 609 497 tollendum
633 462 876 509 disceptationes
904 470 934 496 et
961 461 1079 505 dubia,
1107 474 1186 508 quae

438 523 474 546 ex
497 513 632 559 quadam
660 513 866 547 concessione
893 524 950 559 per
972 524 1028 546 nos
1051 512 1129 546 facta
1145 512 1187 545 ‹li-

438 561 525 597 lectis
547 562 619 596 titiis
641 563 820 597 secretariis
842 564 958 597 nostris
976 574 1074 609 super
1093 561 1187 596 certis

437 611 661 647 emolumentis
696 624 751 659 per
785 611 912 647 eosdem
947 612 984 646 de
1026 611 1187 646 nonnullis

438 661 566 697 minutis
588 661 819 709 percipiendis
846 662 875 696 in
903 662 1073 709 quinterno
1102 660 1187 695 Can-

436 711 578 746 cellariae
614 711 653 746 de
680 711 827 746 mandato
863 720 969 746 nostro
1001 711 1186 758 descriptis

435 761 626 808 quandoque
649 761 812 802 oriuntur,
837 769 946 796 tenore
974 761 1184 809 praesintium

435 810 632 851 declaramus
667 811 851 846 intentionis
879 819 1003 846 nostrae
1032 811 1130 845 fuisse
1157 820 1187 845 ct

435 872 517 905 esse,
539 869 569 896 et
591 862 636 896 sic
663 861 876 908 praecipimus
910 861 1079 900 observari,
1101 861 1184 907 quod

435 910 507 945 dicti
530 912 701 955 secretarii,
726 911 822 946 libere
844 919 873 945 et
888 911 957 946 sine
983 911 1084 958 aliqua
1107 923 1186 945 con-

436 960 631 1006 tradictione,
645 960 858 996 emolumenta
878 969 1025 996 consueta
1042 960 1184 995 omnium

435 1010 638 1052 minutarum,
660 1012 786 1058 quaein
811 1010 891 1045 dicta
907 1010 1114 1046 concessione
1129 1010 1186 1045 de-

434 1060 548 1108 scripta
563 1068 651 1100 sunt,
671 1060 816 1095 videlicet
839 1060 1057 1095 tabellionatus
1080 1060 1185 1104 oflicii,

434 1109 577 1145 altarium
601 1110 791 1158 portatilium
809 1138 818 1154 ,
846 1110 1024 1145 celebrandi
1049 1110 1078 1144 iu
1108 1110 1185 1145 locis

433 1160 608 1195 interdictis
642 1168 672 1195 et
698 1168 769 1195 ante
802 1160 914 1205 diem,
946 1160 1184 1196 confessionalis

433 1210 576 1257 perpetui
599 1217 629 1245 et
644 1209 912 1256 indulgentiarum
930 1211 960 1245 in
976 1210 1086 1244 mortis
1107 1211 1185 1244 arti-

433 1259 506 1295 culo
528 1268 559 1295 et
582 1260 611 1295 in
628 1260 701 1304 vita,
723 1260 815 1294 etiam
839 1261 863 1295 si
885 1272 981 1308 super
1003 1259 1183 1294 huiusmodi

432 1309 541 1355 gratiis
567 1309 730 1345 facultates
756 1309 835 1344 aliae
863 1311 924 1344 sint
950 1321 1131 1354 concessae,
1155 1318 1184 1345 et

432 1360 549 1405 gratiae
583 1360 668 1408 ipsae
696 1360 826 1394 formam
856 1359 1013 1407 quinterui
1042 1360 1184 1394 excede—

433 1417 513 1450 rent;
532 1410 624 1445 etiam
649 1410 674 1444 si
698 1410 851 1444 dictarum
874 1410 1042 1456 gratiarum
1066 1410 1184 1457 suppli-

431 1459 572 1494 cationes
594 1460 786 1506 registratac,
813 1472 849 1494 ac
877 1471 933 1506 per
957 1459 1184 1494 vicecancella-

433 1509 514 1543 rium
537 1517 591 1544 aut
620 1510 690 1544 eius
721 1510 988 1544 locumtenentem
1018 1521 1074 1556 pro
1098 1518 1184 1544 tem-

432 1570 508 1606 pore
527 1560 715 1594 existentem
731 1559 893 1606 aliquibus
912 1559 1184 1594 abbreviatoribus

432 1608 628 1651 distributae,
657 1610 704 1644 vel
726 1610 756 1644 in
781 1609 883 1645 rotulo
905 1609 1036 1644 aliarum
1061 1609 1184 1656 suppli-

432 1659 590 1695 cationum
624 1661 760 1695 insertae
798 1668 903 1695 essent
930 1659 1043 1707 quovis
1077 1660 1183 1701 modo;

433 1717 607 1756 praeterea,
637 1709 809 1757 recipiendi
837 1710 1050 1745 ecclesiastica
1073 1722 1184 1744 sacra—

432 1768 537 1794 menta
559 1767 589 1794 et
608 1759 876 1806 indulgentiarum
897 1772 1182 1807 quarumcumque,

432 1808 596 1855 Ecclesiis,
609 1810 978 1857 monasteriis,cappellis
988 1817 1016 1844 et
1026 1810 1093 1844 aliis
1106 1810 1183 1845 locis

432 1859 495 1906 piis
522 1859 760 1907 quomodolibet
786 1871 1006 1894 concessarum
1037 1860 1082 1894 vel
1105 1872 1183 1895 eon-

431 1908 656 1950 cedendarum,
679 1917 773 1957 prout
795 1910 932 1956 reliquae
956 1910 1104 1956 superius
1127 1910 1184 1944 de-

431 1959 567 2007 scriptae
588 1959 724 2006 gratiae,
745 1958 783 1994 ad
806 1959 906 1994 dictos
932 1960 1117 1994 secretarios
1139 1960 1183 1994 si-

432 2009 547 2044 militer
569 2008 764 2044 declaramus
791 2016 822 2043 et
853 2009 1053 2044 decernimus
1087 2009 1184 2056 perti-

432 2076 530 2105 nere;
555 2063 688 2112 illasque
710 2063 749 2099 de
771 2071 894 2105 cetero,
915 2076 970 2111 per
992 2076 1046 2098 eos
1068 2073 1098 2099 et
1121 2077 1182 2099 uon

432 2131 488 2166 per
509 2119 598 2160 alios,
613 2118 801 2154 mandamus
820 2126 850 2153 et
868 2118 1013 2153 volumus
1029 2118 1180 2165 expediri.

432 2174 520 2213 Fiat,
541 2181 568 2208 et
589 2175 635 2208 ita
657 2175 860 2208 declaramus.
889 2172 930 2207 Ο.
957 2187 987 2217 »,
1015 2172 1184 2219 diligenter

431 2228 622 2269 examinare,
649 2228 924 2275 examinatamque
947 2239 1002 2274 per
1024 2238 1135 2261 omnes
1154 2235 1183 2261 ct

432 2281 585 2328 singulos,
608 2282 645 2317 ad
663 2295 742 2330 quos
764 2281 1006 2330 quomodolibet
1035 2282 1182 2328 pertinet,

433 2336 463 2370 in
499 2336 683 2371 eorumdem
717 2337 958 2372 secretariorum
995 2336 1129 2370 favorem
1154 2345 1183 2370 et

431 2391 635 2426 commodum
654 2391 875 2426 inviolabiliter
898 2391 990 2426 faciat
1009 2390 1182 2429 observari,

433 2444 550 2481 faciens
575 2457 687 2480 omnes
713 2453 743 2480 et
765 2445 905 2493 singulas
933 2445 1069 2479 minutas
1094 2457 1182 2491 prac-

431 2500 532 2535 dictas
559 2499 777 2535 tabellionatus
804 2501 911 2541 oflicii,
938 2500 1082 2535 altarium
1108 2511 1183 2546 por-

431 2554 578 2596 tatilium,
594 2553 774 2589 celebrandi
799 2555 827 2589 in
857 2555 934 2589 locis
956 2554 1136 2588 interdictis
1153 2561 1180 2586 et

431 2617 503 2645 ante
524 2609 621 2650 diem,
640 2607 879 2644 confessionalis
895 2607 1053 2656 perpetui,
1077 2607 1182 2641 indul-

1020 208 1077 229 lis!
1081 207 1098 229 Ι,
1101 207 1204 229 Antra!
1234 207 1394 230 ROMANFM

1229 263 1403 303 agentiarum
1421 263 1449 297 iu
1467 262 1574 297 mortis
1597 262 1732 298 articulo
1749 270 1777 297 et
1795 263 1824 297 in
1840 262 1912 307 vita,
1927 274 1981 298 ec-

1229 313 1478 347 clesiasticorum
1502 320 1768 348 sacramentorum
1787 321 1816 347 et
1829 325 1980 360 quarum-

1229 374 1364 409 cumque
1395 363 1659 409 indulgentiarum
1682 363 1846 411 quibusvis
1868 363 1981 398 Eccle-

1229 413 1296 451 siis,
1320 414 1527 457 monasteriis,
1542 413 1690 460 cappellis
1702 422 1730 447 et
1747 414 1816 448 aliis
1831 413 1891 461 piis
1905 413 1982 448 locis

1229 463 1465 508 quomodolibet
1480 475 1700 498 concessarum
1725 472 1754 498 et
1771 464 1800 497 iu
1819 472 1979 510 posterum

1229 512 1516 557 concetlendarum,
1539 526 1609 547 cum
1634 514 1705 548 inde
1720 513 1981 560 prorenientibus

1229 562 1307 596 taxis
1322 570 1352 596 et
1372 563 1606 603 emolumentis,
1626 563 1661 597 ad
1684 564 1777 609 praef.
1797 564 1980 598 secretarios

1230 612 1349 657 integre
1366 612 1544 658 pervenire,
1562 620 1592 646 et
1611 613 1640 646 in
1658 614 1764 647 eadem
1785 613 1979 648 Cancellaria

1230 673 1283 707 per
1299 662 1384 707 ipsos
1398 663 1582 696 secretarios
1597 670 1625 695 et
1650 674 1711 697 non
1729 674 1783 709 per
1798 674 1981 709 quemcum-

1228 723 1289 757 que
1300 711 1476 750 alium,sub
1489 712 1600 758 quovis
1613 712 1714 746 forsan
1726 720 1901 759 praetextu,
1911 724 1979 747 exa·

1230 761 1340 795 minari
1364 770 1392 795 et
1415 761 1544 807 signari,
1572 774 1607 796 ac
1636 762 1826 808 praesentari
1864 762 1921 808 ipsi
1949 770 1979 797 et

1228 810 1369 845 eiusdem
1386 810 1548 846 Romanae
1570 811 1731 846 Ecclesiae
1751 811 1978 846 vicecancella-

1230 861 1273 895 rio
1302 873 1357 907 pro
1385 868 1538 908 tempore,
1561 862 1625 895 sive
1647 862 1717 895 cius
1739 861 1978 902 locumtenenti,

1228 910 1264 943 ad
1289 910 1521 957 expediendum
1550 919 1579 945 et
1596 911 1784 945 mittendum
1808 911 1844 945 ad
1869 910 1978 945 Butta-

1229 960 1303 994 riam
1320 961 1550 1007 Apostolicam,
1565 961 1676 1008 quavis
1704 962 1805 996 forsan
1834 972 1977 995 cousue-

1228 1009 1337 1044 tudine
1359 1010 1512 1044 contraria
1535 1012 1637 1057 (quam
1654 1011 1772 1045 eisdem
1789 1011 1976 1050 secretariis,

1226 1072 1289 1106 quo
1311 1060 1416 1094 minus
1432 1060 1516 1095 totali
1536 1068 1566 1094 et
1579 1060 1700 1107 integro
1713 1061 1824 1095 effectu
1842 1072 1878 1095 ac
1892 1061 1978 1108 paci-

1228 1110 1284 1144 lica
1313 1111 1514 1156 possessione
1536 1110 1677 1144 omnium
1707 1118 1927 1146 contentorum
1945 1110 1975 1144 in

1227 1159 1383 1206 praedicta
1411 1160 1483 1194 dicti
1508 1161 1605 1195 nostri
1628 1160 1880 1207 praedecessoris
1899 1172 1977 1195 con-

1226 1209 1388 1244 stitutione
1408 1210 1546 1256 gaudere
1566 1217 1596 1244 et
1612 1210 1652 1244 uti
1667 1211 1787 1257 possint
1802 1218 1831 1245 et
1844 1210 1976 1254 valeant,

1227 1259 1453 1306 praeiudicium
1482 1259 1610 1307 aliquod
1644 1261 1755 1296 ass'erre
1791 1272 1884 1308 posse
1918 1271 1974 1294 seu

1226 1309 1340 1344 debere
1363 1321 1425 1343 non
1455 1309 1660 1354 intendimus)
1687 1322 1887 1358 nequaquam
1911 1310 1975 1345 ob-

1224 1367 1337 1393 slante.

1273 1409 1293 1455 ἓ,
1322 1410 1377 1443 16.
1405 1408 1535 1444 Necnon
1563 1409 1657 1444 etiam
1692 1410 1770 1445 ultra
1805 1409 1974 1457 praedicta,

1225 1461 1366 1505 quintam
1390 1467 1490 1493 taxam
1516 1472 1571 1507 pro
1590 1459 1791 1507 expeditione
1814 1459 1972 1494 literarum

1225 1508 1483 1555 apostolicarum,
1505 1522 1585 1557 quae
1614 1522 1670 1557 per
1691 1509 1834 1545 eamdem
1858 1508 1975 1544 Came-

1227 1571 1289 1593 ram
1319 1567 1473 1593 secretam
1507 1572 1563 1606 pro
1583 1570 1723 1608 tempore
1750 1558 1975 1607 expediuntur,

1226 1609 1386 1643 retroactis
1408 1609 1605 1656 temporibus
1629 1622 1685 1658 per
1706 1610 1904 1657 supradictos
1918 1621 1976 1645 se-

1225 1659 1386 1699 cretarios,
1408 1671 1463 1694 seu
1488 1661 1627 1705 ipsorum
1647 1660 1693 1695 vel
1716 1660 1849 1695 alicuius
1863 1671 1975 1694 eorum

1226 1709 1364 1749 nomine,
1389 1709 1417 1743 iu
1434 1709 1571 1744 Bullaria
1595 1710 1778 1745 earumdem
1802 1710 1976 1754 literarum,

1225 1759 1288 1793 sive
1322 1760 1414 1793 etiam
1438 1759 1510 1793 alibi
1543 1760 1624 1806 exigi
1651 1760 1793 1804 solitam,
1820 1768 1850 1794 et
1882 1772 1975 1807 quam

1226 1821 1464 1856 nonnumquam
1481 1809 1740 1856 praedecessores
1753 1810 1850 1845 nostri
1862 1817 1891 1844 et
1906 1821 1976 1853 nos,

1226 1859 1254 1893 in
1268 1866 1367 1893 totum
1384 1858 1430 1892 rel
1445 1871 1501 1905 pro
1518 1867 1615 1906 parte,
1630 1859 1705 1894 etin
1725 1859 1867 1894 eiusdem
1884 1858 1977 1894 Sedis

1225 1908 1517 1956 opportunitatibus
1542 1918 1724 1944 convertere
1749 1909 1831 1943 soliti
1849 1909 1977 1944 fuerunt

1224 1967 1255 1992 et
1282 1958 1410 1998 fuimus,
1439 1966 1540 1993 taxam
1568 1959 1725 1993 secretarii
1749 1967 1976 2006 nuncupatam,

1226 2016 1286 2042 tam
1303 2008 1341 2043 de
1353 2007 1508 2043 hactenus
1523 2009 1677 2056 expeditis
1689 2011 1781 2056 (quae
1792 2008 1895 2044 adbuc
1912 2020 1974 2043 non

1224 2070 1298 2097 sunt
1325 2062 1466 2110 partibus
1495 2063 1665 2107 restitutae)
1692 2075 1786 2109 quam
1810 2063 1848 2097 de
1871 2062 1900 2096 in
1918 2074 1977 2110 po-

1225 2124 1342 2152 sterum
1355 2116 1571 2164 expediendis,
1581 2129 1619 2152 eo
1636 2117 1730 2152 modo
1744 2129 1808 2164 quo
1823 2113 1976 2152 ltacterius

1226 2183 1279 2217 per
1310 2183 1545 2219 quemcumque
1572 2171 1711 2219 expediri
1735 2179 1765 2205 ct
1786 2171 1868 2217 exigi
1896 2183 1976 2206 con-

1224 2234 1396 2261 sueverunt
1431 2239 1486 2261 seu
1529 2226 1732 2267 debuerunt,
1765 2225 1881 2272 pariter
1919 2237 1976 2272 per

1225 2280 1351 2315 eosdem
1380 2281 1566 2316 secretarios
1594 2287 1762 2327 perpetuos
1784 2279 1973 2326 exigendam

1225 2335 1432 2381 assignamus.
1455 2334 1603 2369 Volentcs
1625 2343 1655 2369 et
1677 2334 1861 2369 auctoritate
1884 2346 1975 2382 prac-

1225 2388 1282 2423 fata
1306 2397 1479 2424 statuentes
1504 2388 1623 2423 nemini
1644 2389 1773 2422 omnino
1796 2388 1902 2433 licere,
1920 2400 1975 2437 per

1224 2455 1257 2477 se
1279 2443 1325 2478 vel
1348 2443 1441 2478 alium
1465 2455 1520 2478 seu
1544 2443 1633 2487 alios,
1656 2455 1823 2490 procurare
1851 2443 1896 2478 vel
1922 2455 1974 2477 or-

1224 2498 1333 2533 dinare
1372 2507 1426 2533 aut
1463 2499 1618 2533 soticitare
1655 2498 1738 2545 quod
1777 2499 1901 2545 aliquae
1936 2511 1973 2533 ex

1225 2553 1408 2588 huiusmodi
1428 2553 1528 2587 literis
1544 2553 1653 2587 taxatis
1675 2561 1704 2587 et
1729 2564 1785 2599 per
1807 2552 1972 2587 Cameram

1224 2608 1365 2642 eamdem
1388 2607 1555 2655 expeditis,
1575 2607 1715 2655 partibus
1741 2607 1903 2642 tradantur
1925 2606 1973 2641 vel

1994 206 2044 232 An.
2062 206 2091 232 C.
2110 206 2176 233 1118?

2002 1416 2026 1438 Ei
2042 1417 2067 1437 de
2087 1415 2176 1442 etpedi-

1990 1448 2082 1468 tionibus
2101 1447 2177 1467 litera-

1989 1486 2033 1500 rum
2043 1478 2176 1504 apostolica-

1989 1516 2042 1530 111111,
