2281 3251
124 275 172 302 Art.
190 276 217 301 Γι.
239 275 304 301 19156

123 1030 227 1050 ordinatii
239 1033 257 1050 et
267 1030 303 1050 vio-

117 1061 166 1081 mint
192 1064 302 1087 tempora-

117 1092 247 1113 lutosarum
259 1092 303 1111 ani.

117 1123 257 1144 math-estant,

138 2070 288 2092 lnobedienten

153 2106 274 2123 coerceant.

935 275 1104 298 t.A.‘tttsTts
1128 277 1164 298 ttt
1190 276 1235 297 Pr.

319 330 477 380 aliquibus
500 330 537 366 ab
564 329 745 377 Apostolica
761 329 856 370 Sede,
880 329 939 364 sub
960 330 1068 377 quavis

321 383 417 416 forma
441 380 486 415 vel
511 388 619 415 tenore
633 380 806 434 concessis,
828 379 911 427 quod
937 392 1067 414 excom·
1088 409 1089 416 ,

320 443 471 466 ΠἹΙΙΠΙΕιΉΊ
497 443 555 463 ΠΟΙΙ
580 429 712 476 possint·
727 442 808 476 quae
832 441 883 473 tte,
897 429 1068 476 (llllnlllllllS
1088 458 1089 467 ι

320 479 531 520 includantur,
549 492 603 526 pet
617 492 650 513 ea
667 492 700 513 se
715 479 792 513 tueri
818 479 950 526 possint,
964 479 1066 525 quoad

319 530 516 576 liocproisns
531 528 670 564 tollimus
683 537 713 563 ct
729 540 912 564 revocamus
925 541 1067 567 omnmo

318 586 492 615 statuentes
513 586 543 614 et
558 578 762 614 decernentes
781 578 864 625 quod
894 578 1000 613 nullus
1015 578 1066 625 qui

319 628 494 676 praedictas
528 629 699 663 sententias
731 628 910 668 incurrerit,
941 628 980 662 ab
1008 628 1068 662 illis

319 691 374 726 per
408 678 503 713 alium
541 690 634 725 quim
675 678 854 713 Romanum
879 677 1066 712 Pontificem

320 728 427 775 possit,
451 727 510 762 nisi
529 728 558 761 in
584 728 693 762 mortis
708 727 839 762 articulo
862 728 1068 772 constitutus,

317 777 447 819 absolvi,
464 790 521 812 nec
533 777 625 811 etiam
640 787 728 822 tunc,
740 778 796 812 nisi
810 777 1068 821 satisfactionem,

317 836 368 862 aut
391 828 429 862 de
451 840 484 862 ea
510 827 707 874 praestanda,
729 840 764 861 ac
789 827 827 861 de
843 827 954 861 stando
977 839 1068 862 man-

317 878 398 912 datis
434 877 593 912 Ecclesiae
616 877 780 911 suflicienti
805 877 948 911 cautione
977 889 1069 924 prae-

317 935 441 962 stiterit.

368 977 388 1023 S
415 981 448 1012 4».
478 977 655 1016 Praeterea,
678 975 827 1010 omnibus
847 975 1016 1011 ordinariis
1038 985 1069 1011 et

317 1027 526 1064 dioecesanis.
544 1038 664 1061 necnon
684 1026 821 1061 dominis
840 1025 1068 1073 temporalibus

318 1076 480 1119 locorum,
514 1076 550 1111 ad
591 1089 671 1123 quae
708 1075 884 1123 praedictos
921 1087 1119 1110 excessus-'i

317 1127 550 1161 committentes
595 1125 843 1168 declinaverint,
884 1125 913 1159 in
957 1125 1068 1160 virtute

316 1184 442 1211 sanctae
478 1175 699 1214 obedientiae,
739 1185 768 1210 et
808 1174 832 1209 si
869 1183 1005 1209 nostram
1038 1183 1067 1209 et

316 1226 419 1261 dictae
440 1225 535 1261 Sedis
558 1224 803 1270 indignationem
828 1224 942 1258 evitare
960 1224 1069 1259 volue-
1088 1243 1089 1254 ι

317 1276 389 1316 tint,
405 1275 545 1310 districte
570 1274 795 1321 pr·aetipiend0
819 1273 1041 1329 mandamus,
1036 1287 1065 1308 tn

316 1338 446 1360 suorum
478 1324 694 1360 remissionem
730 1332 928 1372 peccatorum
960 1324 1067 1359 iniun-

316 1382 428 1421 gentes
454 1374 597 1413 eisdem,
632 1382 801 1421 quatenus,
828 1373 1065 1420 quamprimum

318 1425 393 1471 ipsis
416 1423 589 1460 constiterit
622 1424 661 1457 de
694 1424 785 1458 dietis
808 1423 990 1458 excessibus
1014 1437 1069 1469 per

317 1474 399 1515 illos,
421 1474 474 1522 qui
497 1475 542 1509 sic
564 1473 601 1508 ad
619 1486 728 1508 eorum
746 1474 812 1508 loca
829 1472 1067 1514 declinaverint,

316 1524 506 1569 commissis,
533 1523 682 1558 ordinarii
707 1523 849 1558 videlicet
872 1531 903 1557 et
937 1523 1067 1558 dioece-

316 1574 395 1615 sani,
420 1574 506 1622 ipsos
528 1573 621 1609 dictis
648 1572 813 1608 sententiis
837 1573 972 1608 irretitos
1001 1573 1068 1608 fore

317 1623 442 1671 publice
464 1623 643 1659 denuntiari
661 1622 785 1666 faciant,
800 1635 834 1657 ac
857 1622 896 1657 ab
918 1622 1068 1658 omnibus

316 1674 433 1708 arctius
459 1673 594 1715 evitari,
623 1672 812 1721 temporales
846 1684 917 1707 vero
948 1672 1066 1707 domini

315 1723 499 1758 eorttmdem
524 1723 664 1758 locorum
689 1735 743 1758 eos
761 1722 821 1757 snb
840 1730 925 1757 arcto
948 1731 1067 1757 atresto

317 1781 452 1814 teneant,
475 1773 609 1808 donee
605 1786 687 1820 ipsos
720 1781 827 1827 captos
859 1772 1067 1811 christianos

316 1823 437 1858 etiamsi
453 1836 506 1858 eos
520 1823 613 1858 aliis
609 1836 636 1857 ιιι
654 1823 834 1857 srriitutem
856 1822 1068 1863 vendiderint

316 1873 449 1908 libertati
467 1873 644 1912 restituant,
666 1881 694 1906 ιι
710 1885 755 1907 ιι5
769 1872 807 1906 de
827 1871 952 1907 damnis
974 1880 1003 1906 et
1020 1873 1068 1907 in-

316 1923 403 1958 iuriis
432 1923 507 1970 ipsis
531 1923 623 1957 illatis
650 1921 860 1957 satisfecerint
886 1934 1068 1969 congruen-

316 1981 372 2007 ter.

365 2024 393 2078 S.
407 2026 439 2057 5.
469 2022 613 2070 Insuper,
628 2009 719 2056 iidem
741 2021 918 2056 dioecesani
939 2031 968 2057 et
983 2021 1069 2057 ordi-

318 2073 394 2107 ιι3ιιί
417 2084 638 2120 quoscumque
661 2072 691 2106 in
711 2083 820 2106 eorum
845 2071 1023 2108 civitatibus
1039 2080 1069 2107 et

316 2125 515 2161 dioecesibus
542 2138 598 2174 pro
621 2134 763 2173 tempore
786 2125 989 2171 constitutos,
1012 2126 1066 2174 qui

318 2181 511 2226 praemissos
536 2192 685 2215 excessus
704 2180 881 2227 praeteritis
909 2181 1068 2228 tempori-

317 2234 375 2269 bus
403 2235 639 2278 commiserint,
668 2234 904 2282 quamprimum
929 2236 1006 2282 ipsis
1029 2235 1068 2271 de

317 2289 377 2325 hoc
404 2290 600 2334 constiterit,
633 2302 687 2324 eos
726 2288 786 2323 sub
820 2289 912 2323 simili
941 2303 1070 2325 excom-

318 2345 539 2382 municationis
579 2353 609 2380 et
637 2343 844 2379 anathematis
872 2357 970 2391 poena
1001 2358 1070 2380 0ιο-

318 2408 424 2444 neant,
439 2408 469 2435 et
485 2400 643 2447 requirant
666 2408 824 2447 qnatenus
842 2399 917 2433 iufra
941 2412 1071 2448 compe-

318 2461 451 2498 tentem,
473 2467 567 2502 quem
597 2454 675 2500 ipsis
701 2453 738 2488 ad
764 2453 824 2488 hoe
848 2453 1070 2500 praefixerint,

319 2508 501 2552 terminum,
523 2520 764 2556 quoscumque,
787 2520 869 2554 quos
905 2519 942 2542 ex
979 2507 1072 2543 dictis

319 2562 497 2598 christianis
524 2563 733 2610 captivarunt,
758 2562 797 2597 ab
816 2562 956 2609 ipsorum
973 2562 1072 2610 capti-

319 2617 412 2652 vitate
437 2617 587 2658 relaxent;
613 2625 642 2652 et
664 2629 731 2661 eos,
754 2616 875 2651 etiamsi
897 2617 981 2664 ipsos
1003 2616 1072 2652 aliis

320 2670 529 2717 vendiderint,
556 2670 705 2717 libertati,
733 2670 875 2719 ipsisque
892 2670 992 2705 ablata
1022 2683 1071 2705 re-

1742 265 1756 297 't
1767 266 1805 298 31

1110 331 1251 374 stituaut,
1279 338 1307 364 et
1335 329 1374 364 de,
1407 330 1452 363 eis
1481 329 1626 376 irrogatis
1651 329 1806 364 violentiis
1828 339 1854 362 rt

1111 380 1233 414 iniuriis
1264 379 1453 414 satisfaciant
1480 387 1723 426 competenter,
1756 379 1799 413 tel
1834 394 1857 413 5ι

1111 429 1250 464 fortassis
1278 429 1336 476 ipsi
1360 429 1472 476 captivi
1497 429 1554 462 iani
1587 429 1740 471 obierint,
1770 430 1858 463 resti-

1111 479 1263 514 tutionem
1280 487 1309 513 οι
1325 478 1566 514 satisfactionem
1584 478 1763 512 huiusmodi
1781 479 1859 525 ipso-

1111 541 1178 563 rum
1204 528 1394 563 haeredibus
1412 536 1582 574 praestent,
1597 527 1750 574 alioquin,
1774 528 1859 575 lapso

1111 579 1245 613 termino
1273 578 1465 618 huiusmodi,
1495 578 1581 624 ipsos
1610 578 1638 611 in
1668 577 1769 612 dietas
1790 590 1860 612 cen<

1110 641 1211 667 suras,
1234 640 1310 674 quas
1339 628 1369 662 in
1397 640 1451 662 eos
1480 640 1516 662 ex
1544 636 1620 661 tunc
1653 627 1859 674 proferimus,

1112 677 1260 712 incidisse
1284 677 1453 716 declarent,
1477 684 1504 711 et
1527 689 1581 712 eos
1602 683 1634 710 nt
1658 676 1734 711 tales
1748 676 1857 711 faciant

1110 727 1228 762 arctius
1257 727 1383 766 evitari·,
1411 727 1529 761 domini
1566 738 1638 761 vero
1673 726 1859 773 temporales

1110 790 1164 811 eos
1190 776 1228 811 ad
1254 776 1474 811 relaxationem
1496 785 1524 810 et
1541 776 1784 811 satisfactionem
1805 776 1861 810 hu-

1112 826 1262 866 iusmodi,
1287 839 1342 873 per
1357 827 1497 874 ipsorum
1514 835 1542 860 et
1557 826 1712 860 bonorum
1729 838 1858 860 suorum

1110 876 1366 919 arrestationem,
1389 884 1419 910 et
1452 876 1476 910 si
1500 888 1580 923 opus
1607 876 1711 915 fuerit,
1741 888 1796 923 per
1817 876 1860 909 in-

1111 926 1355 961 carcerationem
1384 925 1581 967 eorumdem,
1615 925 1724 960 eadem
1747 934 1858 960 aucto—

1111 976 1199 1011 ritate
1222 984 1338 1021 nostra,
1360 975 1560 1022 compellant

1159 1026 1179 1073 S
1207 1028 1238 1060 6.
1270 1025 1452 1067 Caeterum,
1494 1033 1526 1058 nt
1565 1024 1637 1060 dieti
1676 1024 1858 1059 christiani.

1110 1076 1163 1123 qni
1191 1076 1230 1110 ab
1250 1075 1422 1110 infidelium
1447 1074 1565 1109 ditione
1588 1083 1617 1109 et
1646 1083 1798 1122 potestate
1816 1088 1860 1109 re-

1110 1125 1221 1160 cedere
1250 1125 1420 1167 volueriut,
1450 1124 1480 1158 in
1517 1124 1576 1159 hoc
1608 1124 1858 1159 christifidelium

1110 1175 1295 1209 eorumdem
1311 1174 1547 1221 opitulationem
1566 1174 1736 1214 inveniant,
1751 1174 1860 1209 fideles

1110 1225 1267 1271 quoslibet
1290 1224 1326 1258 ad
1351 1223 1450 1258 dictas
1478 1223 1651 1258 infidelium
1682 1232 1784 1271 partes
1805 1237 1860 1258 na-

1111 1275 1200 1321 vigiis
1228 1273 1424 1309 declinantes
1447 1274 1475 1307 in
1503 1273 1640 1308 Domino
1668 1273 1861 1320 requirimus

1110 1333 1139 1359 et
1157 1336 1304 1370 rogamus
1326 1331 1455 1366 attente,
1470 1332 1627 1371 quatenus
1642 1323 1727 1370 ipsos
1750 1323 1779 1357 in
1796 1324 1862 1358 suis

1110 1374 1241 1420 navigiis
1264 1381 1425 1420 receptent
1443 1380 1473 1408 et
1496 1372 1632 1420 benigne
1658 1380 1859 1420 pertractent,

1110 1433 1152 1468 et,
1168 1425 1193 1458 si
1216 1436 1325 1458 eorum
1349 1431 1472 1471 egestas
1500 1423 1531 1457 id
1548 1423 1739 1470 requisierit,
1766 1422 1859 1459 etiam

1109 1474 1228 1520 absque
1243 1474 1478 1519 cuiuscumque
1494 1473 1652 1509 solutione
1672 1472 1774 1513 noliti,
1789 1485 1861 1507 cum

1109 1524 1174 1558 suis
1201 1523 1291 1557 bonis
1323 1532 1351 1557 et
1387 1523 1481 1557 rebus
1518 1523 1707 1558 conducant.
1732 1523 1808 1567 Nos,
1831 1530 1861 1556 nt

1109 1573 1329 1608 christifideles
1350 1573 1408 1620 ipsi
1433 1572 1534 1608 dictos
1557 1572 1665 1607 fideles
1684 1572 1863 1619 interipsos

1111 1623 1255 1658 infideles
1278 1630 1531 1666 commorantes,
1553 1622 1591 1657 ab
1613 1634 1722 1657 eorum
1746 1622 1862 1657 ditione

1110 1673 1301 1708 divertentes
1329 1673 1374 1708 vel
1403 1672 1550 1708 recedere
1573 1672 1725 1713 volentes,
1742 1685 1796 1710 eos
1819 1672 1863 1707 ti-

1111 1722 1235 1758 bentius
1259 1723 1288 1757 in
1305 1722 1372 1757 suis
1395 1722 1527 1769 navigiis
1550 1730 1723 1770 receptent.
1738 1735 1774 1757 30
1789 1734 1861 1757 00οι

1111 1772 1205 1807 rebus
1230 1780 1261 1808 et
1285 1772 1376 1808 bonis
1398 1784 1434 1807 ac
1457 1772 1571 1807 familia
1595 1784 1671 1810 sua.
1702 1772 1800 1818 gratis
1833 1780 1861 1805 et

1109 1822 1231 1870 absque
1265 1822 1324 1857 alia
1355 1822 1527 1866 solutione,
1555 1822 1591 1856 ad
1615 1822 1860 1857 christianorum

1110 1871 1176 1907 loca
1194 1872 1385 1916 conducant,
1395 1872 1543 1907 omnibus
1559 1872 1753 1919 illis‚quisie
1765 1884 1819 1907 eos
1832 1873 1860 1906 io

1110 1922 1175 1957 suis
1187 1922 1320 1957 navibus
1338 1922 1564 1969 receptaverint
1592 1930 1622 1957 et
1642 1921 1863 1965 conduxerint,

1111 1972 1251 2020 ipsisque
1266 1971 1426 2008 charitatis
1440 1981 1471 2006 et
1485 1972 1686 2008 humanitatis
1711 1971 1862 2007 beneficia

1111 2022 1346 2069 impenderint,
1374 2021 1547 2056 dummodo
1571 2022 1599 2056 iu
1638 2021 1754 2056 unitate
1791 2021 1862 2056 fidei

1110 2072 1296 2117 catholicae,
1318 2085 1354 2106 ae
1377 2071 1558 2106 obedientia
1581 2080 1611 2106 et
1634 2071 1808 2106 reverentia
1828 2071 1862 2106 S.

1109 2125 1149 2160 R.
1178 2126 1214 2160 E.
1244 2135 1338 2174 atque
1362 2134 1465 2161 nostra
1490 2135 1520 2161 et
1554 2137 1775 2161 successorum
1804 2138 1864 2160 no-

1111 2189 1246 2216 strorum
1270 2180 1486 2216 Romanorum
1504 2179 1694 2215 Pontificum
1712 2180 1864 2215 canonice.

1113 2234 1295 2270 intrantium
1312 2234 1517 2282 perstiterint,
1535 2234 1750 2269 remissionem
1766 2235 1864 2269 tertiae

1112 2290 1209 2337 partis
1244 2290 1385 2324 omnium
1423 2296 1622 2336 peccatorum
1651 2301 1798 2330 suorum,
1826 2288 1864 2324 dc

1112 2344 1227 2392 quibus
1255 2343 1349 2378 corde
1364 2344 1488 2378 contriti
1512 2351 1542 2378 et
1571 2355 1625 2378 ore
1642 2343 1778 2379 confessi
1795 2344 1863 2378 fue-

1113 2399 1185 2438 rint,
1208 2398 1246 2433 de
1274 2398 1502 2445 omnipotentis
1525 2398 1581 2432 Dei
1605 2397 1819 2433 misericordia
1835 2406 1861 2432 et

1114 2452 1276 2488 beatorum
1293 2453 1507 2500 apostolorum
1529 2452 1713 2487 auctoritate
1741 2450 1863 2490 confisi,

1113 2507 1317 2542 concedimus
1360 2519 1413 2553 per
1449 2513 1642 2553 praesentes;
1678 2506 1725 2541 sic
1760 2512 1863 2540 tamen

1113 2561 1209 2608 quod,
1233 2562 1256 2595 si
1287 2572 1340 2608 pet·
1362 2572 1417 2596 eos
1437 2560 1529 2595 alicui
1566 2559 1667 2607 aliqua
1695 2558 1864 2594 satisfactio

1116 2614 1300 2663 praestanda
1310 2613 1505 2659 suerit,illam
1518 2622 1675 2662 praestare
1687 2620 1864 2649 teneantur.

1115 2682 1173 2704 nee
1194 2676 1322 2721 propter
1337 2669 1573 2705 concessionem
1593 2666 1772 2703 huiusmodi
1790 2679 1865 2717 pro-

1878 275 1927 301 Αιι,
1945 279 1973 300 (ι.
1992 276 2057 300 tuso

1889 1037 1911 1054 Ui
1915 1037 1996 1055 uomodo
2010 1042 2058 1057 nur.

1875 1069 1973 1087 ιι·ιιιειι64
2001 1069 2058 1088 chri>

1876 1099 1899 1118 sti
1904 1099 1949 1118 anis
1965 1099 1988 1118 ab
2011 1099 2059 1119 inii<

1875 1130 1898 1149 dc
1903 1130 1951 1149 1ιοιο
1962 1133 2058 1155 ςιιιινςιιιἡ

1875 1164 1895 1181 te
1904 1162 2007 1181 recedere
2019 1168 2057 1179 vn-

1877 1192 1968 1212 tentibus

1893 2241 1996 2262 tteunsno

1880 2274 1921 2293 tiae
1935 2272 1999 2298 partis
2010 2276 2062 2297 per-

1879 2307 1973 2325 eatorum
1984 2303 2009 2323 iis
2028 2303 2061 2328 qni

1880 2334 2027 2356 christian-tos
2036 2333 2059 2353 li-

1879 2366 2007 2387 iteraverint,
