2281 3251
231 284 281 312 An.
299 284 329 313 C.
343 282 412 312 1518

243 645 338 671 sinain·
354 649 373 665 et
385 646 413 664 vi-

231 678 351 697 nutorihut
372 679 410 696 dic.

230 704 350 724 benitatem
365 710 413 729 pau·

231 741 293 760 perr»
320 740 412 755 intumos

232 772 302 786 111111
306 766 359 786 tute·
375 771 411 792 per

231 797 305 818 [rheni
333 802 411 822 vag-«n-

230 833 262 849 tes
284 830 410 855 surripiendi

231 862 337 883 coneedm

252 1442 412 1470 uxompnenem

229 1480 241 1494 ι
255 1474 316 1495 dnn·
331 1478 352 1494 et
374 1479 413 1500 μ-

227 1505 290 1527 Mttt·
312 1504 412 1533 hospitali

229 1536 336 1564 olai-utun

243 1887 377 1916 Privneginq.
388 1894 412 1908 ι-

230 1920 305 1942 llorum
313 1918 411 1941 cinno·-

229 1952 323 1980 ptuttum
331 1952 411 1977 «εἰδυίῃ

475 273 546 307 642

428 337 632 381 instituimus,
657 336 764 383 illique
787 335 891 370 omnia
914 344 942 369 et
965 334 1087 380 singula
1105 345 1178 367 con-

427 397 543 424 structa
566 397 594 422 et
618 384 824 421 construenda
846 383 1066 419 incurabilium
1082 383 1177 417 infir—

429 450 550 472 morum
579 435 759 470 huiusmodi
795 434 958 481 hospitalia
993 432 1176 467 immediate

429 488 613 523 subiicimus
636 495 664 520 et
683 485 815 519 facimus
842 484 881 518 ab
903 495 940 517 eo
963 482 1176 530 dependentia

430 536 580 575 membra,
602 536 670 570 sine
693 543 795 569 tamen
820 545 928 568 eorum
953 533 1156 579 praeiudicio.

476 587 496 634 g
523 589 554 620 8.
578 586 623 620 Ac
646 585 786 634 syndicis
813 591 843 618 et
862 582 1075 618 visitatoribus
1091 593 1178 630 prae-

428 636 509 679 fatis,
532 636 584 682 qui
614 647 670 682 pro
697 643 838 681 tempore
862 633 988 676 fuerint,
1005 645 1178 681 quoscum—

427 699 487 731 que
505 697 659 733 pauperes
675 684 816 719 infirmos
831 684 994 730 utriusque
1008 695 1102 718 sexus
1123 695 1179 730 per

428 736 544 770 Urbem
567 743 725 781 vagantes,
748 734 772 767 si
796 732 940 772 cui-abili,
963 731 1001 766 ad
1025 732 1084 767 sub
1100 733 1178 767 ima-

427 786 497 831 gine
511 783 735 820 Salvatorisvel
751 782 858 818 Sancti
871 782 1011 830 Spiritus
1027 783 1056 817 in
1070 782 1177 823 Saxia,

426 837 521 870 aliave
550 835 579 868 in
608 834 723 881 quibus
751 832 828 867 tales
862 833 960 880 recipi
996 832 1125 873 solent;
1152 833 1177 867 si

427 897 499 920 vero
524 884 687 919 incurabili
712 882 822 917 morbo
846 882 1001 927 laborent,
1024 882 1061 917 ad
1077 881 1112 917 S.
1128 881 1179 917 Ia-

1003 278 1189 303 namnum

426 934 495 969 cubi
512 933 674 980 hospitalia
689 932 884 977 huiusmodi,
897 932 990 967 etiam
1007 933 1179 967 renitentes

426 995 518 1032 atque
547 984 677 1028 invitos,
703 982 856 1021 conduci,
885 994 1004 1030 eosque
1028 983 1057 1017 in
1086 982 1179 1018 dictis

426 1033 639 1081 hospitalibus
654 1033 762 1080 recipi3
784 1040 814 1067 et
837 1033 866 1066 iu
882 1031 965 1067 dicto
977 1031 1179 1080 archihospi-

427 1084 476 1118 tali
501 1084 645 1131 receptis,
668 1084 752 1118 iuxta
772 1082 856 1117 illius
871 1081 1050 1126 facultates,
1068 1095 1178 1118 neces-

426 1134 504 1169 saria
528 1133 696 1168 ministrari
720 1132 866 1171 faciendi,
889 1139 919 1167 et
942 1132 1000 1167 alia
1023 1133 1127 1167 omnia
1147 1140 1177 1167 et

426 1183 561 1231 singula,
588 1183 625 1218 ad
660 1182 689 1217 id
724 1181 959 1231 quomodolibet
985 1191 1177 1229 opportuna,

426 1233 554 1280 gerendi
579 1241 610 1268 et
632 1232 811 1275 exercendi,
834 1232 926 1267 etiam
947 1243 1004 1279 per
1018 1232 1113 1267 alium
1131 1232 1177 1267 vel

426 1284 514 1325 alios,
539 1283 663 1330 plenam
691 1291 721 1318 et
744 1281 876 1317 liberam
905 1282 1113 1317 concedimus
1132 1282 1177 1318 fa-

426 1333 586 1368 cultatem.

475 1383 495 1431 g
517 1386 549 1418 9.
577 1382 615 1418 Et
641 1382 759 1417 dictum
782 1381 1038 1430 archihospitale,
1062 1383 1091 1416 in
1108 1394 1178 1416 om-

427 1432 520 1467 nibus
547 1440 576 1466 et
598 1433 731 1479 singulis
753 1432 820 1467 suis
843 1431 934 1466 bonis
958 1431 1177 1479 praesentibus

426 1490 455 1517 et
483 1482 596 1517 suturis
626 1491 657 1517 et
692 1481 785 1517 rebus
808 1482 844 1516 ad
868 1482 936 1517 eius
961 1482 1177 1518 manutentio-

426 1544 496 1567 nem
513 1540 543 1567 et
565 1532 807 1577 incrementum,
829 1544 865 1567 ae
889 1544 1075 1578 pauperum,
1095 1533 1125 1566 in
1139 1545 1177 1568 eo

425 1594 482 1629 pro
516 1591 657 1630 tempore
692 1581 896 1628 degentium,
930 1583 1043 1617 rictum
1069 1590 1098 1617 et
1120 1595 1176 1617 su-

425 1632 647 1667 stentationem
663 1633 847 1668 necessariis
868 1641 899 1667 ct
921 1633 1121 1679 opportunis,
1137 1632 1177 1667 ab

426 1681 574 1717 omnibus
600 1681 693 1717 datiis
726 1690 757 1717 et
788 1681 930 1729 gabellis,
952 1694 1036 1717 nunc
1062 1691 1092 1717 et
1120 1694 1176 1730 pro

426 1739 567 1778 tempore
594 1731 770 1779 impositis,
798 1744 928 1779 prorsus
950 1732 1119 1768 eximimus
1146 1741 1177 1768 et

426 1780 609 1816 liberamus.

475 1830 494 1878 g
519 1833 574 1866 to.
605 1830 643 1865 Et
673 1830 774 1865 eidem
802 1831 1062 1879 archihospitali,
1090 1832 1175 1880 quod

427 1879 530 1927 ipsum
552 1889 581 1915 et
604 1880 643 1915 ab
659 1892 696 1915 eo
711 1880 920 1928 dependentia
945 1882 1177 1930 membra,qui-

427 1928 487 1965 bus
503 1929 531 1964 id
556 1942 611 1977 per
634 1931 717 1964 illius
739 1930 889 1966 custodes
915 1939 945 1966 et
967 1932 1177 1978 consiliarios,

428 1991 483 2026 pro
506 1987 648 2027 tempore
671 1980 854 2025 existentes,
871 1980 1050 2028 specialiter
1068 1994 1177 2017 conce-

426 2029 517 2064 detur
539 2029 712 2071 dumtaxat,
730 2030 852 2065 illorum
866 2031 1017 2066 ecclesiae
1032 2044 1086 2066 seu
1102 2044 1178 2079 cap-

426 2080 537 2126 pellae,
560 2079 686 2120 inlirmi,
701 2080 885 2125 confratres,
907 2081 1055 2126 ministri,
1078 2082 1177 2118 servi-

426 2142 528 2180 tores,
552 2135 737 2176 familiares,
766 2147 814 2170 res
841 2144 871 2170 ct
894 2135 973 2171 bona
1003 2149 1178 2184 quaecum-

427 2202 488 2237 que
516 2191 663 2226 omnibus
691 2199 721 2226 et
743 2189 876 2237 singulis
905 2191 1102 2238 privilegiis,
1118 2192 1177 2226 im-

427 2245 646 2287 munitatibus,
679 2245 948 2294 exemptionibus,
978 2247 1104 2292 gratiis,
1134 2247 1179 2282 sa-

427 2299 554 2334 voribus
587 2308 615 2335 et
652 2300 780 2335 indultis
801 2300 1020 2348 spiritualibus
1043 2309 1073 2335 et
1096 2309 1178 2336 tem-

429 2354 611 2401 poralibus.
639 2355 669 2389 in
697 2367 811 2402 genere
847 2363 876 2390 et
904 2355 934 2389 in
970 2355 1097 2402 specie,
1121 2355 1179 2390 sub

430 2410 566 2456 imagine
578 2409 748 2445 Salvatoris
770 2418 799 2445 et
822 2409 927 2446 Sancti
945 2409 1083 2457 Spiritus
1100 2423 1179 2458 prze-

430 2465 521 2500 dictis
548 2477 583 2500 ac
613 2465 719 2501 Sancti
754 2465 857 2500 lacobi
900 2465 930 2500 in
964 2465 1178 2512 Compostella

430 2520 658 2567 hospitalibus,
689 2532 862 2568 eorumque
887 2519 1177 2555 confraternitatum

432 2575 652 2615 confratribuS,
676 2574 826 2616 infirmis,
855 2576 1025 2620 ministris,
1048 2575 1180 2610 servito-

433 2629 532 2671 ribus,
555 2629 769 2674 familiaribus,
798 2629 892 2665 rebus
919 2639 949 2666 et
973 2629 1076 2674 bonis,
1100 2642 1178 2677 apo-

434 2683 542 2720 stolica
575 2692 630 2720 aut
663 2685 772 2733 quavis
803 2683 863 2720 alia
889 2685 1074 2721 auctoritate
1101 2697 1180 2720 cou-

1219 276 1381 300 noawsuu
1993 262 2043 305 λιι.
2062 277 2093 306 c.
2108 273 2175 306 {5³8

1221 331 1317 366 cessis
1344 340 1373 365 et
1398 343 1453 378 pro
1481 340 1625 378 tempore
1653 330 1887 376 concedendis,
1911 344 1973 368 uon

1220 381 1321 416 solum
1335 380 1373 415 ad
1393 381 1503 427 instar,
1514 381 1568 417 sed
1585 393 1697 428 acque,
1713 381 1929 430 principaliter
1943 390 1975 417 et

1220 431 1339 477 absque
1368 430 1428 466 ulla
1453 432 1579 479 penitus
1612 431 1815 470 differentia,
1844 430 1975 480 perinde

1220 493 1255 516 ac
1276 481 1300 515 si
1329 480 1375 515 eis
1395 492 1412 516 a
1440 482 1598 529 principio
1626 482 1787 528 sigillatim
1825 493 1975 518 concessa

1221 531 1365 571 fuissent,
1389 538 1528 576 utantur,
1552 531 1714 580 potiantur
1740 540 1769 567 et
1796 531 1974 579 gaudeant,

1222 580 1433 627 indulgemus.

1269 635 1284 676 ἓ
1313 633 1370 665 11.
1394 631 1435 666 Et
1462 631 1604 678 insuper,
1627 630 1711 678 quod
1735 630 1855 673 elerici,
1878 632 1972 668 etiam
1997 646 2175 670 nentium-n-

1221 681 1250 716 in
1273 681 1372 716 sacris
1405 680 1570 716 ordinibus
1598 681 1758 716 constituti
1776 708 1785 725 ,
1821 681 1950 717 abbates
1965 709 1973 722 ,
1988 679 2050 700 ““’““
2065 679 2117 700 ⁰¹⁸¹·
2131 680 2172 701 ‘¹¹⁹

1220 731 1374 778 episcopi,
1402 731 1598 778 patriarchae
1620 739 1650 765 et
1673 730 1804 765 aliarum
1825 732 1975 767 eeclesia·
1989 710 2081 763 iiiiii:
2096 710 2176 763 iibri-

1222 794 1290 816 rum
1316 780 1458 828 praelati,
1480 781 1572 816 etiam
1596 780 1631 815 S.
1656 779 1696 815 R.
1719 780 1757 815 E.
1781 780 1972 822 cardinales,
1989 772 2175 830 ssss‘ssssnffiffff

1222 831 1345 878 possint
1373 830 1412 866 de
1439 831 1530 866 bonis
1552 843 1607 878 per
1634 842 1700 870 eos.
1724 831 1816 866 etiam
1841 843 1897 878 per
1923 843 1976 867 ec-

1221 881 1346 925 clesias,
1374 881 1563 916 monasteria
1586 888 1616 929 et
1639 880 1794 916 beneficia
1821 881 1975 917 ecclesia-

1221 931 1296 966 stica
1323 931 1500 979 acquisitis,
1524 939 1584 966 tam
1606 931 1689 966 inter
1711 930 1797 966 vivos
1823 943 1918 979 quam
1936 943 1975 967 ex

1221 993 1314 1017 causa
1343 981 1454 1016 mortis
1475 988 1505 1016 et
1532 981 1563 1016 in
1586 993 1696 1016 eorum
1715 981 1838 1016 ultimis
1859 981 1976 1017 volun-

1221 1031 1362 1075 tatibus,
1390 1039 1686 1078 quantumcumque
1717 1030 1764 1066 eis
1797 1031 1976 1077 placuerit,

1221 1081 1306 1117 dicto
1336 1081 1575 1129 archihospitali
1599 1081 1718 1116 donare
1746 1090 1776 1117 et
1797 1081 1903 1128 legare
1925 1080 1976 1117 vel

1220 1131 1313 1166 etiam
1328 1131 1405 1166 illud
1423 1131 1452 1166 in
1468 1131 1619 1167 omnibus
1635 1143 1743 1166 eorum
1760 1130 1851 1166 bonis
1867 1130 1976 1167 buius·

1221 1181 1306 1216 modi
1334 1194 1389 1216 seu
1413 1194 1523 1217 eorum
1552 1189 1639 1230 parte
1662 1181 1870 1217 universalem
1900 1181 1975 1217 bae-

1220 1231 1329 1267 redem
1360 1231 1536 1267 instituere.

1268 1281 1288 1329 g
1318 1282 1372 1316 12.
1404 1280 1441 1316 Et
1477 1280 1561 1329 qnod
1597 1279 1732 1327 quilibet
1759 1279 1975 1316 christifidelis
2006 1292 2175 1322 inunge-um-

1220 1332 1386 1380 uti-iusque
1408 1343 1515 1371 sexus,
1531 1331 1562 1365 in
1586 1330 1670 1366 Urbe
1687 1343 1744 1378 pro
1766 1338 1909 1379 tempore
1924 1342 1975 1366 re·
1989 1326 2175 1386 ggffiffiffij

1219 1380 1346 1423 sidens,
1375 1381 1427 1429 qui
1457 1381 1486 1416 in
1514 1382 1584 1416 eius
1620 1388 1809 1416 testamento
1844 1381 1891 1417 vel
1915 1380 1975 1416 alia
1989 1388 2048 1417 »¹²⁸ss
2071 1388 2174 1414 donati:

1221 1431 1329 1466 ultima
1368 1431 1529 1466 voluntate
1551 1430 1591 1465 de
1625 1431 1716 1466 bonis
1738 1431 1804 1466 suis
1830 1430 1950 1478 aliquid
1965 1457 1975 1474 ,

1220 1493 1281 1515 non
1307 1490 1409 1516 tamen
1434 1481 1513 1516 infra
1540 1481 1680 1528 quinque
1702 1480 1887 1516 ducatorum
1907 1480 1974 1516 auri

1220 1530 1479 1573 valorem,eidem
1496 1530 1730 1578 archihospitali
1746 1530 1975 1566 donaveritseu

1220 1580 1383 1628 legaverit,
1407 1581 1578 1628 plenariam
1604 1581 1746 1616 omnium
1773 1589 1974 1627 peccatorum

1219 1643 1363 1670 suorum,
1386 1631 1426 1666 de
1453 1631 1571 1680 quibus
1593 1631 1688 1666 corde
1710 1632 1866 1666 contritus
1881 1639 1976 1679 atque

1219 1693 1272 1716 ore
1287 1681 1458 1723 ,confessus
1485 1681 1593 1721 fuerit,
1617 1680 1847 1729 indulgentiam
1871 1689 1902 1717 et
1923 1693 1976 1716 re-

1221 1731 1402 1767 missionem
1432 1739 1657 1780 consequatur.

1268 1781 1288 1829 g
1313 1784 1369 1816 15.
1397 1781 1643 1829 'l'eneanturque
1670 1780 1782 1816 notarii
1803 1789 1833 1816 et
1852 1780 1976 1817 scribae
2003 1789 2096 1812 Not-rit·
2115 1795 2177 1812 nnu-

1219 1830 1258 1866 de
1287 1831 1513 1867 donationibus
1535 1831 1581 1867 vel
1621 1831 1730 1878 legatis
1757 1830 1843 1867 dieto
1870 1831 1976 1867 archi·
1989 1820 2177 1879 ῗζᾞζζξῗῇξῖζ

1220 1880 1366 1928 hospitali
1391 1894 1446 1928 pro
1469 1890 1612 1929 tempore
1636 1880 1805 1925 faciendis,
1823 1893 1859 1916 ac
1880 1889 1976 1916 testa·
1990 1883 2178 1912 ⁰0¹2¹ib⁰·¹¹⁰⁸1²¹·

1219 1932 1347 1973 mentis,
1371 1931 1526 1966 codicillis
1548 1932 1594 1966 vel
1618 1931 1687 1966 aliis
1716 1931 1836 1966 ultimis
1859 1914 2175 1968 volun-iiiiii·ii⁰0¹i²⁸¹.¹²·⁶i⁹ii¹t⁸

1221 1981 1349 2024 tatibus,
1371 1981 1627 2029 archihospitalis
1648 1989 1678 2016 et
1699 1980 1784 2016 illius
1798 1993 1974 2029 pauperum
1989 1976 2176 2030 {22¹j,„1⁰,','{,¹‘„¹,⁸;

1220 2030 1405 2066 huiusmodi
1434 2031 1602 2066 utilitatem
1630 2030 1870 2079 quomodolibet
1896 2043 2175 2067 con-teneoneornon·

1220 2081 1426 2117 cernentibus
1442 2110 1449 2123 ,
1474 2094 1530 2129 pro
1553 2089 1697 2129 tempore
1732 2081 1849 2129 rogatis
1865 2108 1875 2127 ,
1896 2080 1975 2116 infra
1990 2074 2036 2097 ¹⁸⁸³

1220 2148 1361 2171 mensem
1391 2144 1460 2184 post
1482 2136 1567 2171 diem
1592 2137 1732 2184 rogitus,
1755 2137 1780 2171 si
1807 2136 1976 2184 dispositio

1221 2190 1312 2225 fuerit
1346 2191 1427 2226 inter
1457 2191 1555 2233 vivos3
1577 2199 1608 2226 et
1629 2191 1654 2226 si
1678 2203 1715 2226 ex
1735 2203 1828 2226 eausa
1852 2191 1975 2236 mortis,

1222 2254 1289 2291 post
1324 2245 1411 2281 diem
1440 2245 1545 2281 obitus
1579 2245 1744 2286 donantis,
1766 2245 1900 2293 legantis
1927 2246 1975 2281 vel

1222 2301 1366 2336 testantis
1387 2308 1441 2336 aut
1459 2300 1549 2341 alias,
1573 2307 1606 2335 ut
1629 2300 1853 2349 praemittitur,
1871 2300 1977 2349 dispo·

1221 2356 1324 2391 nentis
1347 2355 1528 2391 immediate
1554 2363 1753 2403 sequentem,
1776 2354 1890 2401 legata,
1917 2355 1975 2391 do-

1222 2418 1290 2445 nata
1315 2421 1367 2446 aut
1397 2411 1474 2447 alias
1506 2410 1731 2458 dispositiones
1765 2409 1974 2452 huiusmodi,

1221 2465 1313 2501 alicui
1349 2479 1387 2502 ex
1416 2466 1556 2502 eiusdem
1585 2464 1837 2513 archihospitalis
1864 2474 1975 2502 custo-

1221 2520 1316 2556 dibus
1344 2531 1374 2557 et
1398 2520 1585 2557 consiliariis
1601 2533 1656 2569 pro
1672 2530 1811 2569 tempore
1834 2521 1975 2557 existen-

1223 2575 1307 2611 tibus
1343 2576 1478 2612 fideliter
1501 2576 1664 2611 nunciare.
1700 2575 1868 2624 Alioquin,
1890 2576 1975 2613 dicto

1223 2643 1330 2667 mense
1370 2631 1490 2680 elapso,
1522 2631 1859 2666 excommunicationis
1895 2631 1974 2667 latae

1221 2686 1421 2730 sententiae,
1449 2698 1465 2721 a
1499 2698 1561 2734 qua
1592 2685 1716 2721 nonnisi
1744 2684 1784 2721 de
1805 2685 1973 2722 custodum

2258 64 2281 123 ii

2249 189 2279 1105 :rm-k··r=xvm-.Ws÷a
2267 132 2277 163 ⁴,
