2281 3251
496 249 565 283 78⁶2
1072 261 1221 284 nrm-mu
1251 261 1378 285 noum

545 318 613 352 sine
629 317 753 352 licentia
777 317 901 364 prioris,
925 317 954 351 in
974 317 1107 352 claustra
1123 318 1310 359 admittitur,
1325 319 1384 353 uisi
1409 319 1439 353 iu
1457 318 1527 354 loco
1542 319 1719 367 hospitibus
1736 319 1900 368 deputato,
1915 322 1992 356 ibid.

547 367 716 406 Eremitae,
739 368 831 401 etiam
860 375 943 401 extra
973 367 1123 402 Eremum
1141 396 1148 406 ,
1185 368 1390 403 abstinentias
1412 380 1534 404 servare
1557 369 1682 411 debent,
1704 372 1794 412 ibt'd.;
1817 370 1931 406 diebus
1963 380 1991 406 et

547 417 630 451 boris
661 417 802 455 silentii,
843 417 984 451 clausura
1020 418 1106 452 exire
1141 418 1371 464 prohibentur,
1405 419 1471 453 sinc
1501 419 1611 466 prioris
1637 419 1788 460 licentia,
1818 429 1846 455 et
1874 421 1992 468 quibus

549 465 784 501 conditionibus
806 465 882 500 baec
897 466 1000 506 detur,
1024 469 1096 502 ibid.
1114 469 1142 501 b.
1163 467 1263 502 Nemo
1286 469 1314 502 iu
1334 468 1505 502 Eremitam
1522 477 1713 516 acceptatur,
1729 469 1849 518 absque
1863 470 1994 517 capituli

547 515 684 559 licentia,
707 517 781 549 ibid.
798 515 910 550 Nullus
932 516 1071 551 Eremita
1089 518 1127 551 de
1142 516 1256 552 Eremo
1279 517 1317 552 ad
1342 517 1425 552 aliud
1456 519 1680 554 monasterium
1711 520 1827 555 invitus
1849 521 1994 565 trabitur,

550 564 669 612 absque
697 564 770 599 dicti
793 565 920 612 capituli
940 567 1159 613 permissione,
1174 568 1248 601 ibid.
1272 567 1489 602 Mendicantes
1507 568 1544 602 ad
1569 569 1761 604 eremiticam
1783 570 1874 605 vitam
1903 582 1992 606 acce-

545 614 658 650 dentes
673 614 827 650 inEremo
839 624 958 650 tantum
970 615 1068 651 ollicia
1081 625 1108 651 ct
1121 616 1301 663 praelaturas
1315 617 1442 658 babent,
1454 619 1524 653 565
1539 631 1568 652 a.
1585 618 1732 653 Eremitze
1746 619 1814 666 cogi
1831 628 1992 667 nequeunt

547 676 652 699 sacros
675 664 820 703 ordines,
858 665 1052 712 praelaturae
1080 675 1132 701 aut
1163 667 1347 701 visitationis
1381 680 1498 702 munus
1520 669 1704 715 suscipere;
1735 669 1787 716 qui
1811 677 1841 704 et
1867 670 1994 717 quaudo

547 715 667 761 possint
694 727 727 748 sc
751 715 922 754 recludere,
945 717 1018 750 ibid.
1042 716 1255 751 Reclusorum
1286 717 1511 758 immunitates,
1532 719 1608 752 ibid.
1637 718 1731 752 Missa
1755 718 1940 754 celebranda
1963 729 1992 755 et

545 763 699 798 audienda
731 776 746 798 a
776 765 907 800 reclusis
925 793 932 805 ,
959 767 1034 800 ibid.
1062 766 1188 808 Quibus
1217 766 1507 813 dispensationibus
1530 767 1587 815 ipsi
1611 768 1991 816 gaurleant;asperi0rem

549 814 640 848 vitam
665 814 781 861 eligere
804 823 952 861 possunt,
976 815 1113 862 idipsum
1137 824 1164 851 et
1199 817 1250 851 alii
1278 816 1436 852 Ercmitae
1474 817 1540 864 qui,
1568 826 1638 864 post
1667 818 1909 865 professionem,
1937 831 1993 866 per

548 873 682 911 quatuor
703 876 803 899 anuos
826 865 854 898 iu
879 865 994 899 Eremo
1018 866 1172 906 vixerint,
1200 868 1274 901 ibid.
1307 868 1336 901 b.
1373 867 1537 902 Peculium
1562 868 1692 902 fratrum
1722 867 1819 903 huius
1844 867 1995 909 Ordinis,

546 914 749 948 morientium
778 923 865 949 extra
903 915 1038 950 claustra
1073 924 1103 950 et
1135 915 1301 956 Ordinem,
1336 917 1510 964 applicatur
1537 917 1663 959 Eremo,
1685 919 1760 952 ibid.
1790 918 1994 965 Antiquiores

548 962 765 998 ordinationes
789 964 1010 1004 reformantur,
1037 967 1113 1000 ibid.
1143 965 1264 1001 Statuta
1292 966 1419 1008 Eremi,
1447 966 1550 1014 quoad
1575 967 1641 1002 eius
1664 967 1821 1015 peculiare
1841 968 1994 1015 regimen,

551 1013 708 1048 immutari
730 1024 907 1061 nequeunt,
930 1015 1000 1049 56ss
1023 1028 1053 1050 α.
1076 1014 1238 1050 Orandum
1264 1028 1320 1063 pro
1335 1016 1418 1064 Papa
1441 1025 1471 1051 et
1485 1016 1615 1052 Ordinis
1638 1025 1826 1064 protectore,
1843 1019 1917 1052 ibid.
1941 1020 1969 1053 b.

448 1062 600 1098 Gamerae
621 1063 819 1110 Apostolicae
842 1065 945 1099 clerici
970 1064 1006 1099 ad
1023 1074 1143 1113 septem
1165 1065 1371 1106 reducuntur,
1395 1068 1440 1101 52
1462 1069 1489 1101 b.
1514 1066 1743 1114 Aggregandus
1757 1079 1853 1115 supra
1871 1067 1990 1103 dictum

548 1125 716 1148 numerum
746 1114 960 1150 emolumenta
984 1127 1046 1149 nou
1076 1116 1210 1163 recipit,
1234 1118 1280 1151 55
1307 1129 1336 1150 α.
1364 1116 1486 1151 Statuta
1509 1129 1525 1152 a
1557 1117 1679 1152 clericis
1700 1117 1781 1153 edita
1804 1117 1996 1153 confirman-

548 1171 620 1208 tur,
657 1166 700 1198 77
730 1176 760 1198 α.
786 1164 891 1199 Tenor
919 1173 1132 1209 statutorum,
1158 1168 1234 1200 ibid.
1263 1165 1423 1201 Numerus
1451 1166 1656 1211 clericorum,
1690 1167 1827 1202 osticium
1861 1180 1898 1203 ac
1938 1180 1997 1215 po-

548 1220 642 1248 testas
660 1213 782 1254 decani,
806 1216 879 1248 ibid.
903 1216 931 1249 b.
954 1214 1043 1250 Ordo
1070 1215 1218 1257 sedendi,
1246 1216 1393 1262 loquendi
1412 1228 1578 1264 rerumque
1591 1217 1783 1263 agendarum
1800 1217 1829 1252 iu
1850 1217 1996 1264 camera,

547 1264 623 1297 ibid.
646 1262 760 1298 Clerici
786 1264 932 1298 mensarii
953 1277 1079 1310 munus,
1109 1268 1154 1300 73
1176 1279 1205 1300 α.
1233 1266 1384 1314 Quinque
1413 1267 1607 1301 minutorum
1636 1267 1833 1302 servitiorum
1860 1267 1995 1310 divisio,

547 1313 623 1347 ibid.
647 1315 675 1348 b.
699 1313 975 1361 Supranumerarii
998 1327 1062 1362 quo
1086 1315 1180 1350 modo
1207 1315 1404 1356 admittendi,
1430 1320 1473 1351 79
1501 1329 1530 1351 α.
1555 1316 1764 1352 promovendi
1788 1316 1826 1352 ad
1856 1317 1996 1365 dignita-

549 1370 610 1397 tem
636 1363 797 1405 maiorem,
820 1365 895 1398 ibid.
918 1363 1002 1399 Cura
1025 1364 1235 1406 infirmorum,
1257 1365 1478 1401 decedentium
1502 1368 1664 1413 exequiae,
1679 1366 1784 1402 altaris
1799 1377 1996 1409 ornamenta,

553 1412 792 1460 officiorumque
819 1413 1001 1458 celebratio,
1020 1416 1094 1449 ibid.
1124 1417 1152 1450 b.
1182 1414 1461 1461 Supranumerarii
1485 1415 1639 1451 abstineut
1662 1429 1678 1451 a
1701 1416 1997 1459 consultationibus,

551 1471 581 1497 et
603 1474 619 1496 a
643 1462 774 1498 Camera
797 1463 901 1498 clausa
925 1472 1051 1505 exeunt,
1077 1466 1145 1499 116
1169 1466 1197 1499 b.
1220 1465 1399 1500 Nutnerarii
1430 1465 1577 1501 absentes
1612 1466 1688 1500 nibil
1717 1467 1755 1501 de
1792 1467 1997 1513 proventibus

548 1512 739 1560 percipiunt,
762 1514 830 1549 sine
854 1522 924 1548 voto
953 1513 1086 1549 duarum
1109 1526 1146 1550 ex
1169 1515 1269 1550 tribus
1291 1515 1478 1550 elericorum
1503 1515 1656 1563 partibus,
1678 1519 1746 1550 1t7
1770 1529 1800 1551 α.
1823 1516 1939 1551 Intrusi
1963 1517 1994 1552 in

548 1561 659 1597 borum
688 1562 865 1598 absentium
887 1564 988 1598 locum
1012 1565 1190 1606 amovendi,
1218 1567 1293 1600 ibid.
1322 1567 1349 1600 b.
1373 1565 1603 1600 Tbesaurarius
1626 1575 1654 1601 et
1677 1575 1798 1613 septem
1827 1567 1996 1603 numerarii

549 1621 624 1647 sunt
647 1611 816 1648 familiares
837 1621 865 1648 et
889 1614 1060 1661 cappellani
1085 1614 1178 1650 Sedis
1200 1616 1311 1663 Apost.
1330 1643 1337 1656 ,
1372 1617 1442 1650 1118
1464 1629 1494 1650 a.
1516 1615 1634 1651 Eorum
1658 1617 1820 1664 privilegia
1837 1645 1844 1657 ,
1872 1618 1943 1652 204
1967 1618 1994 1652 b.

548 1662 811 1698 Abbreviatorum
831 1663 985 1699 Gamerae
1013 1664 1214 1712 Apostolicae
1238 1677 1390 1700 uumerus
1419 1667 1500 1701 varie
1522 1678 1538 1701 a
1563 1667 1655 1702 variis
1683 1666 1893 1702 Pontificibus
1919 1679 1997 1702 con-

546 1712 674 1748 stitutus
691 1740 699 1753 ,
722 1715 792 1747 ⁶252
816 1715 833 1747 b
860 1722 889 1748 et
911 1727 969 1760 seq.
998 1714 1117 1749 Eorum
1141 1714 1241 1751 officia
1261 1715 1474 1763 compatibilia
1503 1725 1578 1751 sunt
1600 1729 1670 1751 cum
1697 1717 1765 1752 aliis
1787 1716 1905 1752 Curiae
1927 1716 1996 1752 offi-

546 1762 613 1807 ciis,
635 1764 705 1798 254
728 1776 758 1798 α.
782 1763 939 1808 Habitus,
974 1763 1124 1800 admissio
1151 1773 1181 1800 et
1203 1765 1417 1800 emolumenta
1436 1793 1445 1809 ,
1471 1767 1547 1801 ibid.
1580 1765 1763 1814 Gappellam
1800 1766 1916 1801 babent
1944 1766 1996 1801 ubi

550 1812 676 1848 missam
700 1812 833 1848 audiunt
856 1813 970 1849 diebus
992 1814 1208 1857 cancellariae,
1231 1817 1303 1850 256
1326 1829 1355 1850 α.
1379 1815 1490 1850 localia
1519 1816 1636 1851 debent
1671 1817 1700 1852 in
1728 1816 1924 1852 admissione
1957 1816 1995 1852 ad

547 1861 660 1903 officia,
679 1863 754 1897 ibid.
783 1862 869 1898 Haec
891 1864 1089 1910 resignabilia
1113 1873 1199 1909 sunt,
1219 1867 1296 1900 ibid.
1325 1865 1459 1900 lndultis
1482 1865 1686 1912 perfruuntur
1707 1866 1896 1913 scriptorum
1919 1878 1995 1914 apo-

547 1912 746 1954 stolicorum,
768 1914 844 1948 ibid.
873 1915 900 1948 b.
923 1913 1070 1960 Ipsorum
1094 1914 1260 1962 collegium
1285 1916 1410 1963 propria
1435 1923 1548 1950 statuta
1571 1916 1691 1956 condit,
1719 1918 1793 1951 ibid.
1821 1915 1996 1951 Abbrevia—

547 1968 630 1997 tores
652 1962 720 1998 laici
747 1963 980 1998 matrimonium
1006 1964 1063 1999 rite
1085 1965 1289 2010 contrahunt,
1311 1968 1382 2000 257
1406 1978 1436 1999 α.
1473 1964 1746 2001 Vice-caucellarii
1776 1966 1996 2001 locumtenens

548 2011 680 2060 eiusque
702 2013 929 2057 emolumenta,
964 2015 1041 2048 ibid.
1070 2016 1097 2048 b.
1126 2014 1312 2061 vigintiduo
1339 2015 1439 2050 ossieia
1470 2014 1722 2051 abbreviatorum
1751 2015 1958 2052 conferuntur
1979 2028 1995 2051 a

547 2061 832 2104 vice-cancellario,
859 2065 930 2098 258
958 2076 996 2104 ας
1024 2064 1142 2112 reliqua
1165 2077 1181 2099 a
1200 2064 1292 2100 Sum.
1315 2064 1482 2109 Pontifice,
1505 2067 1581 2101 ibid.
1601 2068 1629 2100 b.
1652 2065 1820 2102 Generalis
1841 2065 1995 2102 auditoris

548 2110 701 2148 Gamerae
723 2113 864 2158 facultas,
893 2114 957 2148 5⁶2!
987 2115 1015 2148 b.
1051 2115 1084 2147 V.
1107 2115 1198 2149 etiam
1221 2115 1385 2150 Romanae
1407 2114 1522 2151 Curiae
1544 2115 1656 2151 officia.

450 2159 606 2197 Gamerae
633 2161 835 2210 Apostolicae
858 2163 961 2198 clerici
986 2172 1015 2198 et
1037 2164 1172 2199 ministri
1195 2166 1421 2212 participantes
1438 2165 1651 2201 contractibus
1674 2178 1777 2201 rerum
1793 2165 1993 2202 cameralium

550 2213 867 2248 excommunicantur
889 2221 920 2248 et
941 2212 1044 2249 officio
1069 2214 1241 2261 privantur,
1263 2217 1328 2250 421
1358 2228 1387 2250 α.
1408 2215 1498 2262 ltem,
1520 2217 1656 2252 scientes
1675 2224 1706 2252 et
1725 2229 1787 2252 non
1811 2216 1996 2259 revelantes,

545 2263 622 2297 ibid.

449 2311 601 2347 Gamerae
623 2312 824 2361 Apostolicae
855 2313 1072 2361 prae-fidentes
1096 2315 1223 2350 mittunt
1251 2315 1384 2362 siugulis
1417 2316 1508 2351 anuis
1533 2316 1652 2364 aliquot
1685 2316 1816 2352 clericos
1843 2316 1881 2352 ad
1909 2316 1996 2353 visi-

550 2361 660 2398 tandas
684 2364 874 2410 provincias,
898 2366 967 2399 419
991 2377 1020 2399 a.
1043 2364 1242 2400 visitantium
1278 2366 1438 2401 facultates
1470 2366 1508 2401 ad
1545 2379 1614 2402 reos
1641 2366 1836 2412 detegendos
1863 2374 1895 2402 et
1928 2379 1995 2415 pu-

551 2412 696 2458 niendos,
718 2415 792 2448 ibid.
817 2415 845 2448 b.
872 2413 993 2461 Legati,
1015 2414 1241 2461 gubernatores
1263 2423 1316 2450 etc.
1341 2414 1499 2463 deputatis
1521 2416 1687 2460 obediunt,
1707 2418 1778 2451 420
1800 2429 1830 2451 α.

449 2460 621 2496 Gamerarii
650 2462 683 2498 S.
707 2462 745 2498 R.
770 2463 807 2498 E.
835 2472 863 2497 et
887 2465 1109 2511 magistrorum
1134 2465 1252 2500 viarum
1276 2465 1442 2501 facultates
1465 2466 1545 2500 cirea
1568 2466 1710 2501 aedilicia
1734 2465 1946 2501 construenda
1962 2466 1992 2500 in

552 2511 630 2546 urbe
651 2511 764 2557 Roma,
791 2514 863 2547 274
902 2516 919 2549 b
942 2522 969 2549 ct
992 2527 1052 2560 seq.
1081 2514 1199 2550 Eorum
1224 2515 1398 2551 iurisdictio
1422 2515 1451 2549 in
1477 2515 1561 2551 Urbe
1584 2515 1789 2551 confirmatur
1807 2524 1837 2551 et
1859 2515 1993 2562 amplia-

547 2569 608 2602 tur,
631 2564 700 2597 655
723 2565 740 2597 b
774 2571 803 2597 et
825 2575 907 2608 seq.;
936 2564 1028 2598 datur
1046 2565 1137 2600 ctiam
1161 2565 1328 2612 praedictis
1351 2565 1526 2601 iurisdictio
1554 2578 1647 2613 supra
1667 2567 1774 2601 vineas
1792 2574 1822 2601 et
1847 2565 1990 2601 viridaria

550 2611 665 2646 urbana
693 2620 723 2647 et
749 2612 943 2655 suburbana,
971 2615 1042 2649 658
1065 2616 1092 2649 b.

450 2657 650 2696 Camerarius
672 2670 701 2697 et
723 2662 827 2698 clerici
863 2662 1014 2700 Gamerae
1048 2663 1248 2712 Apostolicae
1276 2665 1491 2701 omnimodam
1530 2665 1642 2700 liabent
1673 2664 1924 2712 superioritatem
1964 2672 1993 2699 et
