2281 3251
221 256 267 281 An.
288 257 306 281 C
337 258 402 284 t503

231 317 299 343 fitque
321 320 401 339 servari

218 351 308 372 munitm

238 707 301 725 (th-ti
321 708 375 726 ‘i'uz

230 2186 348 2207 Exordium.

466 244 535 278 1101

416 313 579 359 episcopo,
595 321 621 346 et
643 324 696 358 pro
726 319 867 356 tempore
890 311 1035 345 existenti
1065 311 1167 357 legato
1186 311 1190 355 l

413 412 560 445 omuibus
582 411 651 444 aliis
679 410 795 444 nostris
818 418 846 443 et
865 411 964 443 dictae
984 409 1077 443 Sedis
1104 410 1167 442 olli·
1186 419 1188 447 ζ

413 460 547 493 cialibus
576 461 604 493 in
642 461 751 493 eadem
786 459 911 493 civitate
946 458 1165 499 existentibus,

413 517 569 554 quatenus
594 509 763 555 praemissa
787 509 892 542 omnia
911 508 1041 542 tirmiter
1062 508 1167 542 obser·

414 567 483 591 vent
513 567 543 591 et
577 558 703 600 faciant,
736 566 888 604 quantuni
926 558 954 591 in
979 557 1024 591 eis
1051 566 1108 596 est,
1127 557 1187 595 ab]

412 607 562 641 omnibus
586 607 757 641 observari.

459 662 474 697 ,ξ
502 660 533 689 (3.
565 658 609 690 Ac
632 657 840 690 decernentes
871 668 908 690 ex
943 664 1020 690 tunc
1043 656 1162 689 irritum

411 714 436 737 et
464 706 567 743 inane,
590 706 615 738 si
645 718 739 740 secus
761 718 858 751 super
881 706 928 740 liis
945 718 959 739 a
989 718 1162 752 (protinam.

409 755 518 800 quavis
539 756 738 797 auctoritate,
761 756 897 789 scienter
914 755 958 789 vel
984 756 1164 801 ignoranter
1184 783 1185 788 ,

407 813 574 847 contigerit
602 813 759 839 attentari.

456 858 471 896 g
495 856 526 887 7.
551 853 619 888 Nou
650 854 850 888 obstantibus
878 854 1162 889 constitutionibus

406 911 434 935 et
461 903 713 938 ordinationibus
740 904 921 950 apostolicis
949 915 985 937 ac
1013 903 1162 937 omnibus

407 952 479 991 illis,
502 965 582 999 quae
612 953 872 999 praedecessores
900 953 1028 999 praefati
1055 953 1084 985 in
1114 952 1163 985 di-

405 1002 465 1036 ctis
487 1014 596 1036 eorum
624 1003 720 1037 literis
744 1003 910 1036 voluerunt
940 1014 1001 1036 uon
1022 1001 1161 1038 obstare.

404 1051 601 1099 caeterisque
623 1052 792 1086 contrariis
815 1052 1086 1099 quibuscumque.

455 1101 538 1134 Nulli
567 1113 641 1146 ergo
668 1108 722 1135 etc.

455 1149 571 1184 Datum
590 1150 709 1184 Romae
732 1150 816 1196 apud
840 1149 992 1184 Sanctum
1018 1149 1160 1187 Petrum,

403 1210 487 1232 auno
519 1199 750 1233 lucarnationis
782 1200 959 1233 clotninicae
991 1199 1160 1232 millesimo

403 1249 657 1293 quingentesimo
680 1250 783 1288 tertio,
809 1249 909 1295 pridie
932 1248 1081 1282 kalendas
1103 1247 1160 1281 de-

404 1298 552 1341 cembris,
577 1298 780 1344 pontilicatus
810 1298 906 1332 nostri
931 1310 1014 1331 anno
1045 1297 1157 1343 primo.

438 1357 499 1387 Dat.
515 1358 562 1388 die
579 1358 617 1388 30
634 1359 803 1388 novembris
821 1358 907 1395 1503,
924 1363 1002 1398 pont.
1018 1368 1094 1388 anno
1111 1367 1128 1387 1.

738 1501 790 1535 tv.

492 1575 608 1609 Contra
634 1575 788 1609 abutentes
820 1574 1066 1608 imvnunitatibus

460 1626 655 1658 ecclesiarum
688 1625 720 1657 ιἰι
748 1636 840 1667 reque
874 1625 1009 1668 Anqliae
1038 1625 1093 1667 (l).

668 1692 883 1724 §militantum

400 1755 567 1786 Exordium.
589 1773 629 1777 —
648 1756 673 1784 1.
696 1754 836 1784 Nonnulli
857 1755 1042 1785 immunitate
1062 1755 1155 1784 eccle-

439 1801 556 1830 siastica
577 1799 775 1829 abutebantur
798 1800 826 1828 in
843 1799 958 1837 Anglia.
976 1816 1016 1821 ——
1033 1799 1060 1828 ⁹2.
1078 1799 1155 1829 Non-

439 1845 528 1874 nullis
545 1845 573 1873 in
598 1844 688 1873 rebus
712 1845 785 1873 hanc
810 1843 1024 1872 immunitatem
1050 1845 1151 1873 mode-

438 1894 530 1923 ratum
558 1905 598 1911 —
625 1888 652 1918 3.
675 1887 869 1917 Obstantibus
901 1888 1033 1924 derogat.
1060 1904 1100 1910 —
1125 1889 1153 1918 4.

437 1932 703 1971 Transumptorum
728 1932 810 1961 fides.
828 1949 868 1954 —
885 1933 912 1961 5.
935 1931 1100 1962 Clausulae.

468 2007 556 2036 lulius
582 2007 726 2043 episcopus
746 2013 841 2035 servus
866 2013 1007 2035 servorum
1021 2006 1080 2039 Dei.

532 2056 566 2084 ad
596 2057 757 2092 perpetuam
784 2055 826 2083 rei
849 2055 1018 2083 memoriam.

447 2126 629 2162 Romanum
645 2127 736 2161 decet
751 2127 937 2161 Pontificem
963 2127 1064 2161 taliter
1087 2139 1152 2173 pro·

399 2177 504 2211 videre
526 2176 611 2223 quod
637 2177 867 2217 immunitates,
894 2188 974 2223 quae
996 2176 1152 2215 ecclesiis,

398 2227 438 2260 ob
454 2226 659 2260 reverentiam
687 2225 785 2260 divini
811 2226 949 2260 nominis
964 2225 1047 2259 etad
1069 2238 1151 2272 prae-

397 2275 512 2310 sidium
538 2276 769 2319 innocentium,
787 2274 915 2322 provida
936 2275 1150 2309 moderatione

397 2336 568 2358 concessae
596 2324 734 2364 fuerunt,
764 2324 853 2359 malis
882 2324 918 2358 ad
949 2324 1053 2371 peiora
1079 2336 1148 2370 per-

399 2373 548 2419 petranda
571 2373 731 2407 audaciam
753 2386 814 2407 non
840 2373 1019 2419 praebeant,
1039 2373 1093 2408 sed
1120 2374 1152 2406 il-

397 2423 442 2457 las
465 2422 565 2456 taliter
585 2423 753 2466 moderari,
775 2423 860 2469 quod
890 2422 1005 2457 exinde
1032 2431 1063 2457 et
1098 2434 1151 2456 ec—

397 2471 501 2505 clesiis
524 2471 685 2518 privilegia
716 2479 960 2514 conserventur,
988 2480 1018 2505 et
1048 2471 1151 2505 deliu—

396 2521 561 2566 queutium
605 2520 772 2555 effraenata
814 2521 974 2555 temeritas
1014 2533 1150 2567 compe-

396 2578 515 2604 scatur-

431 2638 470 2673 (t)
487 2638 526 2665 Ex
542 2638 649 2666 Collect.
669 2639 767 2666 Rerum
787 2639 886 2675 Anglic.
905 2640 1022 2666 'rhomae
1041 2640 1148 2674 Rymer.

1017 255 1115 278 tit‘tJA
1122 256 1139 278 R
1146 258 1152 277 1
1160 256 1204 278 ΙῚΙ
1233 256 1323 278 110]ss
1330 256 1395 279 NTM

1258 311 1278 356 g
1306 314 1332 344 t.
1356 311 1454 350 Sane,
1476 311 1557 346 sicut
1593 311 1787 358 accepimus,
1812 311 1842 345 in
1867 323 1967 358 regno

1211 409 1255 443 rel
1289 411 1430 454 snspncii
1460 410 1603 444 criminis
1644 410 1745 444 laesae
1782 411 1964 449 maiestatis,

1209 458 1386 492 homicidae
1412 459 1592 497 voluntarii,
1616 459 1734 506 publici
1759 460 1906 503 tatrones,
1931 472 1966 494 ac

1209 508 1356 542 itinerum
1391 516 1421 542 et
1454 508 1648 554 publicarum
1676 509 1793 542 viarum
1817 510 1965 544 effracto-

1210 569 1256 590 res
1283 566 1312 591 et
1342 557 1540 591 insidiatores
1567 557 1604 591 ad
1641 557 1706 592 loca
1739 557 1963 598 ecclesiastica,

1209 615 1268 639 tam
1308 607 1479 640 saecularia
1515 618 1608 653 qnam
1644 606 1817 652 regularia,
1852 607 1965 641 coufu-

1207 656 1307 697 giunt,
1332 655 1528 690 confidentes
1552 657 1631 689 inter
1646 667 1691 696 se,
1708 664 1836 702 propter
1851 657 1964 691 immu-

1208 705 1333 739 nitatem
1358 705 1519 739 Ecclesiae
1538 717 1737 748 concessam,
1759 705 1878 740 extrahi
1899 718 1961 739 non

1209 766 1312 798 pesse;
1335 766 1371 788 ac
1394 755 1487 788 etiam
1521 762 1688 800 postquam
1713 754 1743 787 in
1768 755 1844 789 locis
1868 767 1962 801 prae-

1207 803 1298 836 ·lictis
1321 811 1394 837 sunt
1419 804 1600 843 constituti,
1623 803 1662 837 de
1679 815 1759 837 novo
1783 804 1876 838 etiam
1900 804 1962 838 cri—

1207 852 1288 886 mina
1311 864 1347 886 ac
1378 852 1436 887 alia
1459 853 1573 887 similia
1616 853 1661 886 vel
1692 853 1795 899 peiora
1814 854 1962 888 commit-

1207 910 1269 935 tere
1287 914 1348 935 non
1365 910 1525 945 verentur,
1539 902 1611 936 inde
1626 910 1789 941 exeuntes,
1803 910 1831 935 et
1847 902 1961 936 deinde

1207 964 1262 995 pro
1285 963 1395 985 eorum
1419 952 1619 994 defensione,
1652 963 1690 985 ne
1712 952 1890 997 capiantur,
1919 951 1957 986 ad

1205 1001 1288 1034 dicta
1317 1001 1383 1034 loca
1413 1000 1532 1035 velalia
1565 1012 1787 1047 quaecumque
1807 1001 1960 1035 immuni-

1205 1057 1265 1082 tate
1288 1050 1458 1095 gaudentia
1486 1062 1519 1084 se
1548 1049 1754 1084 retrahentes.

1253 1103 1268 1141 ξ
1296 1101 1328 1132 2.
1357 1099 1421 1133 Nos
1450 1099 1547 1145 igitur
1584 1100 1613 1132 in
1639 1099 1824 1146 praemissis
1851 1098 1958 1133 debite

1205 1148 1369 1193 providere
1394 1148 1546 1189 volentes,
1573 1148 1758 1183 auctoritate
1771 1148 1955 1195 apostolica,

1204 1206 1311 1232 tenore
1336 1198 1550 1244 praesentium
1583 1198 1752 1232 statuimus
1775 1206 1805 1232 et
1831 1197 1960 1232 ordina-

1205 1259 1274 1281 mus
1296 1246 1381 1293 quod
1404 1247 1568 1294 deinceps,
1592 1246 1717 1293 quotics
1740 1247 1907 1293 contigerit
1928 1247 1958 1280 in

1203 1296 1286 1330 dicto
1314 1308 1412 1341 regno
1440 1296 1538 1331 huius
1561 1297 1705 1330 criminis
1728 1296 1831 1330 laesae
1860 1296 1960 1330 maie-

1201 1346 1290 1379 statis
1326 1357 1396 1379 reos
1418 1345 1464 1379 vel
1494 1354 1661 1392 suspectos
1688 1345 1726 1379 ad
1764 1346 1845 1379 dicta
1879 1346 1958 1383 loca.

1201 1394 1294 1428 ctiam
1315 1395 1429 1441 quovis
1456 1395 1670 1442 exemptionis
1693 1394 1856 1441 privilegio
1878 1406 1958 1429 mu—

1203 1443 1277 1487 nita,
1311 1443 1496 1490 confugere,
1531 1444 1676 1490 quamvis
1703 1443 1742 1478 de
1769 1444 1959 1478 criminibus

1203 1493 1382 1527 huiusmodi
1406 1502 1460 1527 aut
1483 1505 1592 1527 eorum
1608 1493 1715 1540 aliquo
1730 1493 1864 1528 convicti
1893 1505 1955 1527 non

1201 1542 1329 1581 fuerint,
1352 1543 1502 1578 custodes
1538 1542 1574 1576 ad
1605 1542 1849 1577 custodiendum
1887 1543 1957 1577 illos

1201 1592 1229 1624 iu
1258 1591 1350 1626 dictis
1378 1592 1467 1631 locis,
1491 1604 1530 1626 ne
1554 1592 1625 1626 tnde
1655 1591 1832 1637 aufugiant,
1854 1592 1956 1638 depu-

1200 1641 1256 1674 tari
1280 1640 1430 1682 debeant;
1466 1650 1497 1676 et
1519 1641 1542 1675 si
1566 1641 1639 1675 dicti
1671 1641 1814 1676 criminis
1853 1642 1954 1676 laesae

1201 1691 1370 1725 maiestatis
1393 1692 1436 1725 rei
1455 1691 1500 1725 vel
1516 1691 1669 1737 suspecti,
1691 1699 1744 1724 aut
1761 1690 1952 1734 homicidae,

1200 1739 1348 1779 latrones,
1373 1740 1417 1774 rel
1443 1741 1590 1775 itinerum
1615 1748 1643 1774 et
1663 1739 1862 1786 publicarum
1887 1740 1952 1773 via-

1199 1801 1267 1822 rum
1284 1789 1463 1824 effractores
1497 1801 1551 1824 seu
1572 1789 1783 1832 insidiatores,
1806 1789 1837 1823 in
1860 1788 1954 1823 dictis

1199 1837 1276 1872 locis
1299 1850 1418 1873 moram
1448 1839 1626 1882 trabentes,
1660 1838 1706 1873 vel
1731 1838 1804 1872 inde
1826 1850 1950 1873 exeun-

1199 1896 1255 1931 tes,
1271 1887 1310 1921 de
1326 1900 1407 1922 noro
1430 1888 1585 1935 praedicta
1608 1887 1752 1930 crimina,
1775 1887 1822 1921 vel
1839 1899 1949 1922 eorum

1196 1936 1310 1983 aliqua,
1333 1946 1384 1970 aut
1400 1936 1631 1977 deteriora‚vel
1653 1936 1710 1971 alia
1734 1937 1848 1971 similia
1864 1948 1953 1971 com-

1198 1986 1321 2020 mittere
1363 1986 1650 2032 praesumpserint,
1678 1985 1724 2020 vel
1754 1986 1826 2020 inde
1863 1998 1952 2021 rece-

1197 2034 1309 2069 dentes
1331 2035 1368 2069 ad
1394 2036 1551 2082 praedicta
1576 2035 1621 2069 vel
1647 2034 1704 2069 alia
1727 2047 1950 2082 quaecumque

1197 2088 1277 2128 loca,
1299 2089 1392 2123 etiam
1422 2101 1624 2136 quacumque
1650 2088 1850 2123 immunitate
1872 2101 1951 2135 gau-

1195 2142 1300 2183 deant,
1327 2142 1540 2190 confugerint,
1571 2142 1610 2177 ab
1635 2142 1695 2177 illis
1719 2143 1802 2178 licite
1825 2143 1946 2178 extrahi

1195 2205 1223 2231 et
1251 2197 1386 2232 iustitiae
1409 2197 1562 2233 committi
1593 2197 1725 2244 possint.

1243 2256 1258 2295 ἓ
1287 2255 1318 2286 5,
1347 2251 1416 2287 Νοιι
1446 2251 1647 2286 obstantibus
1686 2251 1879 2298 praemissis,
1913 2263 1949 2286 ac

1195 2304 1295 2340 bonae
1337 2307 1509 2340 memoriae
1541 2305 1676 2340 Othonis
1718 2314 1747 2339 ct
1782 2305 1948 2346 ottoboni,

1194 2358 1267 2393 olim
1293 2359 1322 2393 in
1351 2359 1435 2394 dicto
1459 2371 1555 2405 regno
1573 2358 1772 2405 Apostolicae
1794 2358 1888 2394 Sedis
1903 2359 1949 2393 le—

1193 2420 1357 2457 gatorum,
1397 2413 1427 2446 in
1467 2412 1713 2459 provincialibus
1753 2425 1879 2460 quoque
1918 2420 1948 2447 et

1194 2466 1402 2512 synodalibus
1441 2467 1584 2501 conciliis
1614 2466 1708 2502 editis
1743 2466 1948 2512 generalibus

1195 2519 1240 2553 vel
1268 2520 1459 2566 specialibus
1490 2519 1773 2555 constitutionibus
1799 2528 1830 2555 et
1851 2519 1946 2555 ordi-

1195 2573 1378 2609 nationibus
1392 2574 1588 2621 apostolicis‚
1611 2583 1642 2609 et
1663 2574 1798 2618 statutis,
1813 2585 1947 2609 consue-

1195 2627 1362 2663 tudinibus
1384 2627 1589 2663 ecclesiarum
1618 2637 1645 2661 et
1678 2627 1818 2662 locorum
1853 2639 1945 2674 prae-

1982 260 2031 287 Λιι.
2051 259 2068 286 C
2102 258 2164 286 15071

2005 321 2040 341 Nu·
2053 322 2102 341 nulli
2128 323 2166 341 iui-

1982 357 2045 371 mumt
2056 356 2082 371 ut·
2094 366 2096 369 .
2106 353 2167 372 erle-

415 370 443 395 et
466 362 665 405 gubernatori
684 361 818 395 civitatis
833 361 1023 406 praedictae,
1045 374 1164 394 iwcnon
1186 360 1189 385 l
1210 361 1342 405 Angliae
1364 372 1460 407 saepe
1489 373 1620 395 numero
1646 361 1778 407 contigit
1805 361 1890 407 quod
1922 363 1964 395 rci
1982 384 2067 402 ,mm
2090 383 2166 403 ..tuno-

1981 414 2055 434 liantur
2079 422 2098 434 ιιι
2124 416 2166 435 Λιι-

1981 446 2030 471 gliti.

1982 1113 2162 1135 Nnnmtttisinre-

1973 1145 2010 1165 bu<
2021 1147 2067 1164 haut
2094 1152 2158 1166 mmu-

1974 1177 2060 1196 nita·(·ui
2086 1178 2159 1197 ini-tlo-

1974 1212 2039 1229 ratur:

1976 2264 2025 2286 ΟΜ
2036 2275 2039 2284 ι
2051 2265 2094 2285 ιώ.
2107 2266 2147 2286 de-

1963 2300 2030 2321 rogat.

2272 0 2281 92 ,μμ-ιι.
