2281 3251
128 237 178 265 An.
200 238 228 265 C.
243 238 309 265 11287

134 1533 211 1553 Causae
227 1532 288 1552 liuius

130 1564 292 1584 constitutionis

905 236 1112 261 INNOCENTIUS
1133 238 1194 261 vtll
1216 238 1264 261 1²1³.

321 303 404 326 anno
434 291 657 326 incarnationis
685 290 861 326 dominicae
900 292 1067 327 millesimo

321 340 634 387 quadringentesimo
669 341 883 387 octuagesimo
918 343 1066 388 septimo,

322 389 422 437 pridie
444 401 542 424 nouas
571 390 708 436 augusti,
743 391 941 437 pontificatus
969 393 1066 426 nostri

320 451 403 473 anno
429 451 479 473 ιιι.

359 501 419 531 Dat.
436 503 482 532 dic
497 503 515 531 t
532 502 649 540 augusti
670 503 752 539 1487,
775 503 876 542 pontif.
895 514 970 534 anno
987 514 1027 534 ιιι.

623 585 762 593 ——

653 679 734 714 xtv.

321 761 435 795 Contra
456 768 627 799 asserentes,
657 763 689 794 in
715 763 809 795 literis
825 764 1010 807 apostolicis,
1039 775 1068 796 sc

367 823 426 844 esse
446 811 520 844 tales
546 812 650 855 quales
672 824 732 845 non
753 819 837 849 sunt,
868 824 924 856 pro
951 824 1066 846 earum-

367 861 434 893 dem
456 861 615 894 literarum
636 862 826 906 expeditione
845 862 943 906 qratis
965 873 1067 895 conse-

368 910 499 955 quenda.

587 989 800 1019 sthARtun

318 1057 429 1087 Causae
458 1057 546 1086 liuius
575 1057 691 1086 constit.
721 1074 758 1078 —
785 1058 810 1086 t.
835 1057 1006 1086 Assereutes
1035 1066 1066 1086 se

358 1101 430 1130 tales
458 1105 508 1130 etc.
531 1102 832 1135 excommunicantur,
850 1118 887 1122 —
906 1101 933 1130 Ξ.
953 1101 1067 1130 Literae-

357 1154 414 1184 que
443 1154 494 1184 pro
513 1145 555 1174 eis
580 1145 744 1183 expeditae,
767 1145 866 1174 nullae
890 1150 1017 1181 sunt,—
1035 1145 1067 1174 Et

357 1191 529 1221 huiusmodi
553 1195 694 1220 statutum
724 1191 752 1220 in
776 1190 957 1220 Cancellaria
990 1191 1067 1228 regi-

358 1235 520 1265 strandum.
549 1251 589 1257 --
616 1235 644 1265 3.
669 1234 824 1265 Clausulae
855 1235 1066 1274 derogatoriae.

356 1297 394 1301 —
415 1279 589 1309 Publicatio.

339 1354 510 1384 Innocentius
534 1355 676 1392 episcopus
707 1362 803 1384 servus
823 1362 963 1384 servorum
981 1355 1041 1395 Dei..

450 1406 484 1434 ad
517 1406 678 1442 perpetuam
697 1405 738 1434 rei
765 1405 932 1434 memoriam.

365 1477 458 1517 Cum,
481 1477 564 1512 sicut
587 1490 650 1512 non
673 1477 741 1512 sine
763 1477 961 1524 displicentia
975 1490 1067 1513 acce-

319 1528 435 1576 pimus,
448 1527 590 1562 nonnulli
613 1527 824 1562 conscientiae
846 1539 921 1562 suae
940 1527 1063 1574 prodigi

317 1586 347 1613 et
364 1577 510 1612 avaritiae
538 1576 650 1612 morbo
678 1577 867 1621 laborantes,
896 1585 929 1611 ut
962 1577 1066 1612 literas

317 1627 504 1675 apostolicas
525 1627 621 1673 gratis
649 1626 830 1673 expediant,
857 1634 887 1661 et
920 1626 1066 1662 officiales

316 1677 419 1712 debita
441 1689 550 1711 eorum
569 1676 711 1724 portione
738 1675 936 1720 defraudent,
955 1676 986 1710 in
1002 1677 1065 1711 eis-

317 1727 388 1762 dem
412 1727 512 1762 literis
533 1738 566 1761 se
580 1738 819 1773 nonnumquam
840 1726 1064 1761 venerabilium

317 1777 446 1811 fratrum
470 1784 648 1811 nostrorum
672 1784 798 1810 sanctae
822 1775 985 1810 Romanae
1003 1776 1066 1811 Ec-

316 1827 430 1862 clesiae
452 1825 672 1869 cardinalium,
700 1833 752 1859 aut
775 1825 959 1860 dilectorum
984 1825 1065 1861 filio-

318 1889 386 1911 rum
398 1875 650 1911 abbreviatorum
669 1874 707 1909 de
721 1875 830 1910 maiori
845 1875 1064 1922 praesidentia,

317 1938 373 1961 seu
406 1926 565 1961 literarum
594 1924 824 1972 praedictarum
857 1925 1064 1972 scriptorum,

317 1988 375 2011 nec
391 1988 453 2010 non
468 1975 601 2010 aliarum
620 1986 825 2022 personarum
841 1987 1066 2021 quarumcum-

317 2037 391 2073 que,
423 2037 459 2060 ex
487 2036 617 2072 quarum
642 2024 845 2071 qualitatibus
872 2033 900 2059 et
933 2025 1065 2072 privile-

317 2075 386 2122 giis,
419 2075 484 2110 sive
519 2074 646 2121 antiqua
673 2074 926 2115 consuetudine,
962 2074 1065 2110 literas

317 2127 401 2172 ipsas
422 2124 518 2171 gratis
548 2124 694 2171 expedire
727 2124 844 2165 solent,
878 2132 1010 2170 nepotes
1035 2133 1065 2160 et

317 2174 509 2222 quandoque
524 2186 702 2222 germanos,
719 2173 876 2208 interdum
894 2186 965 2209 vero
982 2175 1064 2209 fami-

317 2225 435 2269 liares,
467 2224 635 2259 continuos
661 2223 889 2258 commensales
918 2223 1014 2259 fuisse
1036 2233 1065 2260 et

318 2286 387 2310 esse
408 2274 573 2315 affirmare,
596 2281 625 2308 et
642 2281 674 2308 ut
697 2274 772 2308 tales
800 2274 828 2307 iu
855 2273 946 2308 dictis
967 2274 1065 2310 literis

319 2337 352 2360 se
369 2324 499 2359 inscribi
523 2324 623 2359 facere.
639 2336 673 2359 ac
689 2324 798 2358 fecisse
813 2335 875 2357 non
890 2333 1064 2366 vereantur,

319 2387 390 2410 cum
414 2386 519 2409 revera
542 2374 620 2409 tales
649 2386 710 2408 non
734 2373 867 2413 fuerint,
888 2373 918 2406 in
938 2374 1064 2409 anima-

319 2437 388 2460 rum
424 2436 552 2459 suarum
596 2423 771 2471 periculum
817 2435 852 2457 ac
892 2422 1064 2459 officiorum

319 2474 412 2509 Rom.
430 2474 544 2509 Curiae
562 2485 624 2508 non
652 2473 813 2508 modicum
835 2473 1063 2520 praeiudicium

320 2531 350 2560 et
373 2535 554 2571 gravamen.

367 2578 383 2618 g
412 2576 442 2608 t.
469 2573 534 2608 Nos
564 2573 727 2609 fraudibus
760 2580 791 2608 et
826 2572 1065 2620 deceptionibus

319 2623 512 2668 huiusmodi,
535 2631 627 2670 prout
649 2632 754 2658 nostro
777 2623 932 2658 incumbit
951 2622 1065 2669 officio,

398 2681 472 2711 Bull.
493 2680 571 2711 Rom.
599 2680 652 2711 Vol.
679 2681 707 2710 V.
888 2680 926 2710 42

1736 229 1804 262 329

1110 293 1148 327 (le
1164 293 1301 329 remedio
1318 301 1497 340 opportuno
1514 294 1677 340 providere
1701 294 1851 335 volentes,

1111 351 1194 377 motu
1217 343 1343 390 proprio
1365 352 1395 377 ct
1421 355 1456 378 cx
1480 352 1562 378 certa
1586 343 1729 385 scientia,
1744 357 1854 380 omues

1109 400 1138 427 ct
1156 393 1311 439 singulos,
1339 393 1568 440 cuiuscumque
1595 401 1703 434 status,
1739 394 1855 441 gradus

1109 450 1137 476 ct
1160 442 1348 477 conditionis
1370 442 1498 484 fuerint,
1526 450 1557 477 et
1578 455 1781 491 quocumque
1797 457 1854 479 no-

1110 491 1194 527 mine
1229 500 1475 539 nuncupentur,
1503 493 1556 539 qui
1586 505 1619 528 se
1645 492 1852 529 cardinalium

1108 550 1161 576 aut
1187 542 1400 577 assistentium
1423 554 1478 577 seu
1513 542 1700 589 scriptorum
1727 555 1854 578 eorum-

1108 591 1179 626 dem
1211 599 1261 626 aut
1290 591 1418 626 aliarum
1455 603 1660 639 personarum
1696 605 1854 640 quarum-

1108 652 1254 688 cumque,
1277 653 1313 676 ex
1328 653 1459 688 quarum
1481 642 1683 689 qualitatibus
1705 650 1737 677 et
1759 643 1855 690 privi-

1109 690 1210 737 legiis,
1232 690 1296 725 sive
1323 692 1451 738 antiqua
1478 692 1720 732 consuetudine,
1744 692 1853 727 literae

1109 740 1194 786 ipsae
1216 741 1310 785 gratis
1333 741 1469 786 expediri
1492 741 1611 783 solent,
1646 750 1776 789 nepotes
1797 754 1852 777 seu

1108 801 1273 834 germanos
1295 798 1347 824 aut
1371 790 1547 832 familiares,
1575 792 1744 827 continuos
1765 804 1855 827 com-

1109 839 1262 873 mensales
1285 839 1314 873 in
1344 840 1462 874 eisdem
1485 840 1583 875 literis
1610 842 1853 887 nominaverint,

1108 901 1179 923 cum
1203 901 1310 923 revera
1333 889 1409 924 tales
1432 902 1493 924 uon
1517 890 1642 936 fuerint,
1669 903 1855 927 excommu-

1108 938 1273 973 nicationis
1295 939 1461 980 sententia,
1489 952 1505 973 a
1533 953 1594 987 qua
1618 941 1677 976 nisi
1706 954 1760 989 per
1782 941 1854 977 Ro-

1110 1000 1236 1022 manum
1260 988 1445 1023 Pontificem
1469 1001 1526 1036 pro
1549 999 1690 1037 tempore
1715 992 1854 1027 existen-

1109 1045 1192 1082 tem,
1222 1038 1329 1072 mortis
1351 1038 1483 1073 articulo
1505 1047 1647 1086 excepto,
1673 1052 1710 1075 ac
1730 1041 1855 1076 satisfa-

1108 1087 1211 1122 ctione
1233 1088 1367 1134 praevia,
1382 1088 1501 1123 absolvi
1517 1101 1578 1124 non
1596 1090 1727 1136 possint,
1745 1099 1855 1126 aucto-

1109 1137 1197 1172 ritate
1212 1137 1382 1184 apostolica
1393 1150 1450 1185 per
1464 1147 1643 1184 praesentes
1656 1140 1853 1176 innodamus,

1156 1187 1175 1233 g
1203 1188 1235 1221 2.
1264 1186 1302 1221 Et
1334 1188 1539 1223 nihilominus
1570 1190 1791 1225 concessiones
1825 1199 1854 1225 et

1108 1236 1220 1282 gratias
1245 1236 1274 1271 in
1297 1237 1417 1272 eisdem
1444 1237 1543 1272 literis
1572 1246 1735 1274 contentas
1757 1252 1853 1287 quas-

1108 1298 1256 1333 cumque,
1284 1287 1431 1334 ipsasque
1453 1287 1559 1323 literas
1580 1288 1732 1324 hactenus
1753 1302 1855 1337 expe-

1108 1335 1189 1370 ditas
1211 1344 1242 1371 et
1264 1337 1477 1384 expediendas
1498 1338 1618 1373 viribus
1644 1339 1774 1374 omnino
1802 1352 1856 1375 ca-

1109 1398 1188 1428 rere;
1215 1386 1324 1434 eisque
1350 1395 1381 1422 et
1409 1399 1519 1422 eorum
1542 1388 1676 1435 singulis
1698 1389 1728 1423 in
1751 1389 1856 1437 aliquo

1107 1435 1268 1483 suffragari
1300 1449 1363 1471 non
1395 1437 1546 1484 potuisse,
1582 1438 1691 1473 necin
1714 1439 1855 1474 futurum

1109 1498 1212 1532 posse,
1232 1494 1331 1531 motu,
1352 1487 1534 1522 auctoritate
1561 1496 1590 1522 et
1614 1487 1745 1523 scientia
1767 1489 1856 1524 simi-

1108 1535 1203 1577 libus,
1219 1536 1420 1571 decernimus
1446 1545 1477 1571 et
1498 1537 1707 1573 declaramus.
1729 1538 1776 1573 Ac
1799 1551 1854 1573 vo-

1107 1585 1211 1620 lumus
1233 1586 1315 1634 quod
1341 1586 1534 1628 mandatum,
1557 1587 1721 1623 decretum
1743 1597 1773 1623 et
1794 1589 1852 1623 de-

1107 1635 1232 1670 claratio
1262 1644 1367 1671 nostra
1398 1636 1582 1672 huiusmodi
1605 1636 1634 1672 in
1662 1637 1855 1674 Cancellaria

1106 1685 1289 1732 Apostolica
1300 1686 1488 1733 publicetur,
1506 1694 1536 1722 et
1551 1687 1582 1721 in
1605 1687 1687 1722 illius
1708 1687 1789 1723 libro
1805 1688 1856 1723 de-

1106 1735 1273 1780 scribatur,
1295 1748 1331 1771 ac
1350 1736 1510 1783 perpetuis
1525 1737 1639 1772 suturis
1658 1737 1855 1785 temporibus

1107 1785 1327 1820 inviolabiliter
1346 1786 1539 1821 observetur.

1155 1835 1174 1882 g
1197 1839 1229 1869 5.
1253 1834 1320 1870 Non
1353 1836 1550 1872 obstantibus
1577 1837 1856 1873 constitutionibus

1106 1892 1136 1919 et
1158 1885 1410 1921 ordinationibus
1427 1886 1618 1933 apostolicis,
1633 1899 1669 1922 ac
1691 1887 1856 1934 quibusvis

1108 1935 1279 1982 privilegiis
1294 1944 1323 1970 et
1340 1935 1469 1971 indultis
1481 1936 1597 1971 eisdem
1614 1938 1755 1984 personis
1777 1950 1856 1973 con-

1106 1984 1215 2028 cessis,
1243 1997 1322 2032 quae
1344 1986 1389 2020 eis
1416 1994 1468 2020 aut
1495 1998 1604 2022 eorum
1627 1987 1735 2028 alicui,
1751 1989 1855 2035 quoad

1107 2036 1289 2081 praemissa,
1306 2035 1450 2071 volumus
1477 2036 1655 2071 nullatenus
1681 2037 1854 2085 suffragari,

1106 2085 1281 2132 ceterisque
1299 2086 1462 2120 contrariis
1483 2086 1749 2133 quibuscumque.

1154 2138 1272 2180 Placet,
1295 2139 1472 2186 publicetur
1497 2147 1527 2174 et
1549 2140 1743 2176 describatur
1765 2141 1804 2175 Ο.

1304 2196 1428 2240 (Papae
1453 2196 1656 2241 subscriptio).

1154 2248 1287 2283 Lectum
1312 2258 1343 2283 et
1363 2249 1556 2296 publicatum
1580 2249 1636 2283 fuit
1657 2251 1854 2297 suprascrip-

1107 2308 1171 2336 tum
1183 2302 1362 2337 mandatum
1382 2302 1500 2337 Romae
1517 2303 1546 2337 in
1563 2302 1754 2339 Cancellaria
1773 2304 1855 2351 Apo-

1105 2357 1213 2393 stolica
1240 2358 1289 2393 die
1311 2358 1428 2393 sabbati
1456 2358 1577 2393 decima
1605 2367 1711 2394 octava
1738 2360 1854 2394 mensis

1106 2413 1243 2458 augusti,
1270 2424 1352 2446 anno
1380 2412 1547 2447 millesimo
1574 2412 1853 2460 quadringentesi-

1107 2478 1158 2501 mo
1172 2466 1383 2512 octuagesimo
1400 2467 1546 2513 septimo,
1566 2467 1764 2514 pontificatus
1779 2480 1854 2502 san—

1107 2521 1238 2556 ctissimi
1267 2520 1386 2555 domini
1410 2521 1507 2555 nostri
1536 2521 1655 2555 domini
1680 2521 1853 2556 Innocentii

1106 2575 1209 2623 Papae
1232 2576 1342 2615 octavi,
1364 2587 1446 2610 anno
1474 2575 1544 2610 eius
1566 2575 1667 2610 tertio.

1136 2637 1196 2667 Dat.
1213 2638 1258 2668 die
1278 2638 1311 2666 18
1327 2639 1442 2676 augusti
1462 2638 1546 2675 1487,
1562 2637 1663 2677 pontif.
1682 2647 1758 2668 anno
1773 2646 1814 2668 111.

1871 242 1919 268 An.
1941 243 1969 269 C.
1985 244 2050 270 to87

1885 304 2009 324 ,tzzcrnnins
2029 310 2051 323 fle

1870 335 1922 355 talos
1930 339 1958 355 νιν
1971 342 2052 355 atrurn-

1871 370 2008 389 rnuuicanturv

1880 1202 2003 1230 trinaeque
2016 1209 2052 1230 pro

1871 1236 1901 1255 eis
1914 1235 1987 1261 exped.
2004 1235 2053 1255 nul-

1871 1266 1903 1287 tae
1918 1270 1972 1291 suut,

1891 1553 1913 1573 Et
1937 1554 2054 1574 huiusmodi

1872 1585 2055 1606 statutuminthn-

1871 1616 1917 1636 cett¹
1937 1618 2054 1641 registrari-

1871 1648 1924 1667 dum,

1908 1848 2018 1868 Clausulas

1884 1880 2037 1906 derogatoriao.

1900 2261 2024 2283 Publicatio.
