2281 3251
220 249 272 274 An.
287 247 316 274 C.
337 247 398 273 sst‘Jl

220 309 300 329 toribus
318 313 403 328 excom*

220 341 355 360 manicatum.
365 346 404 365 ptr-

220 378 266 391 nant
284 372 379 397 imponit.

239 1002 308 1023 §utut
321 1008 357 1028 ις]4
377 1008 396 1021 tn

227 1037 344 1054 starum-nu
358 1038 396 1052 exc

227 1068 334 1085 ‹uti-inum
360 1065 409 1083 dare

227 1099 351 1116 recusantes
364 1095 410 1113 atus

227 1133 301 1153 poenis
316 1126 409 1145 innodat.

247 1979 364 1999 ordinariis
380 1983 420 2003 pu-

236 2011 371 2031 blicationem
384 2008 420 2028 bu-

235 2042 267 2061 ius
278 2039 346 2060 bullae
356 2044 419 2065 prae-

236 2072 293 2097 cipit,

468 235 539 268 548

421 300 652 336 mandatorum.
681 310 735 331 seu
766 295 988 342 rescriptorum
1013 302 1041 325 et
1068 292 1171 338 provi-

420 351 546 385 sionum
581 347 845 395 apostolicarum,
883 353 913 378 ιιι
951 342 1172 390 praemittitur,

423 399 641 446 impedientes;
657 404 708 431 aut
726 394 972 443 impedientibus
993 390 1173 425 huiusmodi

421 449 586 487 auxilium,
609 445 779 482 consilium
803 444 849 478 vel
880 444 1030 483 savorem,
1048 440 1174 487 publice

424 499 469 533 rel
498 497 645 536 occulte,
668 496 786 530 directe
814 493 860 527 vel
900 492 1052 526 indirecte
1083 500 1176 536 prae-

422 557 552 590 stantes,
575 547 810 591 cuiuscumque
833 541 1024 577 conditionis
1039 540 1085 573 rel
1104 550 1177 585 prze-

423 605 614 632 eminentiae
649 602 784 629 existant
802 620 810 631 ,
832 599 1019 627 seutentiam
1048 600 1178 623 excom-

424 645 646 682 municationis
686 656 723 678 eo
752 644 820 690 ipso
859 643 1018 675 incurrant
1036 668 1043 676 ,
1072 650 1087 672 a
1115 649 1176 684 qua

426 705 656 743 tpraeterquam
679 695 708 728 iu
733 693 843 728 mortis
862 690 996 726 articulo
1014 687 1176 724 constituti

425 756 451 779 --ι
481 745 693 780 satisfactione.
727 742 879 790 praevia),
902 740 941 775 ab
963 740 1023 774 alio
1045 750 1138 785 quam
1163 749 1178 770 a

427 798 570 830 llomano
601 793 754 828 Pontifice
778 804 832 838 pro
856 799 1000 836 tempore
1023 789 1178 823 existente

425 855 452 879 et
477 845 629 879 canonice
658 844 805 880 intrante,
827 840 1038 876 absolutionis
1061 837 1179 873 beneti-

425 896 508 928 cium
534 900 694 941 nequeant
716 891 868 927 obtinere.

474 945 494 991 g
518 946 550 978 le.
578 943 698 978 Notarii
724 953 795 975 vero
823 941 888 974 sive
912 938 1097 974 tabelliones
1121 949 1181 984 pu-

996 238 1047 261 nrt
1060 236 1184 259 [animi

401 998 497 1045 3t›ttci
535 996 704 1044 praedicti,
731 995 784 1042 qui
809 994 847 1028 de
870 991 1113 1028 executionibus
1136 991 1182 1025 ci-

428 1053 580 1086 tationum
605 1059 634 1085 et
658 1049 878 1085 mandatorum
903 1059 938 1082 ac
962 1047 1180 1094 provisionum

428 1105 608 1141 huiusmodi
634 1103 796 1143 faciendis,
817 1112 869 1138 aut
892 1114 957 1149 quo
978 1101 1084 1135 minus
1107 1100 1182 1135 liant

428 1159 684 1203 inhibitionibus,
721 1157 863 1205 requisiti
891 1156 1029 1199 suerint,
1064 1155 1183 1190 instru-

427 1222 530 1249 menta
556 1213 679 1261 publica
702 1212 840 1259 desuper
866 1210 904 1245 ad
929 1209 1108 1244 instantiam
1134 1209 1183 1243 in-

427 1276 545 1302 teresse
570 1267 754 1302 habentium
784 1278 839 1300 seu
865 1265 1016 1299 interesse
1032 1271 1183 1310 praeten-

428 1322 569 1355 dentium
607 1320 788 1364 (satisl'acto
825 1328 926 1353 tamen
967 1318 1006 1352 de
1042 1330 1184 1364 congruo

428 1376 558 1419 salario)
593 1376 749 1409 conticere
785 1373 1023 1411 recusaverint,
1054 1371 1184 1418 periurii

429 1437 547 1463 reatuin
578 1430 749 1466 incurrant,
773 1440 807 1462 ac
835 1428 1059 1462 executionem
1089 1425 1182 1460 ossicii

430 1482 652 1517 tabellionatus
685 1483 852 1522 amittant,
877 1482 1013 1528 stantque
1053 1479 1186 1514 infames

429 1548 466 1570 co
491 1548 573 1584 ipso,
589 1545 619 1570 et
642 1548 752 1571 eornm
779 1535 998 1570 instrumentis
1021 1535 1086 1568 sive
1106 1533 1187 1568 seri-

432 1591 528 1636 pturis
551 1590 687 1638 publicis
710 1589 913 1638 postmodum
939 1601 994 1637 per
1013 1601 1067 1623 eos
1090 1600 1188 1635 super

433 1645 588 1691 rugitibus
607 1653 714 1692 postca
739 1644 828 1680 sactis
847 1652 876 1679 et
896 1642 1114 1687 conficiendis,
1131 1642 1188 1677 do-

433 1711 489 1733 nec
517 1698 556 1734 ab
584 1698 766 1735 liuiusmodi
791 1707 876 1734 reatu
904 1698 1031 1746 periurii
1055 1697 1186 1732 absolu-

433 1753 548 1788 tionem
573 1762 603 1788 ct
625 1752 772 1788 infamiae
795 1752 1022 1788 abstersionem
1038 1751 1189 1787 obtinue-

432 1807 506 1851 rint,
522 1807 605 1842 nulla
630 1806 709 1842 fides
732 1807 762 1841 in
787 1806 904 1842 iudicio
927 1805 974 1841 rel
997 1813 1082 1841 extra
1097 1805 1190 1840 adbi-

433 1860 554 1896 beatur.

483 1914 504 1962 g
536 1917 568 1949 5.
601 1915 650 1957 Et,
674 1923 706 1950 ut
729 1913 908 1949 huiusmodi
942 1913 1126 1949 constitutio
1161 1923 1189 1947 et

434 1978 586 2005 statutum
620 1970 659 2004 ad
687 1969 887 2016 singulorum
917 1969 1060 2003 notitiam
1083 1967 1190 2003 dedn-

435 2031 567 2068 cautur,
590 2024 750 2059 universis
785 2024 926 2058 locorum
951 2022 1131 2065 ordinariis,
1160 2023 1188 2056 in

437 2078 548 2113 virtute
583 2086 708 2113 sanctae
737 2077 948 2121 obedientiae,
977 2076 1191 2123 praecipimus

435 2140 466 2167 et
501 2132 689 2168 mandamus
710 2139 866 2180 quatenus
888 2138 1040 2165 statutum
1065 2138 1094 2164 et
1114 2142 1190 2165 con-

435 2187 631 2222 stitutionem
669 2195 806 2222 nostram
844 2184 1051 2229 buiusmodi,
1081 2197 1135 2232 per
1157 2197 1191 2219 se

437 2242 484 2277 rel
518 2241 613 2277 alium
642 2254 697 2277 seu
720 2241 823 2285 alios,
853 2241 882 2275 in
912 2251 1022 2275 eorum
1047 2238 1190 2274 ecclesiis

439 2296 484 2330 vel
507 2295 685 2332 civitatibus
704 2295 864 2342 publicent
886 2306 941 2328 seu
966 2292 1119 2340 publicari
1144 2292 1190 2326 sa-

438 2351 532 2396 ciant,
547 2363 582 2386 ac
599 2350 837 2386 constitutionis
860 2347 1042 2384 huiusmodi
1065 2347 1190 2394 copiam

439 2405 666 2441 cathedralium
689 2404 895 2440 ecclesiarum
920 2401 1027 2441 vatris,
1051 2401 1090 2435 ita
1104 2401 1190 2447 quod

440 2459 651 2495 verisimiliter
673 2457 710 2493 ad
734 2457 929 2503 singulorum
959 2454 1100 2490 notitiam
1120 2466 1193 2501 per-

439 2514 546 2548 venire
569 2512 682 2557 valeat,
704 2511 787 2558 affigi
811 2511 936 2546 faciant.

488 2568 508 2614 S
543 2569 575 2602 6.
613 2566 756 2610 Necnon,
793 2578 849 2612 pro
877 2573 1019 2612 tempore
1047 2561 1192 2598 existenti

439 2623 556 2658 Curiae
571 2632 738 2658 causarum
756 2620 908 2655 Gamerae
923 2617 1123 2667 Apostolicae
1139 2627 1195 2663 ge-

1984 224 2036 250 An.
2054 222 2084 249 C.
2104 221 2166 248 Ηιθί

1992 283 2172 304 ΕιεπιιιιιιοιιιΔι“«

2002 318 2045 334 ιιι.ιι
2054 315 2104 334 Auit.
2115 313 2169 333 [lam.

1213 233 1374 258 noxuwm

1213 290 1308 324 uerali
1333 286 1468 322 auditori
1487 313 1494 323 ,
1520 292 1572 323 ut,
1601 284 1738 318 instante,
1768 288 1970 329 procuratore

1215 339 1280 373 tisci
1307 337 1403 372 nostri
1428 344 1458 369 et
1477 345 1701 369 successorum
1717 339 1895 367 nostrorum
1912 330 1973 365 Ro·
1987 321 1998 341 Ρ

1216 399 1382 422 manorum
1420 385 1632 422 Pontificum,
1661 390 1767 417 contra
1804 392 1916 415 omncs
1943 388 1971 413 et

1215 437 1369 483 singulos.
1387 435 1480 469 ctiam
1496 432 1771 480 qualitercumque
1787 430 1974 478 praerogati-

1218 494 1316 529 vatos,
1328 497 1409 533 quos
1430 483 1608 530 praedictas
1624 481 1797 516 sententias
1812 488 1841 514 et
1856 491 1973 526 poenas

1217 536 1276 570 sibi
1302 535 1474 569 incurrisse
1496 531 1685 571 constiterit,
1708 530 1828 564 eisdem
1852 538 1974 564 senteu-

1219 586 1269 619 tiis
1295 593 1323 619 et
1360 583 1472 631 poenis
1500 581 1684 627 illaqueatos
1708 579 1825 614 tamdiu
1851 578 1974 625 publice

1220 634 1347 669 nunciet
1369 641 1400 667 et
1422 632 1511 667 faciat
1541 631 1580 665 ab
1602 630 1670 664 aliis
1693 629 1856 671 nunciari,
1883 639 1919 662 ae
1941 636 1975 660 ut

1219 682 1513 719 excommunicatos
1535 680 1574 714 ab
1596 679 1746 714 omnibus
1769 679 1886 712 arctius
1907 678 1977 711 evi-

1220 734 1302 774 tari·‚
1330 742 1356 767 et
1395 730 1623 772 nibilominus,
1652 728 1798 774 legitimis
1822 740 1876 774 per
1902 738 1974 761 eum

1221 784 1358 829 desuper
1395 781 1549 816 babendis
1589 779 1719 812 servatis
1755 776 1977 823 processibus,

1221 832 1395 868 sententias
1417 841 1445 867 et
1470 841 1587 878 poenas
1617 827 1771 875 praelatas
1794 826 1913 861 iteratis
1929 826 1978 858 vi-

1221 887 1313 922 cibus
1352 896 1522 933 aggravare
1539 911 1547 924 ,
1585 881 1770 917 auctoritate
1806 878 1977 927 apostolica

1224 949 1388 988 procuret,
1414 939 1516 973 donec
1545 938 1602 984 ipsi
1628 937 1674 971 sic
1701 933 1979 974 excommunicati,

1222 993 1430 1029 absolutionis
1443 992 1645 1030 beneficium,
1661 989 1872 1025 satisfactione
1889 1000 1980 1036 prae-

1225 1049 1288 1094 via,
1312 1048 1485 1083 meruerint
1509 1046 1663 1081 obtinere.

1272 1107 1287 1146 ἕ
1311 1106 1341 1136 7.
1366 1102 1523 1137 Volumus
1545 1108 1649 1135 autem
1674 1097 1932 1134 constitutionem
1950 1105 1978 1131 et

1224 1166 1374 1191 statutum
1404 1154 1585 1191 huiusmodi
1616 1154 1645 1188 in
1675 1151 1867 1188 Cancellaria
1891 1151 1980 1199 Apo-

1224 1211 1332 1246 stolica
1363 1210 1571 1257 publicari‚et
1595 1208 1624 1242 in
1649 1207 1818 1253 quintorno
1846 1206 1982 1241 Cancel-

1226 1265 1319 1300 lariae
1354 1264 1535 1312 praedictae
1564 1263 1644 1297 inter
1666 1262 1741 1295 alias
1765 1260 1839 1295 inibi
1863 1260 1983 1294 deseri-

1227 1329 1295 1367 ptas
1317 1320 1559 1354 constitutiones
1595 1316 1736 1351 adnotari
1773 1324 1803 1349 et
1831 1314 1980 1349 describi:

1226 1386 1262 1408 ac
1290 1382 1359 1420 post
1382 1373 1462 1407 duos
1490 1384 1614 1406 menses
1639 1382 1652 1403 a
1682 1369 1732 1403 die
1761 1367 1984 1416 publicationis

1229 1427 1408 1461 huiusmodi
1423 1424 1667 1472 computandos,
1690 1434 1803 1457 omues
1826 1422 1983 1462 absentes3

1229 1490 1409 1528 praesentes
1427 1493 1500 1514 vero
1517 1479 1546 1513 in
1562 1478 1671 1513 eadem
1689 1476 1795 1519 Curia,
1813 1483 1883 1523 post
1899 1475 1983 1510 diem

1230 1535 1453 1583 publicationis
1476 1532 1658 1568 buiusmodi
1683 1539 1800 1565 arctare
1816 1558 1825 1576 ,
1853 1542 1888 1565 ac
1916 1543 1986 1565 om-

1230 1589 1322 1623 nibus
1339 1587 1518 1635 petentibus
1541 1587 1605 1622 dari
1630 1593 1659 1620 ct
1678 1584 1810 1619 concedi
1826 1597 1864 1620 eo
1879 1584 1985 1628 modo,

1229 1657 1293 1692 quo
1315 1644 1392 1678 aliae
1416 1642 1661 1678 constitutiones
1683 1639 1722 1674 de
1741 1638 1834 1674 Curia
1853 1641 1984 1674 concedi

1230 1708 1475 1733 consueverunt.

1279 1753 1300 1800 g
1327 1754 1359 1786 8.
1382 1752 1451 1787 Non
1481 1751 1679 1787 obstantibus
1706 1749 1986 1786 constitutionibus

1231 1815 1262 1842 et
1289 1806 1544 1841 ordinationibus
1567 1805 1750 1853 apostolicis
1771 1813 1824 1839 etc.

1279 1860 1365 1895 Nulli
1389 1873 1465 1907 ergo
1486 1869 1539 1896 etc.

1280 1915 1396 1951 Datum
1421 1915 1542 1950 Romae
1564 1914 1647 1962 apud
1665 1914 1819 1949 Sanctum
1843 1912 1988 1955 Petrum,

1231 1981 1314 2003 anno
1349 1968 1577 2003 lucarnationis
1612 1968 1791 2003 dominicae
1818 1965 1988 2001 millesimo

1232 2023 1545 2070 quadringentesimo
1569 2023 1776 2069 nonagesimo
1800 2022 1913 2069 prim0,
1931 2033 1989 2056 oe-

1233 2086 1302 2112 tavo
1321 2077 1470 2112 kalendas
1490 2077 1649 2118 februarii,
1667 2076 1872 2124 pontificatus
1890 2076 1986 2110 nostri

1232 2143 1316 2166 anno
1339 2143 1398 2166 viii
1420 2136 1475 2177 (t).

1282 2187 1399 2229 Placet,
1423 2186 1602 2233 publicetur
1624 2194 1655 2221 et
1676 2185 1872 2220 describatur
1899 2183 1922 2218 1.

1416 2245 1430 2284 (’
1438 2242 1628 2286 Subscriptio
1657 2242 1793 2286 Papae).

1283 2296 1377 2331 Lecta
1401 2304 1429 2331 et
1456 2295 1614 2343 publicata
1638 2293 1694 2327 snit
1716 2293 1836 2328 Romae
1855 2292 1884 2326 in
1902 2291 1988 2326 Can-
2025 2299 2142 2335 enhaemo
2164 2299 2185 2320 ιιι

1234 2350 1355 2385 cellaria
1384 2350 1579 2397 Apostolica‚
1608 2360 1690 2383 anno
1713 2347 1879 2381 millesimo
1907 2358 1989 2393 qua-
2002 2331 2140 2353 ⁰⁸⁰⁰⁰¹¹³‘'²'

1234 2404 1485 2450 dringeutesimo
1501 2403 1707 2449 nonagesimo
1723 2401 1837 2449 primo,
1850 2400 1901 2435 die
1917 2412 1989 2435 vero

1236 2459 1342 2493 ultima
1368 2458 1485 2493 mensis
1509 2456 1652 2501 ianuarii,
1675 2455 1878 2503 pontificatus
1892 2453 1990 2488 Inno-

1235 2513 1328 2547 centii
1356 2512 1461 2560 Papae
1484 2510 1555 2546 Vlll
1579 2523 1663 2546 anuo
1692 2522 1762 2544 vin.

1266 2570 1326 2600 Dat.
1343 2570 1391 2600 die
1406 2570 1444 2599 ⁶25
1460 2567 1586 2599 ianuarii
1610 2567 1692 2602 ttat,
1711 2571 1788 2605 pout.
1814 2574 1890 2594 auno
1907 2573 1954 2593 ιίι,

2016 1106 2084 1128 lussio
2109 1106 2181 1133 publi-

1995 1138 2056 1158 candi
2073 1137 2126 1157 hanc
2137 1136 2180 1157 but-

1996 1169 2042 1189 lani.

2035 1751 2147 1772 Clausulae

2015 1783 2170 1808 nerag-toriae.

1271 2628 1310 2663 (l)
1325 2627 1475 2663 Legeudum
1497 2635 1568 2654 αιιιιο
1585 2627 1692 2657 septimo
1710 2624 1748 2658 (n.
1770 2623 1819 2659 T.).
