2281 3251
143 219 192 245 An.
211 218 239 244 C.
261 217 325 246 ¹506

987 218 1092 240 tt'ttttts

338 285 430 321 synas
456 272 647 317 huiusmodi,
664 271 807 307 utensilia
823 284 948 320 quoqne
970 284 1005 307 ac
1019 272 1083 307 ob—

338 324 469 358 lationes
497 323 968 370 quascumque,cuiuscumque
991 323 1080 357 etiam

337 373 453 419 speciei
481 373 650 407 existerent
677 384 731 406 seu
767 373 899 407 existere
935 380 1081 420 possent,

336 434 467 468 quarum
491 430 594 456 tamen
618 422 804 466 dominium,
826 423 874 456 ius
895 432 925 457 et
947 423 1081 469 proprie-

337 480 442 516 tatem,
466 471 546 506 idem
570 471 749 506 Alexander
772 472 1005 518 praedeeessor,
1027 484 1081 518 pe-

337 534 391 555 nes
413 533 445 555 se
467 533 502 555 ac
529 521 702 556 Ecclesiam
727 521 900 555 Romanam
930 531 1003 556 tunc
1026 534 1081 568 pe-

336 572 418 605 nitus
441 570 579 610 retinuit,
603 571 686 604 nudo
705 570 863 605 dumtaxat
883 571 1003 605 illarum
1022 584 1078 605 usu

337 620 481 655 fratribus
506 620 645 655 Minimis
672 620 853 655 huiusmodi
884 621 1003 660 relieto,
1027 634 1080 666 per

335 683 407 704 suos
433 682 470 704 36
498 671 651 717 praefatae
673 670 765 704 Sedis
787 679 816 704 et
844 670 983 705 eiusdem
1012 670 1079 704 Or—

334 720 417 754 dinis
444 720 646 754 Minimorum
681 728 900 767 procuratores
929 720 985 764 (ad
1021 720 1080 754 boc

335 769 460 816 provida
484 782 557 804 cura
582 778 773 817 paternaque
792 770 1004 804 benevolentia
1021 769 1079 804 de-

334 819 511 865 putandos),
534 832 591 854 suo
613 828 644 853 et
670 819 772 854 dictae
794 820 956 854 Romanae
970 819 1079 854 Eccle-

333 869 396 903 siae
419 869 556 913 nomine,
575 869 612 904 ad
627 882 659 903 se
676 869 828 916 recipere.
852 869 982 917 Ipsique
1002 882 1078 916 pro-

333 927 493 954 curatores
520 919 734 967 eleemosynas
766 919 949 953 huiusmodi
973 919 1077 953 fratri-

332 969 392 1003 bus
419 969 495 1016 ipsis
523 969 672 1009 Minimis,
701 981 757 1016 per
784 981 816 1004 se
840 969 884 1003 vel
909 981 962 1016 per
989 969 1077 1009 alios,

332 1019 413 1052 iuxta
439 1020 522 1066 piam
545 1019 744 1065 largientium
761 1018 959 1053 devotionem
985 1028 1014 1052 et
1029 1018 1077 1052 in-

332 1068 504 1103 tentionem
525 1080 677 1115 suamque
699 1068 954 1103 constitutionem
970 1068 1078 1102 liuius-

331 1118 414 1152 modi
431 1145 440 1163 ,
474 1118 605 1152 fideliter
632 1117 820 1152 distribuere
847 1130 900 1152 seu
930 1117 1076 1152 distribui

332 1167 430 1202 facere
453 1167 613 1202 deberent.
636 1167 787 1201 Laudavit
803 1167 893 1202 etiam
917 1175 946 1201 et
968 1180 1077 1214 appro-

332 1217 414 1251 bavit
434 1217 538 1264 quod,
563 1217 613 1251 nbi
639 1225 807 1264 perpetuae
834 1216 880 1251 vel
911 1224 1077 1264 tempora-

331 1267 375 1301 les
401 1266 617 1314 eleemosynae
633 1266 815 1301 huiusmodi
837 1266 983 1301 fratribus
1000 1267 1077 1314 ipsis

330 1316 470 1352 Minimis
492 1316 683 1362 legarentur,
708 1324 781 1350 tnnc
809 1317 951 1357 civitatis,
976 1316 1077 1361 villae,

330 1367 434 1409 castri,
457 1366 564 1413 oppidi
587 1379 641 1401 seu
669 1367 740 1411 vici,
770 1366 820 1400 ubi
845 1366 955 1401 fratres
981 1366 1078 1401 Ordi-

331 1417 381 1451 nis
402 1416 605 1451 Minimornm
620 1416 797 1451 huiusmodi
815 1416 880 1451 loca
898 1416 1010 1463 passini
1028 1417 1079 1451 ba-

332 1466 403 1501 bere
422 1466 632 1511 contingeret,
653 1475 805 1509 rectores,
825 1467 962 1509 scabini,
985 1479 1076 1513 prae-

331 1516 425 1560 sides,
448 1516 610 1559 consules,
633 1516 741 1555 electi,
765 1516 854 1550 iurati
882 1525 934 1551 aut
956 1516 1075 1550 domini

331 1567 369 1600 de
403 1566 534 1601 consilio
564 1566 610 1600 vel
639 1566 688 1600 alii
712 1565 859 1600 officiales
886 1566 997 1612 quovis
1019 1579 1078 1601 no-

331 1616 416 1650 mine
439 1615 624 1662 nuncupati,
640 1616 669 1649 in
689 1615 799 1662 primis
823 1628 919 1650 unum
941 1616 985 1650 vel
1005 1616 1077 1663 plu-

332 1678 380 1700 res
409 1665 626 1700 recollectores
661 1665 931 1713 eleemosynarnm]
961 1666 1077 1700 liuius—

331 1715 427 1755 modi,
450 1727 529 1762 quas
553 1714 700 1749 fratribus
723 1716 797 1762 ipsis
821 1715 973 1759 Minimis,
994 1716 1076 1749 iuxta

331 1765 412 1811 piam
446 1765 643 1811 largientium
669 1765 898 1805 intentionem,
926 1765 1078 1800 baberent

329 1814 472 1849 distribui
503 1826 558 1861 per
580 1815 790 1849 ministerium
808 1815 982 1849 oblatorum
1004 1815 1076 1850 dieti

328 1864 459 1899 Ordinis
485 1864 689 1899 Minimorum
718 1865 764 1899 vel
787 1865 958 1899 amicorum
983 1866 1078 1912 spiri-

330 1914 471 1959 tualium,
493 1927 549 1961 per
576 1915 685 1949 fratres
712 1914 843 1949 Ordinis
871 1915 1077 1949 Minimorum

329 1964 509 1998 huiusmodi
553 1977 608 2011 pro
650 1973 792 2011 tempore
830 1965 1079 2000 conventualiter

329 2014 514 2054 electorum,
536 2015 588 2061 qui
609 2014 703 2057 (dum
732 2027 811 2061 opus
839 2015 939 2059 foret)
962 2015 1076 2062 deponi

329 2076 359 2102 et
375 2068 514 2103 innovari
539 2076 679 2115 possent,
698 2068 860 2116 deputare.
884 2069 929 2103 Ac
945 2069 984 2103 de
1001 2069 1078 2104 locis

329 2131 358 2157 et
383 2122 551 2167 domibus,
573 2135 653 2169 quae
668 2122 781 2157 Ordini
798 2122 1000 2157 Minimorum
1017 2123 1079 2157 hu-

330 2177 484 2218 iusmodi,
511 2189 548 2212 36
582 2177 663 2211 illius
692 2177 834 2223 personis
861 2185 891 2211 et
920 2177 1077 2222 fratribus,

330 2243 385 2279 per
398 2243 617 2279 quoscumque
632 2230 850 2266 christifideles
864 2231 993 2266 ubilibet
1008 2243 1078 2266 con-

330 2285 536 2326 cederentur,
565 2298 621 2333 pro
644 2285 790 2320 fratribus
812 2285 953 2320 Minimis
980 2298 1077 2320 unum

330 2341 572 2375 instrumentum
597 2339 759 2386 publicum
784 2340 830 2374 vel
855 2340 942 2386 plura
965 2340 1078 2375 conliei

331 2394 444 2435 facere,
466 2406 501 2428 ae
523 2393 795 2441 eleemosynarum
811 2393 993 2428 huiusmodi
1010 2407 1080 2441 spe-

330 2448 440 2484 cialem
457 2460 564 2483 curam
582 2456 612 2482 et
633 2448 869 2483 solicitudinem
890 2448 1005 2483 babere
1024 2449 1080 2484 de-

331 2502 449 2538 berent.
467 2502 624 2550 Quodque
638 2502 746 2537 fratres
765 2503 822 2549 ipsi
839 2502 972 2548 Minimi,
986 2515 1080 2550 super

332 2556 538 2605 eleemosynis
571 2557 767 2601 huiusmodi,
801 2557 980 2591 nullatenus
1006 2570 1078 2593 cuin

332 2610 448 2658 aliquo,
472 2612 501 2645 in
520 2611 635 2646 iudicio
661 2611 705 2646 vel
729 2620 813 2646 extra
833 2611 922 2655 illud,
946 2620 1081 2647 conten-

411 2669 485 2699 Ball.
511 2669 585 2699 llam.
614 2669 667 2700 l'ol.
696 2670 722 2698 l'.

885 2670 920 2699 [tl

1754 208 1824 241 4222·

1125 273 1224 317 dere,
1252 271 1306 307 sed
1334 272 1439 319 potius
1456 300 1463 313 ,
1495 280 1527 306 ut
1555 272 1616 306 veri
1654 272 1740 319 pacis
1767 273 1821 308 filii
1844 282 1874 309 et

1123 331 1290 362 amatores,
1318 322 1510 361 rectoribus,
1534 322 1742 369 praesidibus,
1769 323 1872 358 scabi-

1126 374 1184 416 nis,
1207 372 1314 407 iuratis
1328 380 1359 407 et
1380 372 1567 407 consulibus
1590 373 1767 419 ceterisque
1798 372 1873 408 offi-

1123 423 1255 457 cialibus
1277 422 1459 470 praelibatis
1488 421 1611 456 illarum
1639 434 1747 457 curam
1776 422 1872 458 relin-

1122 485 1217 519 quere
1233 485 1280 516 ac,
1302 473 1371 507 sine
1392 472 1493 518 aliqua
1513 471 1728 514 contentione,
1752 471 1782 507 in
1802 472 1871 507 Do—

1123 523 1207 557 mino
1223 522 1288 569 (qui
1308 534 1369 557 non
1392 521 1579 568 derelinquit
1601 530 1764 568 sperantes
1779 521 1808 556 in
1826 527 1870 567 se)

1123 571 1309 606 fiducialiter
1337 583 1500 618 reponere,
1523 583 1558 605 ac
1585 571 1722 606 ostiatim
1751 572 1870 606 mendi—

1121 634 1191 656 care
1213 621 1376 656 baberent.
1405 620 1538 655 Possent
1561 628 1662 655 tamen
1682 620 1791 656 fratres
1811 622 1869 668 ipsi

1123 671 1275 717 praefatos
1288 670 1432 705 dominos
1442 670 1480 705 de
1491 670 1622 705 consilio
1632 679 1661 704 et
1678 671 1806 718 policiae
1815 683 1870 717 gu-

1122 721 1302 755 bernatores
1329 728 1512 766 ceterosque
1532 719 1708 765 officiarios,
1729 720 1766 755 ad
1788 721 1870 756 elee-

1122 782 1266 818 mosynas
1286 770 1467 804 huiusmodi
1489 769 1683 816 colligendas
1705 770 1870 818 deputatos

1120 832 1176 854 seu
1191 819 1398 867 deputandos,
1418 820 1553 865 benigne
1572 832 1701 855 monere
1717 830 1748 856 ut
1763 821 1808 855 eis
1824 821 1869 855 le-

1120 879 1205 915 gatas
1226 870 1444 917 eleemosynas
1460 869 1654 911 huiusmodi,
1672 883 1727 917 pro
1741 871 1869 906 anima-

1121 933 1188 954 rum
1216 932 1344 954 suarum
1368 928 1601 960 exoneratione,
1627 932 1868 968 animarumque

1119 970 1274 1004 dictorum
1292 969 1462 1016 legantium
1482 969 1593 1013 salute,
1614 969 1696 1004 iuxta
1713 970 1795 1017 piam
1819 971 1867 1005 le-

1118 1019 1258 1065 gantium
1272 1019 1452 1054 huiusmodi
1463 1018 1720 1054 deliberationem
1731 1029 1760 1054 et
1771 1020 1866 1054 inten-

1120 1069 1248 1109 tionem,
1275 1069 1333 1103 sibi
1363 1068 1494 1103 fideliter
1510 1068 1738 1114 impenderent.
1755 1069 1865 1111 Quod-

1119 1131 1180 1165 que
1195 1118 1413 1166 eleemosynae
1435 1117 1614 1152 huiusmodi
1634 1118 1750 1165 scripto
1768 1119 1864 1165 redigi

1119 1177 1147 1202 et
1162 1168 1309 1203 fratribus
1333 1168 1409 1215 ipsis
1421 1167 1561 1202 Minimis
1583 1168 1796 1214 capitulariter
1813 1168 1869 1203 de-

1119 1218 1239 1259 clarari,
1264 1230 1299 1253 ac
1321 1218 1437 1264 scripto
1461 1218 1561 1252 taliter
1584 1218 1726 1252 redactae
1746 1231 1802 1253 seu
1819 1230 1871 1253 re—

1118 1267 1273 1314 digendae
1301 1268 1380 1302 infra
1406 1267 1575 1302 cuiuslibet
1603 1275 1777 1302 conventus
1804 1267 1870 1302 Or-

1119 1318 1201 1352 dinis
1228 1317 1430 1352 Minimorum
1467 1317 1648 1352 huiusmodi
1697 1318 1870 1364 quamlibet

1120 1368 1358 1402 conventualem
1368 1380 1470 1402 arcam
1483 1376 1619 1414 quatuor
1633 1367 1773 1402 clavibus
1789 1367 1870 1402 clau-

1119 1417 1253 1453 dendam
1279 1418 1399 1465 reponi,
1422 1430 1457 1452 ac
1485 1430 1540 1464 per
1567 1416 1697 1451 Ordinis
1719 1418 1870 1452 Minimo—

1121 1482 1186 1503 rum
1211 1467 1392 1502 huiusmodi
1412 1467 1587 1502 oblatorum
1624 1467 1670 1502 vel
1693 1468 1867 1503 amicorum

1121 1518 1332 1566 spiritualium
1362 1517 1584 1557 ministerium,
1609 1516 1638 1550 in
1662 1516 1794 1553 Ordinis
1809 1519 1870 1552 bu-

1121 1568 1474 1604 iusmodiecclesiarum
1498 1575 1527 1601 et
1548 1567 1676 1601 fratrum
1699 1580 1775 1602 usus
1791 1580 1870 1603 con-

1121 1619 1205 1654 verti.
1234 1618 1273 1652 Et
1297 1626 1462 1665 postquam
1493 1616 1640 1652 fratribus
1668 1618 1742 1664 ipsis
1769 1617 1870 1652 Mini-

1121 1670 1177 1703 mis
1199 1668 1237 1703 de
1260 1667 1318 1702 sibi
1344 1668 1502 1714 requisitis
1526 1667 1720 1702 vestimentis
1738 1680 1773 1702 36
1790 1668 1870 1702 vitae

1121 1718 1304 1753 necessariis
1337 1719 1512 1764 ceterisque
1550 1717 1751 1764 praeinsertis
1776 1717 1871 1752 ratio-

1120 1768 1262 1803 nabiliter
1291 1768 1448 1814 provisum
1469 1768 1565 1812 l’oret,
1587 1767 1611 1801 si
1629 1767 1733 1802 adbuc
1749 1779 1784 1802 ex
1803 1779 1869 1814 per·

1122 1819 1222 1865 petuis
1250 1819 1295 1853 vel
1324 1818 1551 1864 temporalibus
1574 1817 1782 1866 eleemosynis
1805 1817 1867 1851 hu-

1121 1868 1256 1903 iusmodi
1279 1867 1382 1915 aliqua
1406 1875 1629 1915 superessent,
1658 1867 1706 1902 illa
1736 1867 1870 1902 ebarita-

1120 1919 1179 1954 tive
1202 1931 1256 1966 per
1275 1927 1423 1963 rectores,
1447 1917 1606 1961 scabinos,
1634 1917 1871 1959 consuleS,ele-

1120 1978 1186 2003 ctos
1225 1976 1409 2014 ceterosque
1438 1967 1603 2002 officiarios
1628 1967 1803 2014 praefatos,
1832 1967 1870 2002 de

1121 2018 1244 2065 capituli
1278 2018 1385 2053 localis
1414 2017 1542 2052 scientia
1572 2026 1601 2052 et
1631 2029 1815 2062 consensu,
1839 2018 1868 2051 in

1121 2073 1186 2120 pias
1209 2085 1318 2107 causas
1341 2073 1461 2118 erogari
1479 2071 1641 2106 deberent.
1661 2070 1698 2105 Et
1722 2071 1798 2118 ipsis
1816 2071 1872 2105 sra-

1121 2127 1218 2161 tribus
1252 2126 1390 2160 Minimis
1427 2139 1461 2160 ae
1489 2138 1597 2160 eorum
1633 2125 1777 2160 ecclesiis
1795 2154 1802 2167 ,
1838 2134 1867 2160 ut

1122 2181 1314 2228 praefertur,
1337 2188 1553 2228 competenter
1580 2180 1705 2227 proviso
1719 2208 1727 2221 ,
1749 2192 1870 2228 perpe-

1121 2245 1189 2271 tuas
1219 2244 1272 2270 ant
1300 2236 1488 2283 temporales
1515 2235 1728 2283 eleemosynas
1760 2235 1871 2269 liuius—

1122 2290 1203 2325 modi
1229 2290 1385 2325 ullatenus
1409 2301 1588 2337 procurare,
1604 2290 1649 2324 vel
1672 2289 1696 2323 ia
1714 2305 1728 2322 n
1757 2301 1871 2336 procu—

1122 2353 1201 2380 ratas
1223 2357 1337 2391 augere
1373 2345 1416 2379 eis
1435 2344 1564 2378 minime
1579 2344 1697 2379 liceret.
1718 2345 1750 2378 Si
1767 2355 1868 2379 tamen

1122 2399 1191 2434 illae
1218 2399 1364 2434 fratribus
1387 2399 1461 2446 ipsis
1488 2398 1628 2433 Minimis
1662 2398 1744 2433 ultro
1767 2398 1870 2444 largi-

1123 2462 1241 2495 rentur,
1264 2454 1384 2488 illarum
1414 2465 1538 2494 census,
1559 2464 1615 2500 per
1638 2462 1872 2501 rectores,>ca-

1123 2508 1223 2550 binos,
1247 2508 1362 2543 iuratos
1384 2515 1414 2542 et
1441 2507 1556 2543 electos
1591 2515 1775 2553 ceterosque
1803 2506 1871 2540 „ffi-

1122 2563 1232 2598 ciarios
1256 2562 1421 2609 praefatOS,
1445 2562 1476 2597 in
1505 2563 1571 2609 pias
1594 2574 1705 2596 causas
1728 2561 1872 2596 similiter

1123 2617 1265 2651 distribui
1295 2616 1496 2651 deberentur.
1525 2616 1653 2662 Ipsique
1680 2616 1787 2650 fratres
1816 2616 1873 2650 Or-

1120 220 1140 240 ll
1173 219 1217 240 ΙἸ’.

1890 219 1937 244 An.
1957 219 1984 246 C.
2006 220 2070 246 ¹305
