2281 3251
255 254 302 280 An.
320 254 348 280 C.
371 255 435 281 isos»

264 2106 357 2125 tarnim<
369 2112 415 2132 pru

257 2141 336 2155 aii-rum
348 2136 411 2186 Ordip
401 2137 433 2155 nis

502 242 569 275 436

450 308 566 356 quibus
589 308 669 354 riget
696 306 845 341 Studium
868 306 1026 352 generale,
1041 318 1077 340 ae
1103 306 1195 340 etiam

450 358 606 404 quilibet
601 370 630 392 ιιι
655 356 824 391 facultate
819 368 882 402 ipsa
899 356 1063 398 doeturuS,
1081 363 1112 389 ut
1131 368 1196 390 ma-

449 408 546 454 gister
571 406 782 442 solemmter
776 406 913 452 incipit-e
936 405 1109 439 consum-‚ii

499 462 513 499 3·
541 459 573 491 5.
601 456 638 491 Et
661 456 734 502 quia
761 456 902 489 eiusdem
931 453 1062 487 Ordinis
1088 454 1198 488 fratros

364 518 372 530 ι
398 517 422 553 5⁰
451 507 488 540 de
517 506 592 540 locis
628 505 664 540 ad
698 505 763 540 loca
799 505 899 552 ipsius
920 504 1051 538 Ordinis
1073 503 1198 549 saepius

252 578 255 590 ι
295 551 298 561 “
337 550 435 593 winili:
451 556 715 594 transmutamur,
740 563 868 602 propter
889 553 973 601 quod
1001 553 1145 588 stabilem
1169 562 1197 587 et

451 614 631 652 perpetuam
656 605 684 639 in
709 605 801 639 certis
823 613 851 638 et
874 603 1091 637 determinatis
1113 603 1198 638 cius-

449 656 518 689 dem
551 654 681 689 Ordinis
710 654 857 689 domibus
881 666 942 688 non
966 653 1084 687 faciunt
1107 665 1196 687 man-

449 707 588 745 sioni-uu
610 705 682 751 quia
716 705 808 739 etiam
842 704 941 738 bonos
962 711 992 737 et
1015 703 1145 737 idoneos
1168 713 1197 736 et

449 754 638 801 approbatos
659 766 675 789 a
699 754 788 789 vobis
815 754 924 788 fraires
949 752 1051 787 facitis
1077 752 1115 786 ad
1139 765 1197 787 or—

448 805 538 839 dines
562 804 757 851 promoveri,
784 804 872 838 liceat
896 802 983 837 vobis
1005 802 1197 837 ordinandos

448 854 558 889 fratres
596 854 739 889 eiusdem
776 853 907 888 Ordinis
941 853 1196 899 quibuscumque

447 903 619 939 malueritis
653 903 815 938 catholicis
849 902 1073 950 pontificibus,
1107 914 1195 936 com-

447 955 629 989 munionem
661 961 692 989 et
714 953 845 999 gratiam
875 952 968 988 Sedis
995 952 1196 999 Apostolicae

447 1003 649 1048 habentibus,
677 1010 896 1050 praesentium
924 1002 1064 1050 ipsisque
1092 1002 1197 1049 ponti-

448 1054 559 1089 ficibus
582 1061 796 1102 praesentatos
819 1053 941 1097 fratres,
963 1053 1033 1087 sine
1056 1051 1196 1099 qualibet

447 1105 679 1139 examinatione
707 1115 762 1150 per
792 1103 919 1137 eosdem
955 1102 1122 1158 pontifices
1150 1101 1197 1136 fa-

446 1154 557 1189 cienda
591 1162 621 1188 et
647 1153 765 1200 absque
792 1153 877 1187 omni
911 1153 1121 1199 promissione
1150 1151 1195 1186 iel

446 1204 640 1251 obligatione
672 1204 813 1250 ipsorum
849 1202 1098 1237 ordinandorum
1133 1200 1197 1235 fra—

447 1263 543 1297 trum,
565 1253 601 1288 ad
625 1253 754 1288 ordines
783 1264 980 1299 promovere.

495 1307 510 1347 §
537 1304 569 1337 [3.
595 1303 627 1337 ln
659 1303 737 1338 locis
765 1314 905 1349 quoqne,
932 1302 961 1335 in
996 1301 1112 1349 quibus
1138 1301 1195 1336 de-

390 1365 394 1377 ¹
416 1369 430 1397 V·
446 1353 529 1399 gitis,
553 1353 642 1388 liceat
666 1352 754 1387 vobis
778 1352 890 1387 habere
912 1353 1069 1407 oratworia,
1075 1352 1104 1386 in
1119 1352 1195 1399 qui—

321 1426 326 1438 ι
359 1428 367 1436 «
352 1396 431 1478 ΗΝῙῘῙᾏ
448 1404 506 1438 bus
521 1415 592 1438 cum
611 1403 697 1436 altari
718 1403 851 1449 portatili
877 1401 1002 1448 possitis
1029 1401 1195 1436 missarum

1031 251 1216 273 irritantis„
1244 252 1403 273 mnuwssu

1241 307 1472 353 promulgatas:
1495 315 1523 341 et
1548 306 1730 341 huiusmodi
1754 305 1917 341 sententiis
1939 305 1990 339 in—

1241 357 1355 390 nodati.
1370 366 1419 389 aut
1436 357 1643 402 suppositis(l
1654 361 1662 400 )
1673 356 1885 391 ecclesiastico
1899 356 1990 389 inti-i·

1239 405 1323 439 ‹licio
1346 406 1447 439 divina
1468 406 1567 440 oflicia
1588 407 1794 447 celebrantes,
1817 406 1862 441 vel
1887 405 1990 440 susci-

1241 455 1363 501 pientes
1391 455 1530 490 Ordines
1557 457 1601 491 sic
1630 456 1713 503 ligati
1738 465 1842 491 notam
1867 455 1990 501 irregu-

1241 504 1370 539 laritatis
1393 505 1570 550 incurrunt,
1593 505 1802 542 absolutionis
1817 504 1991 553 etdispen-

1239 555 1369 589 sationis
1396 554 1585 590 beneficium
1609 556 1731 590 valeant
1751 555 1916 603 impartiri,
1931 555 1988 590 nisi

1239 603 1318 639 adeo
1345 605 1448 651 gravis
1469 613 1499 639 et
1521 606 1659 640 enormis
1687 617 1836 640 excessus
1870 604 1962 639 fuerit
1982 633 1990 647 ,

1239 654 1323 701 qnod
1347 655 1410 689 sint
1437 654 1475 688 ad
1499 654 1642 689 eamdem
1671 654 1785 690 Sedem
1809 655 1991 690 meritodv-

1239 704 1391 739 stinandi.
1415 704 1543 739 Fratres
1570 706 1663 739 etiam
1691 705 1785 739 vestri
1802 732 1811 749 ,
1834 717 1914 751 quos
1937 718 1992 751 pro

1240 762 1381 801 tempore
1404 767 1471 798 vos,
1493 755 1661 801 generalis,
1683 754 1793 800 vigiles
1815 763 1845 789 et
1865 756 1992 802 provin-

1239 804 1334 839 ciales
1350 814 1554 849 correctores,
1574 816 1696 839 necnon
1717 812 1746 839 et
1769 805 1853 838 vices
1872 812 1991 839 vestras

1238 862 1395 901 gerentes,
1425 855 1454 888 in
1480 855 1624 902 proprios
1659 854 1832 889 habueritis
1866 853 1993 889 confes-

1238 917 1337 945 sores-2,
1354 904 1562 939 absolutionis
1581 913 1610 939 et
1629 902 1874 950 dispensationis
1893 903 1992 939 bene-

1239 954 1346 989 ficium
1371 954 1471 999 vobis,
1495 967 1566 989 cum
1590 954 1778 1001 expedierit,
1794 953 1916 989 valeant
1939 954 1992 988 im-

1240 1005 1359 1051 partiri,
1385 1005 1469 1039 iuxta
1498 1004 1628 1039 formam
1654 1004 1874 1039 concessionis
1895 1016 1992 1051 super

1238 1054 1436 1089 absolutione
1451 1066 1486 1089 ac
1510 1054 1746 1102 dispensatione
1762 1054 1889 1088 fratrum
1906 1054 1992 1088 cius-

1238 1104 1309 1139 dem
1338 1104 1470 1139 Ordinis
1497 1105 1645 1152 superius
1680 1103 1767 1138 vobis
1795 1104 1918 1139 factam.
1942 1103 1990 1138 Ad

1239 1154 1327 1194 baec,
1350 1154 1528 1189 volentibus
1552 1163 1654 1189 vestro
1675 1154 1835 1200 aggregari
1858 1165 1991 1188 consor-

1239 1205 1294 1245 tio,
1329 1205 1382 1251 qui
1418 1204 1638 1251 suspensionis
1671 1213 1725 1239 aut
1753 1203 1910 1238 interdicti
1944 1203 1988 1237 vel

1238 1254 1573 1290 CXCOtllmuntctllloniS
1599 1253 1765 1289 Sententiis
1784 1266 1800 1288 a
1823 1254 1890 1288 iure
1913 1253 1958 1287 vel
1975 1265 1989 1287 ss

1239 1304 1342 1339 iudice
1371 1304 1611 1351 promulgatis
1596 1303 1785 1345 generaliter
1804 1311 1879 1338 suut
1893 1303 1990 1349 ligati,

1238 1354 1443 1390 absolutionis
1479 1354 1668 1389 beneficium
1697 1353 1869 1397 (observata
1892 1352 1989 1387 forma

1239 1405 1401 1447 canonici)
1430 1404 1594 1451 impartiri3
1623 1405 1772 1451 ipsosque
1810 1403 1839 1437 in
1882 1402 1991 1436 fratres

427 1453 599 1488 ·solemnia
634 1460 663 1487 et
692 1452 751 1487 alia
773 1451 875 1486 dixina
898 1450 999 1486 officia
1026 1451 1196 1494 celebrare,
1240 1456 1460 1501 wopai-97:10
1499 1466 1553 1488 eos
1587 1454 1660 1501 qui7
1697 1461 1766 1500 post
1793 1461 1989 1499 assumptum

447 1515 481 1538 ac
495 1503 587 1537 ctiam
601 1502 812 1537 ecclesiastica
834 1501 972 1548 recipcre
987 1509 1193 1536 sacramenti.

495 1552 515 1599 g
543 1555 574 1586 7.
610 1551 649 1586 Et
670 1552 742 1600 quia
766 1563 819 1586 vos
841 1559 1012 1586 extremam
1043 1551 1197 1598 patientes

372 1613 420 1627 <¹¹¹
449 1614 503 1649 pro
525 1601 642 1637 Christi
671 1601 799 1636 nomine.
829 1608 1054 1648 paupertatem,
1082 1600 1198 1635 exhor-

411 1646 573 1687 '*tationis
597 1652 666 1699 piae
692 1651 798 1687 studio
822 1652 921 1685 bonos
942 1650 979 1684 ad
1004 1651 1122 1697 potiora
1147 1651 1196 1684 di-

448 1702 558 1748 rigitiS,
577 1711 605 1736 ct
624 1710 761 1736 errantes
784 1702 813 1735 in
834 1700 1032 1736 rectitudinis
1053 1700 1196 1735 semitam

448 1751 647 1786 laudabiliter
680 1751 843 1790 revocatis,
869 1749 1075 1785 concedimus
1103 1759 1135 1784 ut
1166 1751 1196 1784 in

447 1801 791 1836 excommunicatorum
821 1801 910 1835 terris
933 1799 993 1833 libi
986 1811 1029 1834 ie
1052 1812 1197 1835 eommo-

449 1852 520 1892 rari,
547 1863 583 1885 ac
605 1850 682 1886 alias
703 1861 733 1886 et
755 1851 846 1884 etiam
875 1850 1002 1897 qnando
1031 1862 1086 1904 per
1113 1851 1197 1897 ipsis

449 1901 582 1936 transire
610 1912 664 1935 tos
694 1900 883 1946 contigerit,
907 1899 1083 1934 necessaria
1119 1901 1198 1934 sitae

448 1951 621 1998 deposcere
643 1963 678 1985 ac
699 1950 839 1997 recipere
861 1949 1000 1993 valeatis,
1015 1949 1074 1984 nisi
1095 1949 1124 1984 id
1143 1962 1199 1984 ιο-

448 2001 496 2036 bis
524 2000 617 2035 fuerit
640 2000 852 2035 interdictum.

496 2050 516 2097 S
538 2052 570 2085 8.
594 2049 759 2085 Generalis
782 2060 909 2096 quoque
930 2056 961 2083 et
982 2047 1098 2094 singuli
1124 2049 1197 2095 rigi-

414 2101 493 2135 les
527 2112 563 2135 ac
586 2099 794 2156 ριοιίιιείειΙθε
816 2107 846 2134 et
873 2107 1070 2133 correctores
1092 2106 1121 2133 et
1149 2111 1199 2132 eo-

448 2163 516 2185 rum
541 2150 667 2189 xit-arii,
692 2163 721 2183 ιιι
755 2148 924 2196 proiineiis
961 2156 992 2182 et
1028 2147 1198 2193 tigilantiis

397 2174 506 2248 ἕέἰὺί
532 2200 724 2244 commissis,
753 2198 920 2246 praedictis
947 2197 1093 2232 fratribus
1120 2210 1198 2232 eon-

391 2236 566 2284 ηι“’-5ιίιιιῐι5
597 2250 736 2293 ibidem,
761 2257 882 2283 necnon
906 2255 935 2282 et
959 2247 1108 2282 fratribus
1130 2248 1198 2282 aliis

448 2300 589 2334 eiusdem
625 2299 756 2334 Ordinis
783 2298 937 2333 interdum
961 2297 998 2331 ad
1022 2309 1076 2331 eos
1097 2297 1198 2331 dccli-

449 2349 597 2384 nantibus
619 2349 856 2395 undecumque,
878 2347 1074 2382 absolutione
1087 2355 1116 2381 et
1131 2347 1198 2381 dis—

450 2400 634 2446 pensatione
662 2398 886 2445 indigentibus,
919 2397 982 2431 sive
1012 2397 1196 2444 priusquam

450 2449 630 2485 intraverint
647 2447 814 2492 Ordinem,
829 2448 895 2482 sive
918 2455 1000 2494 post,
1023 2447 1052 2480 in
1073 2446 1198 2481 casibus

448 2499 615 2534 excesserit
628 2501 653 2542 (l
665 2500 686 2542 ),
708 2497 882 2545 proquibus
896 2496 1198 2531 excommunicatio-

449 2550 497 2583 nis
508 2549 554 2584 vel
570 2547 725 2583 interdicti
739 2555 792 2582 aut
803 2547 1021 2594 suspensionis
1034 2546 1198 2580 incurrunt

448 2599 618 2633 sententias
648 2610 664 2632 a
689 2598 755 2632 iure
778 2596 823 2631 vel
847 2609 861 2630 a
887 2596 988 2631 iudice
1009 2595 1198 2643 generaliter

483 2656 522 2692 (ii
540 2657 599 2690 [eg.
618 2656 680 2681 fors.
698 2663 857 2685 excessuum,
871 2654 926 2680 loco
943 2656 1078 2680 excesserit
1095 2654 1133 2687 (ιι.
1146 2653 1194 2687 τ.).

1239 1504 1381 1539 habitum
1406 1504 1451 1538 iel
1477 1503 1704 1551 professionem
1727 1502 1887 1543 emissam,
1903 1513 1987 1536 reco-

1238 1554 1405 1601 gnoverint
1426 1566 1459 1588 se
1487 1553 1600 1588 talibus
1623 1554 1653 1587 in
1669 1553 1794 1588 saeculo
1808 1553 1904 1587 fuisse
1918 1564 1990 1587 sen-

1240 1604 1344 1639 tentiis
1357 1603 1722 1642 inno‹latos,seeundum
1735 1602 1865 1638 formam
1878 1602 1988 1649 ipsam.

1240 1667 1317 1693 vos,
1356 1653 1535 1701 generalis,
1572 1653 1681 1700 vigiles
1717 1661 1748 1687 et
1785 1652 1989 1698 provinciales

1240 1712 1433 1739 correctores
1461 1716 1497 1738 ac
1519 1703 1602 1738 vices
1621 1711 1739 1738 vestras
1760 1711 1918 1749 gerentes,
1939 1714 1989 1737 va-

1240 1754 1327 1788 leatis
1350 1753 1512 1788 absolvere
1532 1761 1561 1787 et
1582 1765 1654 1787 cum
1678 1752 1904 1798 irregularibus
1922 1751 1988 1785 dis-

1240 1816 1388 1850 pensare,
1420 1804 1445 1837 si
1479 1803 1581 1838 forsan
1611 1802 1724 1837 talibus
1753 1801 1892 1836 innodati
1915 1814 1988 1836 sen-

1240 1854 1368 1898 tentiis,
1391 1853 1437 1887 vel
1462 1853 1490 1887 in
1520 1853 1598 1887 locis
1626 1851 1790 1887 interdicto
1817 1851 1990 1898 suppositis

1240 1903 1342 1938 divina
1359 1902 1630 1950 praesumpserint
1645 1902 1746 1937 officia
1768 1901 1926 1937 celebrare
1942 1902 1989 1936 vel

1239 1953 1367 1988 ordines
1390 1953 1547 1999 recipere.
1578 1952 1619 1987 lta
1644 1960 1759 1992 tamen,
1775 1951 1860 1999 quod
1883 1952 1907 1986 si
1932 1951 1991 1986 ali—

1239 2003 1289 2037 cui
1317 2015 1352 2037 ex
1377 2002 1560 2037 huiusmodi
1588 2002 1756 2037 sententiis
1779 2009 1908 2049 propter
1933 2001 1990 2036 de-

1241 2052 1339 2087 bitum
1376 2053 1438 2087 sint
1471 2051 1624 2093 adstricti,
1652 2052 1854 2093 satisfaciant,
1883 2059 1989 2086 utte—

1240 2110 1365 2136 nentur.
1394 2101 1551 2136 Volumus
1565 2111 1669 2137 autem
1686 2101 1892 2136 nihilominus
1905 2102 1988 2148 quo(¹

1240 2151 1423 2187 huiusmodi
1448 2152 1588 2187 minutos
1615 2160 1718 2186 restro
1744 2150 1991 2198 aggregaricon-

1239 2202 1348 2241 sortia
1372 2201 1429 2236 nisi
1448 2214 1530 2243 mox,
1555 2210 1719 2249 postquam
1749 2201 1864 2235 fuerint
1890 2199 1990 2235 abso-

1241 2252 1310 2296 luti,
1332 2252 1484 2287 Ordinem
1510 2260 1646 2286 vestrum
1675 2250 1869 2295 intraverint,
1896 2251 1988 2285 etiam

1239 2302 1264 2336 si
1287 2314 1382 2350 super
1405 2301 1465 2336 hoc
1487 2302 1531 2336 eis
1559 2301 1704 2336 induciae
1725 2313 1740 2335 a
1766 2301 1911 2348 praelatis
1925 2299 1988 2335 Or-

1239 2351 1322 2386 dinis
1356 2351 1499 2387 eiusdcm
1535 2351 1762 2392 concedantur,
1784 2362 1821 2385 eo
1848 2350 1930 2398 ipso,
1958 2350 1988 2384 in

1241 2402 1388 2448 pristinas
1409 2402 1602 2444 sententias,
1625 2413 1640 2435 a
1664 2400 1780 2448 quibus
1807 2412 1861 2435 eos
1888 2400 1990 2435 taliter

1239 2451 1356 2486 absolvi
1381 2451 1548 2497 contigerit
1564 2478 1572 2491 ,
1601 2450 1791 2485 relabantur.
1820 2449 1986 2485 Caeterum

1241 2509 1340 2536 restra
1363 2501 1510 2536 discretio
1532 2508 1623 2536 caute
1658 2500 1820 2547 provideat
1844 2509 1877 2534 ut
1898 2498 1989 2547 Apo—

1239 2551 1366 2586 stolicae
1391 2550 1494 2595 Sedis,
1516 2551 1688 2597 legatorum
1717 2550 1816 2597 ipsius
1845 2557 1876 2584 et
1902 2549 1990 2585 ordi—

1274 2613 1312 2647 (1)
1330 2613 1388 2647 Legi
1410 2613 1521 2640 fortasse
1536 2612 1630 2638 debet:
1658 2616 1704 2638 aul
1722 2614 1747 2638 ιή
1766 2613 1826 2637 Iocis
1850 2614 1990 2644 suppositis

1239 2656 1408 2680 melesius-tivo
1426 2656 1567 2679 interint-tn
1583 2657 1634 2679 etv.
1653 2653 1691 2688 (n.
1710 2661 1725 2678 vr
1739 2654 1758 2687 ).

2009 248 2057 274 Ᾱιι.
2077 246 2105 273 C.
2123 248 2187 275 tzor·

2272 1022 2281 1072 -LA
2270 995 2278 1001 ¹
2267 738 2281 978 1⁸⁰⁴=¹·AEfl.*-O·--in
2267 580 2281 725 Λ’-,κ..”ι’.“ι
