2281 3251
114 261 162 287 An.
181 261 209 286 C.
226 259 294 285 1ΰοἀῖ

126 1950 249 1971 Const³tutio
260 1952 292 1976 (de

114 1989 150 2008 qim
162 1984 181 2003 in
192 1984 290 2006 ruhi-ira).

959 254 1062 276 tt‘tJt's
1084 253 1105 275 11
1131 253 1177 274 ΡΡ.

309 313 456 348 beneficia
488 311 667 346 obtinentes
695 310 761 344 suis
789 309 940 356 religiosis
968 317 1053 344 extra

310 362 529 398 monasterium
547 361 689 395 morandi
713 360 888 395 facultatem
914 360 954 394 de
976 359 1054 393 laeto

309 412 495 452 concedunt,
519 419 550 445 et
571 410 695 445 aliunde
712 410 750 446 ad
773 422 804 444 se
825 410 984 445 venientes
1007 422 1055 443 re-

309 462 436 508 ligiosos
463 470 672 500 transeuntes,
696 468 801 495 contra
826 460 876 494 tet.
894 472 954 494 rec.
978 459 1056 494 Mar-

310 512 362 545 tini
384 511 427 555 V,
451 519 481 546 et
502 510 632 545 aliorum
669 509 882 544 Romanorum
917 509 1054 544 Pontifi-

309 573 381 594 cum
399 560 674 607 praedecessorum
693 568 870 594 nostrorum
887 569 915 593 et
932 567 1054 594 nostras

309 611 559 654 constitutiones,
571 609 1054 656 recipiunt,etbcneticia,etiam

309 660 480 694 saecularia
507 669 537 693 et
570 660 685 706 quibus
711 671 785 693 cura
822 660 963 694 imminet
986 660 1055 693 ani-

310 721 442 753 marum,
461 709 576 743 babere
598 716 628 743 et
650 717 767 753 tenere,
782 709 876 743 etiam
900 710 968 744 sine
990 709 1056 743 dis-

310 759 491 804 pensatione
513 758 694 805 apostolica,
710 759 913 793 consentiunt
933 766 962 793 et
986 770 1056 805 per-

309 808 448 849 mittunt,
476 816 506 843 et
527 808 607 842 bona
636 808 852 849 ecclesiarum,
883 815 943 842 tam
974 820 1056 842 con-

309 858 422 892 iunctis
444 868 473 893 et
495 858 604 892 amicis
631 870 724 904 quam
748 857 827 901 aliis,
858 857 949 891 variis
978 857 1057 892 fictis

309 907 417 947 titulis,
445 919 506 941 non
531 907 621 941 iustis
649 907 765 954 pretiis,
787 907 1001 941 alienaverunt
1027 915 1056 940 et

308 956 442 991 alienare
461 969 521 991 non
545 957 712 997 desistunt,
727 964 755 991 et
771 956 899 1002 quidam
923 955 972 989 alii
995 955 1057 989 ini-

308 1006 436 1052 quitatis
464 1006 537 1050 filii,
561 1014 747 1053 procurante
775 1006 902 1039 humani
934 1005 1056 1050 generis

310 1055 446 1095 inimico,
468 1055 560 1090 Sedis
573 1055 772 1102 Apostolicae
789 1055 835 1089 vel
857 1055 983 1089 alterius
1005 1066 1058 1088 au-

309 1106 482 1140 ctoritatem
511 1105 654 1140 habentis
676 1104 939 1150 indulgentiarum
969 1104 1057 1138 sacul-

312 1162 403 1189 tatem
433 1154 559 1195 habere,
597 1154 644 1188 vel
677 1154 776 1189 dictae
798 1153 892 1188 Sedis
925 1153 1057 1187 nuncios

310 1215 365 1238 seu
388 1204 622 1239 commissarios
643 1215 723 1243 esse,
751 1203 822 1237 licet
853 1202 942 1245 salso,
964 1215 1056 1237 asse-

312 1262 414 1288 rentes
436 1261 467 1288 et
489 1253 652 1299 lingentes,
668 1266 703 1287 ac
722 1252 1058 1287 christifidelibussua-

310 1302 431 1340 dentes,
472 1303 621 1349 pecunias
653 1310 683 1337 et
717 1303 774 1336 alia
803 1314 932 1336 munera
954 1314 1054 1348 quae-

310 1352 444 1386 stuando
471 1361 667 1399 extorquere,
683 1361 713 1386 et
735 1351 800 1386 falsi
829 1352 946 1385 crimen
970 1363 1057 1385 com—

311 1402 434 1436 mittere
459 1414 519 1436 non
536 1410 693 1440 verentur;
708 1409 750 1445 et,
763 1401 847 1448 quod
865 1401 964 1447 magis
987 1401 1058 1435 abo-

311 1451 456 1485 minabile
479 1460 538 1495 est,
559 1464 575 1486 a
603 1451 727 1486 casibus
757 1450 832 1485 Sedi
855 1450 1056 1497 Apostolicae

311 1501 474 1535 reservatis
495 1510 526 1536 et
541 1509 695 1541 votorum,
710 1500 802 1535 etiam
820 1508 1057 1547 perpetuorum,

310 1560 338 1584 et
362 1550 545 1584 visitationis
571 1549 728 1597 sepulchri
754 1550 923 1593 Dominici,
945 1549 979 1584 S.
1006 1549 1056 1583 Ia-

310 1599 378 1634 cobi
404 1600 433 1633 in
457 1600 680 1646 Compostella,
699 1599 733 1634 S.
756 1599 894 1645 Spiritus
912 1599 942 1634 in
965 1599 1056 1634 Saxia

310 1659 339 1682 et
374 1649 515 1684 liminum
548 1649 732 1696 Principum
765 1649 989 1696 Apostolorum
1017 1651 1056 1683 de

310 1698 406 1738 Urbe,
422 1699 594 1744 absolvere,
610 1707 638 1734 et
663 1698 841 1733 huiusmodi
858 1711 893 1733 ac
914 1699 1054 1745 graviora

311 1759 444 1794 peccata,
480 1758 599 1796 praeter
630 1761 756 1783 omnen]
787 1761 895 1783 eorum
919 1749 1057 1783 auctori-

310 1807 414 1839 tatem,
440 1800 597 1834 remittere
624 1806 655 1833 et
676 1811 772 1846 super
795 1798 856 1832 illis
874 1798 1055 1846 dispensare

308 1848 492 1895 animasque
519 1849 688 1895 illaqueare
716 1856 931 1895 praesumunt.

357 1901 372 1940 ξ
393 1900 426 1932 ⁶2.
449 1897 513 1932 Nos
529 1898 632 1944 igitur,
656 1899 709 1944 qui
728 1898 808 1932 inter
831 1899 929 1933 varias
952 1909 1054 1935 curas,

308 1947 425 1993 quibus
452 1948 603 1982 continuo
631 1948 824 1995 premimur,
854 1947 903 1982 illa
928 1948 1055 1995 praeci—

309 2009 370 2042 pue
397 1997 603 2031 sollicitamur
625 2004 658 2031 ut
686 2005 784 2032 terrae
811 2004 840 2031 et
868 1997 934 2032 loca
966 2009 1056 2044 prae-

308 2045 389 2080 dicta
413 2046 447 2081 S.
472 2046 511 2080 R.
545 2046 580 2081 E.
606 2046 744 2081 subiecta
779 2046 838 2081 sub
865 2055 945 2081 statu
971 2056 1056 2081 tran-

307 2100 404 2147 quillo
426 2110 456 2135 et
475 2101 560 2147 pacis
574 2101 760 2136 amoenitate
772 2101 1002 2147 gubernentur,
1025 2111 1056 2136 ct

308 2153 510 2189 ecclesiarum
533 2162 562 2189 et
579 2155 719 2189 locorum
745 2154 866 2201 piorum
890 2154 971 2189 bona
994 2167 1054 2189 non

308 2208 510 2255 dissipentur,
526 2215 557 2243 et
570 2208 824 2243 christifidelium
849 2209 962 2244 ibidem
979 2221 1056 2244 con-

308 2262 485 2298 sistentium
521 2264 643 2298 animae
677 2263 760 2298 falsis
799 2264 1057 2310 suggestionibus

310 2329 370 2352 uon
399 2318 581 2365 perdantur,
606 2318 745 2353 volentes
763 2330 859 2365 super
878 2319 926 2362 iis,
949 2327 983 2353 ut
1005 2331 1057 2353 no-

311 2371 358 2406 bis
385 2371 550 2414 incumbit,
573 2372 612 2408 de
625 2381 804 2420 opportuno
824 2372 964 2407 remedio
983 2385 1057 2419 pro-

310 2425 428 2470 videre,
443 2435 472 2461 et
494 2427 648 2462 malorum
666 2427 895 2474 praedictorum
920 2426 1055 2461 fomenta

311 2479 349 2514 de
376 2481 479 2515 medio
516 2481 640 2520 tollere,
668 2490 697 2516 et
725 2482 852 2528 penitus
891 2481 1056 2527 extirpare;

311 2543 340 2568 et
353 2535 426 2582 quia
441 2536 621 2571 huiusmodi
637 2536 778 2577 crimina,
795 2534 1056 2572 inconvenientia,

312 2600 348 2622 ex
371 2589 619 2637 delinquentium
653 2589 821 2624 calliditate
847 2602 900 2623 seu
929 2588 1057 2636 aliquo-

314 2655 380 2677 rum
404 2645 552 2691 potentia,
580 2653 610 2677 ut
635 2644 827 2692 praedictum
851 2652 908 2687 est,
931 2642 968 2677 ad
1000 2655 1057 2677 nos

1727 240 1794 272 419

1098 310 1142 343 vcl
1165 308 1333 343 addictam
1363 308 1527 341 Canwram
1551 305 1762 352 Apostolieam
1783 319 1844 341 non

1098 358 1293 401 deseruntur,
1321 366 1351 392 et
1379 358 1544 403 impunita,
1587 364 1693 403 utpote
1729 357 1846 402 ignota,

1100 409 1330 454 relinqmtntur3
1344 407 1491 454 quodque
1510 418 1675 441 occurrere
1690 418 1750 440 non
1771 418 1846 452 pos-

1098 471 1208 492 sumus
1237 457 1430 505 praemissis,
1450 457 1507 490 nisi
1542 456 1658 503 aliquis
1693 455 1784 489 nobis
1815 464 1845 489 et

1098 509 1130 542 S.
1150 508 1189 543 R.
1213 508 1249 542 E.
1274 507 1356 542 sidus
1374 516 1403 541 ct
1427 506 1587 553 probatus,
1611 515 1641 540 et
1662 506 1713 541 cui
1737 504 1846 540 Status

1101 558 1247 604 praedicti
1272 570 1344 592 cura
1379 555 1552 596 incumbat,
1586 564 1774 595 assumatur;
1810 566 1845 589 ac

1098 608 1295 642 attendentes
1322 606 1406 654 quod
1431 606 1533 640 dilecti
1564 606 1617 640 lilii
1645 605 1748 640 clerici
1777 603 1846 639 Ca-

1100 670 1202 692 merae
1232 657 1431 704 Apostolicae
1467 655 1693 702 praesidentes,
1731 654 1846 700 quibus

1100 707 1240 741 omnium
1277 707 1415 740 locorum
1439 714 1467 740 et
1499 714 1651 740 terrarum
1675 704 1711 739 S.
1738 703 1776 738 R.
1805 703 1843 737 E.

1101 757 1130 790 in
1154 756 1381 803 temporalibus
1405 755 1573 801 praecipue
1596 766 1668 789 cura
1693 754 1847 795 imminet,

1101 815 1129 839 ct
1158 806 1211 852 qui
1239 805 1437 840 subditorum
1465 804 1695 850 praedictorum
1718 811 1748 837 et
1770 803 1847 836 alio-

1101 868 1169 889 rum
1186 854 1224 889 ad
1246 867 1278 889 se
1304 854 1531 888 recurrentium
1553 853 1695 900 querelas
1718 852 1848 886 audiunt

1099 913 1129 938 et
1148 904 1207 938 illis
1228 903 1363 938 remedia
1380 903 1522 937 tribuunt
1549 911 1739 949 opportuna,
1768 913 1847 948 pro-

1100 954 1169 988 vida
1191 953 1417 988 deliberatione
1447 959 1618 986 statuentes
1645 960 1675 986 et
1696 951 1848 985 ordinan—

1100 1011 1156 1046 tes,
1195 1003 1398 1037 decernimus
1425 1014 1460 1036 ac
1488 1010 1636 1047 perpetua
1677 1000 1847 1034 inviolabili

1100 1053 1167 1098 lege
1189 1053 1372 1087 ordinamus
1407 1059 1436 1085 et
1472 1052 1629 1085 sancimus
1657 1050 1741 1097 quod
1771 1049 1846 1083 dicti

1100 1102 1201 1136 clerici
1239 1101 1464 1148 praesidentes,
1505 1112 1586 1134 anno
1613 1099 1765 1146 quolibet,
1791 1099 1849 1132 ali—

1100 1164 1179 1198 quos
1201 1164 1237 1186 ex
1255 1152 1299 1186 eis
1322 1151 1483 1197 deputent,
1513 1151 1565 1196 qui
1598 1150 1633 1183 ad
1668 1149 1734 1182 loca
1766 1160 1851 1194 prae-

1100 1202 1182 1235 dicta
1210 1214 1243 1235 se
1276 1200 1450 1243 conferant,
1474 1208 1504 1233 et
1535 1211 1631 1245 super
1668 1199 1851 1245 praemissis

1101 1250 1248 1285 omnibus
1269 1259 1300 1284 et
1333 1250 1467 1295 singulis
1494 1249 1660 1295 diligenter
1694 1247 1851 1293 inquirant

1100 1308 1130 1334 et
1153 1300 1352 1345 investigent,
1380 1307 1410 1333 et
1448 1298 1680 1344 praedictorum
1709 1297 1849 1331 omnium

1100 1350 1230 1384 crimina
1254 1358 1283 1383 et
1306 1348 1450 1383 defectus
1471 1348 1612 1391 audiant,
1635 1355 1665 1382 et
1680 1347 1765 1381 omni
1789 1357 1852 1380 me-

1101 1400 1170 1433 liori
1198 1399 1292 1434 modo
1316 1399 1483 1445 reperiant,
1506 1406 1535 1432 et
1558 1405 1699 1444 repertos
1717 1395 1849 1430 solemni

1100 1449 1301 1483 adnotatione
1317 1447 1508 1491 describant,
1527 1455 1557 1481 et
1569 1444 1852 1481 communitatibus

1099 1507 1129 1533 et
1156 1498 1398 1546 particularibus
1426 1497 1569 1544 personis
1596 1496 1694 1531 ablata
1730 1494 1850 1529 restitui

1100 1548 1213 1583 faciant
1240 1556 1292 1582 aut
1315 1547 1466 1587 referant,
1489 1555 1519 1581 et
1552 1547 1582 1580 in
1609 1545 1764 1593 praedicta
1787 1543 1850 1579 Ca-

1101 1610 1182 1632 mera
1200 1606 1387 1644 proponant,
1410 1597 1475 1640 ubi,
1504 1597 1588 1630 iuxta
1611 1594 1850 1630 constitutiones

1101 1647 1199 1683 l'elicis
1226 1647 1450 1682 recordationis
1472 1646 1553 1681 Sixti
1582 1645 1640 1689 IV,
1663 1644 1849 1691 praedeces·

1099 1698 1177 1732 soris
1196 1698 1306 1741 nostri,
1327 1705 1394 1731 vota
1417 1696 1600 1739 reddantur,
1618 1704 1647 1730 et
1662 1706 1773 1729 causae
1788 1693 1851 1728 hu-

1101 1747 1324 1794 iusmodistylo
1336 1755 1365 1782 et
1378 1758 1465 1781 more
1481 1745 1642 1789 camerali,
1658 1744 1773 1779 iustitia
1790 1756 1849 1777 me-

1099 1798 1213 1841 diante,
1236 1796 1422 1831 decidantur
1449 1804 1477 1830 et
1505 1795 1727 1838 terminentur,
1751 1802 1779 1828 et
1800 1805 1849 1827 re-

1100 1847 1177 1893 perti
1200 1846 1373 1893 culpabiles
1396 1845 1511 1880 debitis
1527 1845 1638 1892 poenis
1660 1846 1849 1891 plectantur,

1099 1897 1305 1931 molestentur
1322 1904 1352 1930 et
1380 1896 1562 1942 puniamur.

1147 1946 1221 1993 §5
1255 1945 1410 1980 Volumus
1438 1946 1568 1990 insuper
1607 1943 1690 1990 quod
1732 1942 1847 1981 clerici,

1862 251 1909 276 An.
1929 250 1946 273 (ἴ
1975 249 2038 274 tant)

1098 2008 1189 2043 quos,
1212 2004 1246 2030 ut
1273 1995 1498 2042 praemittitur,
1534 1993 1570 2027 ,ul
1604 1994 1670 2027 loca
1693 1992 1846 2038 praedicta
1869 1995 1911 2037 'u‘fh
1930 2026 1980 2037 ,W

1099 2046 1246 2080 destinari
1284 2045 1463 2091 contigerit,
1498 2048 1532 2077 ad
1559 2042 1704 2076 ‹ism—tum
1743 2053 1848 2075 omnia
1877 2050 1970 2068 wsb-1³

1098 2099 1276 2135 inveniendi
1294 2108 1323 2133 et
1343 2098 1530 2145 reperiendi,
1547 2108 1763 2142 ‹;**tt.<t‘tttltqttc
1783 2108 1849 2141 prr⁴

1104 2166 1197 2189 sonas
1224 2153 1364 2201 publicas
1387 2161 1418 2187 et
1440 2152 1594 2199 prima-2,
1618 2150 1846 2196 cuiuscumque

1101 2209 1229 2255 gradus,
1253 2208 1520 2256 praeeminentiae,
1547 2204 1738 2239 conditionis
1756 2204 1848 2237 etdi-

1099 2263 1226 2309 gnitatis
1246 2262 1422 2297 mundanae
1444 2260 1491 2294 vel
1514 2258 1743 2294 ecclesiasticae
1771 2269 1847 2291 cen-

1099 2325 1252 2358 seantur,
1287 2317 1378 2351 etiam
1416 2314 1667 2353 communitates,
1699 2323 1843 2358 corpora,

1099 2371 1241 2418 collegia,
1274 2379 1333 2406 tam
1369 2382 1464 2416 super
1499 2368 1578 2403 sacto
1603 2367 1729 2415 proprio
1752 2379 1844 2412 quani

1099 2438 1194 2473 super
1215 2426 1395 2461 testimonio
1417 2424 1556 2462 ferendo,
1579 2435 1633 2457 seu
1664 2433 1719 2468 pro
1745 2420 1845 2462 libris,

1099 2481 1264 2527 scripturis
1286 2489 1314 2514 et
1333 2479 1531 2513 documentis
1554 2477 1591 2512 ad
1615 2488 1727 2511 causas
1756 2486 1847 2520 prae—

1099 2535 1197 2569 dictas
1225 2533 1421 2576 facientibus,
1456 2544 1510 2566 seu
1549 2531 1616 2565 illas
1639 2542 1694 2577 pro
1718 2528 1847 2563 arbitrio

1098 2589 1173 2622 dicti
1209 2588 1313 2623 clerici
1342 2585 1625 2628 concernentibus,
1659 2582 1790 2617 edendis
1816 2590 1847 2615 et

1099 2643 1296 2677 exhibendis.
1313 2653 1436 2688 cogere,
1451 2640 1650 2687 compellere:
1664 2647 1704 2672 et.
1719 2637 1744 2671 si
1766 2649 1846 2684 opus
