2281 3251
64 311 113 341 An.
132 311 158 338 C.
176 311 239 339 {521

87 2329 111 2351 Et
121 2332 195 2352 contra
203 2329 259 2351 Mar-

76 2363 114 2383 tini
128 2362 220 2383 hareses
229 2367 260 2381 ar-

77 2393 160 2414 (tentius
175 2393 260 2419 praedi-

77 2425 121 2444 euri
136 2423 200 2444 iubet.

926 309 986 333 LEO
1012 309 1034 333 X
1062 309 1112 332 PP-

261 378 320 402 nus
355 364 412 413 ipsi
449 371 480 399 et
507 362 639 411 quilibet
666 375 787 404 eornm,
815 364 840 398 si
863 371 892 399 et
914 373 1001 412 post-

259 428 351 465 quam
374 415 477 461 vigore
495 414 703 461 praesentium
721 414 859 462 requisiti
876 414 1001 455 suerint,

260 466 338 501 infra
362 473 423 499 tres
444 463 522 508 dies,
546 476 678 510 quornm
707 477 805 499 unum
831 476 886 511 pro
903 465 1002 512 primo

259 524 289 551 et
324 514 417 550 alium
449 526 504 561 pro
533 514 673 549 secundo
709 525 738 549 ct
767 514 922 560 reliquum
949 527 1003 562 pro

261 564 350 599 tertio
365 572 393 599 et
408 565 619 611 peremptorio
642 565 786 604 termino,
800 576 835 598 ac
852 565 1002 599 canonica

259 614 432 649 monitione
454 614 635 661 praemissa,
658 614 1002 661 assignani11S,costlen1

258 663 428 699 Martinnm
456 672 485 699 et
507 663 584 698 alios
611 664 911 708 excommunicatos,
930 676 1005 698 ana-

260 713 486 758 thematizatos,
509 713 693 749 maledictos
715 721 743 748 et
767 713 939 748 haereticos
955 713 1004 748 de-

260 763 403 804 claratos,
427 771 620 810 aggravatos,
649 763 842 807 interdictos,
871 763 1005 810 privatos

260 821 290 848 et
312 812 465 848 inhabiles
487 821 517 847 et
541 813 573 846 in·
595 813 804 860 praesentium
823 813 1005 847 executione

260 863 449 907 nominatos,
472 862 502 896 in
531 874 639 897 eornm
667 863 823 906 ecclesiis,
839 862 1005 897 (lominicis

260 921 290 947 et
316 912 386 947 aliis
408 912 528 946 festivis
550 911 661 946 diebus
683 912 768 955 (dnm
805 913 903 946 maior
931 911 1005 946 inibi

261 962 367 1009 populi
391 960 561 996 multitudo
593 962 774 996 convenerit
806 962 844 996 ad
877 961 1006 1003 divina),

260 1023 332 1047 curn
356 1011 458 1046 crucis
482 1010 612 1056 vexillo,
636 1011 763 1058 pulsatis
790 1011 950 1057 campanis
978 1020 1007 1045 et

260 1061 402 1096 accensis
424 1060 573 1101 candelis,
601 1073 636 1095 ac
658 1061 786 1095 demum
811 1060 957 1095 extinctis
979 1069 1006 1095 et

261 1110 291 1145 in
320 1118 432 1145 terram
469 1110 616 1156 proiectis
650 1118 680 1144 et
702 1110 913 1154 conculcatis,
936 1123 1006 1144 cnm

261 1160 339 1194 trina
373 1159 514 1207 lapidum
539 1160 748 1206 proiectione,
776 1160 908 1206 aliisque
936 1172 1008 1194 cae—

261 1209 410 1244 remoniis
439 1210 469 1243 in
504 1209 661 1244 similibus
695 1209 851 1244 observari
888 1210 1007 1248 solitis,

262 1259 386 1306 publice
403 1259 564 1300 nuncient,
579 1267 609 1294 et
632 1259 743 1293 faciant
758 1267 787 1293 et
804 1258 953 1293 mandent
971 1258 1009 1292 ab

261 1309 329 1343 aliis
352 1308 506 1353 nnnciari,
535 1317 563 1343 et
590 1309 628 1343 ab
655 1308 800 1343 omnibus
822 1308 1009 1343 christifide-

261 1357 345 1393 libus
366 1358 481 1393 arctius
503 1358 624 1393 evitari.
647 1358 694 1392 Ad
718 1358 866 1393 maiorem
883 1358 1011 1404 insuper

262 1407 391 1455 praefati
412 1407 537 1443 Martini
565 1408 763 1455 aliorumque
781 1408 1008 1443 haereticorum

261 1457 514 1505 supradictorum
543 1457 782 1493 adhaerentium
820 1465 850 1492 et
889 1469 1011 1505 sequa-

262 1508 347 1543 cium
370 1515 400 1542 et
422 1507 579 1543 fautorum
596 1507 829 1552 confusionem,
847 1508 876 1541 in
896 1508 1011 1541 virtute

262 1566 387 1592 sanctae
421 1557 617 1592 obedientiae
644 1557 831 1592 mandamus
864 1556 1012 1592 omnibus

263 1615 292 1642 et
305 1606 439 1653 singulis
454 1607 650 1654 patriarchis,
672 1607 928 1654 archiepiscopis,
944 1606 1012 1653 epi-

263 1657 369 1705 scopis
397 1665 425 1691 et
455 1656 586 1691 aliarum
621 1656 825 1692 ecclesiarum
868 1656 1012 1703 praelatis

265 1715 308 1751 ut,
330 1707 411 1742 sicut
433 1707 493 1754 ipsi
513 1706 550 1742 ad
570 1706 743 1742 sedandum
767 1706 946 1751 schismata,
961 1718 1012 1741 au-

264 1765 349 1792 ctore
376 1756 587 1805 Hieronymo,
610 1757 771 1791 constituti
795 1756 945 1798 suerunt;
972 1757 1012 1790 ita

265 1819 372 1851 nunc,
395 1816 527 1853 urgente
550 1807 733 1842 necessitate
750 1834 757 1847 ,
786 1813 877 1853 prout
904 1818 1012 1841 eorum

263 1855 417 1891 incumbit
444 1856 568 1901 officio,
591 1857 785 1891 constituant
820 1868 853 1890 se
889 1868 1012 1890 murum

265 1919 319 1954 pro
343 1905 460 1954 populo
483 1906 665 1946 christiano,
682 1918 742 1941 non
766 1905 911 1944 tacendo,
933 1913 1014 1940 tam—

264 1968 357 2004 qnam
378 1968 472 1991 canes
491 1956 567 1990 muti
583 1968 643 1991 non
663 1956 799 1990 valentes
821 1955 944 1999 latrare,
960 1954 1015 1989 sed

266 2007 457 2041 incessanter
479 2005 643 2041 clamando
666 2014 696 2040 et
712 2005 876 2040 exaltando
893 2017 1015 2044 vocem,

266 2064 297 2091 et
313 2055 523 2104 praedicando
540 2064 568 2091 et
592 2055 762 2103 praedicari
786 2054 927 2089 faciendo
946 2066 1017 2089 ver-

268 2106 341 2140 bnm
359 2104 419 2140 Dei
436 2117 470 2140 ac
489 2106 648 2140 veritatem
664 2104 736 2139 fidei
756 2104 927 2139 catholicae
944 2116 1015 2138 con-

269 2169 314 2196 tra
336 2159 501 2195 damnatos
528 2158 677 2194 articulos
706 2166 736 2194 et
763 2158 935 2194 haereticos
963 2170 1018 2193 su-

271 2214 440 2263 pradictos.

320 2270 340 2317 g
357 2271 388 2304 6.
410 2268 541 2304 Necnon
564 2268 711 2303 omnibus
726 2275 755 2303 et
775 2267 907 2315 singulis
929 2279 1021 2315 paro-

273 2323 421 2360 chialium
444 2322 648 2358 ecclesiarum
677 2322 849 2358 rectoribus
866 2334 901 2357 ac
924 2330 1021 2357 recto-

275 2378 361 2415 ribus
397 2390 671 2426 quorumcumque
706 2376 861 2411 Ordinum
877 2404 886 2420 ,
927 2376 1020 2411 etiam

275 2433 537 2475 Mendicantium,
559 2432 711 2479 exemptis
730 2440 759 2466 et
781 2444 842 2466 non
857 2431 1022 2478 exemptiS,

278 2496 310 2523 ut
332 2488 539 2536 praemittitur
554 2515 562 2529 ,
585 2487 741 2527 similiter,
758 2486 787 2520 in
810 2486 922 2520 virtute
951 2497 1023 2520 san-

278 2551 345 2579 ctae
367 2542 577 2583 obedientiae,
604 2540 790 2576 mandamus
810 2549 853 2581 ut,
869 2540 949 2575 sicut
966 2539 1022 2586 ipsi

280 2596 379 2632 nubes
400 2609 417 2632 a
439 2596 574 2631 Domino
597 2595 757 2630 constituti
781 2602 865 2639 sunt,
893 2594 934 2629 ita
955 2593 1024 2641 spi-

281 2651 422 2686 ritualem
441 2650 571 2685 imbrem
596 2650 625 2684 in
650 2649 767 2697 populo
781 2648 838 2684 Dei
855 2649 1024 2692 seminare,

280 2713 310 2742 et
332 2713 440 2741 contra
461 2705 659 2753 supradictos
681 2702 847 2749 articulos,
874 2710 907 2738 ut
936 2714 1025 2750 prae-

1670 299 1738 333 765

1043 365 1156 409 fertur,
1179 364 1360 409 damnatos,
1383 364 1464 399 sicut
1490 363 1582 399 etiam
1605 375 1714 399 eornm
1740 365 1789 399 in-

1043 415 1163 451 cumbit
1190 415 1303 455 officio,
1328 414 1451 462 publice
1476 414 1634 461 publicare
1659 426 1718 448 non
1735 426 1790 449 ve-

1046 475 1182 501 reantur.
1205 465 1363 512 Scriptum
1387 472 1433 499 cst
1467 464 1549 498 enim
1578 464 1661 511 qnod
1687 463 1789 510 perfe-

1045 524 1091 550 cta
1115 515 1224 550 caritas
1240 515 1320 549 foras
1336 514 1427 548 mittit
1444 513 1601 549 timorem.
1617 513 1679 548 Vos
1696 514 1790 559 igitur

1045 573 1075 600 et
1090 573 1226 599 vestrum
1250 563 1364 610 singuli
1382 576 1462 598 onus
1485 571 1545 598 tam
1570 564 1717 598 meritorii
1735 575 1792 597 ne-

1045 615 1124 661 gocii
1148 614 1259 649 devota
1294 621 1398 648 mente
1422 614 1629 659 suscipientes
1646 640 1655 658 ,
1683 624 1737 647 vos
1759 613 1790 647 in

1047 664 1130 699 illius
1153 663 1336 699 executione
1358 664 1402 698 sic
1428 663 1578 707 solicitos,
1600 675 1634 697 ac
1656 662 1749 697 verbo
1763 670 1794 697 et

1046 725 1139 760 opere
1155 714 1315 749 studiosos
1337 721 1431 760 atquc
1454 712 1622 758 diligentes
1651 711 1792 746 exhibea-

1047 764 1098 805 tis,
1118 764 1201 811 quod
1215 776 1251 798 ex
1268 763 1378 798 vestris
1396 762 1567 803 laboribus,
1583 762 1686 796 divina
1703 760 1793 796 nobis

1048 814 1167 848 favente
1195 812 1311 859 gratia,
1340 812 1453 859 sperati
1477 812 1594 847 fructus
1616 811 1793 852 adveniant,

1047 875 1081 897 ac
1097 875 1151 910 per
1166 862 1397 897 solicitudinem
1416 869 1566 906 nostram,
1589 873 1669 909 quae
1683 873 1793 896 causas

1048 913 1114 959 pias
1140 912 1306 959 agentibus
1322 924 1376 959 pro
1413 911 1620 946 retributione
1647 909 1794 951 debetur,

1049 962 1181 1009 palmam
1201 961 1316 1008 gloriae
1352 973 1412 995 non
1437 960 1539 995 solum
1562 960 1710 1007 consequi
1728 972 1796 995 me-

1050 1012 1192 1055 reamini,
1209 1023 1314 1045 verum
1331 1011 1422 1045 etiam
1445 1010 1529 1057 apud
1553 1022 1610 1045 nos
1629 1018 1658 1044 et
1677 1008 1794 1044 Sedem

1050 1061 1237 1108 praedictam
1255 1073 1315 1095 non
1332 1060 1487 1094 immerito
1516 1059 1642 1094 valeatis
1664 1059 1702 1093 de
1717 1071 1797 1093 exa-

1049 1119 1097 1146 cta
1111 1110 1272 1156 diligentia
1287 1118 1388 1144 vestra
1417 1109 1546 1143 abortus
1569 1107 1795 1144 commendari.

1099 1161 1118 1207 g
1141 1163 1172 1194 7.
1192 1159 1319 1199 Verum,
1335 1159 1405 1206 quia
1422 1158 1543 1193 difficile
1559 1158 1636 1193 foret
1648 1170 1797 1204 praesen·
1823 1168 1939 1189 Pubttcnno
1955 1167 1994 1203 ιρι-

1052 1217 1097 1244 tes
1114 1209 1333 1244 declarationis
1349 1217 1378 1243 et
1396 1208 1615 1255 publicationis
1638 1209 1742 1242 literas
1757 1207 1794 1242 ad
1811 1200 1994 1259 ἑ“,ξο,’ᾗῗξζξ“““

1051 1259 1260 1306 praesentiam
1273 1267 1301 1292 et
1317 1270 1482 1305 personam
1498 1258 1655 1306 propriam
1671 1258 1798 1292 Martini

1051 1316 1081 1343 et
1109 1309 1240 1343 aliorum
1269 1307 1496 1342 declarator-um
1524 1315 1554 1342 et
1580 1306 1798 1342 excommuni-

1053 1366 1193 1393 catorum
1216 1357 1398 1392 hniusmodi
1415 1357 1618 1404 personaliter
1631 1357 1797 1400 deducere,

1053 1415 1179 1455 propter
1207 1407 1253 1443 eis
1268 1407 1437 1442 faventium
1455 1407 1636 1454 potentiam,
1654 1406 1798 1441 volumus

1805 309 1852 336 An.
1870 311 1898 339 C.
1920 308 1984 340 1⁵21

1053 1466 1087 1492 nt
1113 1457 1215 1493 affixio
1237 1465 1268 1492 et
1295 1456 1464 1504 publicatio
1492 1457 1704 1504 praesentium
1727 1457 1798 1491 lite-

1054 1520 1158 1542 rarum
1175 1508 1204 1541 in
1220 1507 1314 1541 valvis
1333 1505 1464 1540 duarum
1487 1505 1724 1545 cathedralium,
1741 1518 1796 1541 seu

1053 1556 1323 1604 metropolitanis,
1355 1563 1408 1590 aut
1435 1556 1528 1590 unius
1557 1554 1742 1590 cathedralis
1768 1564 1798 1590 et

1054 1607 1310 1654 metropolitanae
1324 1605 1352 1639 in
1364 1604 1614 1640 dictaAlemania
1628 1605 1799 1640 consisten-

1055 1658 1131 1691 tium
1163 1656 1365 1691 ecclesiarum
1381 1684 1390 1695 ‚
1413 1668 1469 1702 per
1496 1667 1593 1689 unum
1616 1667 1651 1689 ex
1675 1655 1798 1689 nunciis

1055 1706 1170 1741 nostris
1198 1705 1312 1740 ibidem
1335 1705 1543 1740 existentibus
1566 1704 1656 1745 sacta,
1680 1704 1719 1739 ita
1746 1716 1800 1739 eos

1056 1757 1132 1802 liget
1159 1764 1187 1791 et
1210 1763 1318 1796 arctet,
1340 1755 1573 1802 Martinumque
1587 1762 1616 1789 et
1643 1754 1721 1790 alios
1747 1755 1800 1790 de-

1055 1806 1187 1841 claratos
1204 1806 1368 1840 damnatos
1388 1805 1568 1839 huiusmodi
1606 1803 1799 1840 demonstret

1057 1857 1087 1890 in
1104 1855 1250 1890 omnibus
1261 1863 1291 1889 et
1306 1867 1360 1901 per
1373 1855 1488 1894 omnia,
1504 1867 1539 1889 ac
1551 1854 1576 1890 si
1591 1854 1636 1889 eis
1649 1862 1802 1890 eteorum

1057 1906 1185 1940 cuilibet
1212 1905 1416 1952 personaliter
1440 1904 1596 1939 intimatae
1611 1912 1641 1939 et
1663 1916 1804 1951 praesen-

1058 1963 1138 1990 tatae
1157 1955 1303 1989 fuissent.

1106 2008 1121 2048 ξ
1144 2007 1175 2039 8.
1192 2004 1233 2038 Et
1254 2004 1327 2051 quia
1350 2003 1442 2038 etiam
1465 2003 1591 2038 difficile
1612 2003 1692 2038 soret
1714 2015 1805 2050 prae·
1826 2016 2001 2041 run-umam-

1058 2062 1163 2089 sentes
1177 2054 1281 2089 literas
1303 2053 1339 2088 ad
1358 2053 1480 2099 singula
1503 2064 1647 2100 quaeque
1669 2052 1735 2087 loca
1750 2052 1805 2088 de-
1820 2049 1839 2070 ‘¹¹
1855 2046 1953 2068 ‘¹⁰⁰¹''’¹·

1059 2103 1142 2145 ferri,
1170 2104 1201 2138 in
1224 2103 1339 2151 quibus
1366 2115 1472 2138 earum
1496 2102 1666 2149 publicatio
1689 2114 1806 2137 neces-

1059 2154 1138 2189 saria
1161 2153 1250 2194 foret,
1266 2153 1423 2197 volumus,
1438 2151 1611 2198 etpraefata
1622 2152 1806 2188 auctoritate

1060 2203 1259 2239 decernimus
1282 2202 1365 2250 quod
1388 2214 1494 2237 earum
1523 2202 1738 2250 transumptis,
1764 2203 1807 2238 si-

1060 2253 1133 2300 gillo
1156 2253 1287 2288 alicuius
1311 2252 1435 2299 praelati
1459 2251 1662 2286 ecclesiastici
1686 2264 1740 2287 seu
1769 2264 1808 2288 ex

1062 2303 1187 2338 nunciis
1209 2303 1321 2337 nostris
1344 2300 1512 2349 praedictis
1526 2302 1657 2336 munitis
1669 2311 1699 2337 et
1713 2314 1806 2336 mann

1062 2354 1195 2388 alicuius
1213 2352 1326 2398 publici
1351 2351 1460 2386 notarii
1481 2350 1678 2399 subscriptis,
1692 2351 1808 2399 ubique

1063 2411 1173 2447 stetur,
1189 2411 1281 2449 prout
1291 2401 1507 2449 praesentibus
1521 2401 1727 2447 originalibus
1740 2402 1809 2436 lite-

1064 2454 1106 2488 ris
1117 2461 1264 2496 staretnr,
1274 2453 1299 2486 si
1308 2460 1412 2486 essent
1424 2451 1581 2486 exhibitae
1596 2451 1641 2485 vel
1652 2459 1806 2486 ostensae.

1112 2506 1127 2546 ἓ
1150 2506 1182 2537 9.
1213 2502 1282 2536 Nou
1312 2501 1508 2536 obstantibus
1530 2501 1809 2536 constitutionibus

1065 2562 1094 2588 et
1121 2551 1373 2587 ordinationibus
1395 2550 1585 2598 apostolicis,
1604 2563 1640 2585 ac
1662 2549 1809 2585 omnibus

1067 2602 1137 2643 illis,
1154 2601 1276 2649 quaein
1301 2600 1457 2648 prioribus
1478 2600 1574 2635 literis
1589 2600 1703 2635 nostris
1720 2611 1809 2647 prae-

1067 2652 1158 2687 dictis
1188 2651 1342 2686 voluimus
1364 2662 1425 2684 non
1455 2649 1602 2691 obstare,
1635 2649 1810 2698 ceterisque

1066 2701 1230 2737 contrariis
1251 2700 1515 2751 quibuscumque.

1840 2508 2007 2536 Quibuscumquo

1824 2546 1867 2561 nou
1880 2539 1992 2575 obsuutlga.
