2281 3251
236 277 286 304 An.
304 268 334 304 c.
354 275 421 302 ists

241 879 331 906 Eamque
340 879 418 899 nullam

237 915 284 930 ene
298 911 419 931 decernitet

238 941 329 966 damnat,

485 262 555 297 669.

436 344 472 366 ex
493 331 630 366 'Nicaena
653 337 683 363 et
705 326 863 373 Epliesina
887 337 921 360 ac
949 324 1186 359 Clialcedonen.

438 379 630 415 lininsmodi.
645 386 672 412 et
688 385 777 411 sexta
791 375 1141 420 (jormanttnopotttana
1158 383 1186 407 et

436 431 565 477 septima
595 427 703 463 eadem
733 425 868 459 Nicaena
897 437 931 459 ac
959 424 1103 458 Romana
1127 423 1188 457 sub

435 478 625 515 Svmmaclto
652 475 780 524 synodis
804 474 930 511 habitis,
949 485 1122 520 earumque
1137 484 1188 518 ge—

435 520 506 564 stis.
530 539 652 562 necnon
687 527 715 560 in
751 524 870 558 Aitnari
895 523 974 557 libro
997 522 1035 556 de
1058 522 1187 569 synodis

437 577 600 612 manifeste
629 575 812 621 colligitur:
848 573 932 620 quod
959 572 1052 606 etiam
1078 572 1187 606 novis-

435 628 513 661 sime
540 625 760 661 Canstantien.
785 634 890 670 patres
919 622 1031 656 fecisse
1053 629 1186 656 constat.

434 676 536 718 Quam
565 673 752 710 laudabilem
787 671 1051 707 consuetudinem
1079 672 1104 705 si
1132 669 1188 705 Bi-

436 726 568 760 turicen.
599 732 629 759 et
652 723 809 758 Basileen.
832 723 931 757 secuti
959 721 1103 761 fuissent,
1131 719 1189 754 bu-

436 774 570 810 iusmodi
588 773 729 808 molestia
754 771 860 819 procul
878 771 975 806 dnbio
995 782 1185 805 careremus.

483 825 503 872 g
526 826 558 857 7.
581 822 755 870 Cupientes
777 833 905 869 quoque
929 819 1112 855 huiusmodi
1137 832 1188 854 ne·

435 875 553 920 gotium
577 873 613 907 ad
637 872 776 906 debitum
802 872 895 905 linem
919 870 1061 918 perduci,
1075 882 1110 904 ac
1125 878 1186 904 tam

435 923 540 969 vigore
553 922 737 957 citationum
754 920 908 955 hactenus
923 933 938 955 a
949 920 1040 954 nobis
1050 927 1080 953 et
1096 931 1187 966 prae-

435 972 496 1007 fato
509 972 590 1007 Iulio
613 970 854 1019 praedecessore
869 983 906 1005 ex
919 969 1090 1004 abundanti
1105 981 1187 1004 ema-

434 1031 599 1062 natarum,
626 1033 720 1068 quam
757 1019 890 1055 aliorum
920 1019 1186 1067 praemissorum,

433 1084 514 1119 quae
533 1072 572 1106 ita
596 1071 717 1106 notoria
735 1078 819 1110 sunt,
837 1079 870 1104 ut
893 1070 976 1104 nulla
999 1069 1121 1104 valeant
1136 1080 1187 1103 ex-

433 1121 593 1156 cusatione
616 1129 669 1155 aut
691 1120 951 1166 tergiversatione
970 1118 1077 1159 celari;
1091 1118 1186 1152 etiam

433 1183 471 1206 ex
505 1178 614 1206 nostro
649 1169 794 1217 pastorali
832 1169 935 1204 officio
959 1167 1184 1215 procedentes,

433 1232 607 1268 omnesque
640 1229 669 1254 et
704 1219 861 1266 singulos,
895 1228 958 1254 tam
992 1219 1069 1253 iuris
1091 1229 1185 1265 qnam

434 1269 515 1314 facti,
539 1270 692 1314 desectus,
714 1269 738 1304 si
761 1269 814 1316 qui
837 1268 941 1303 forsan
958 1269 986 1302 in
1005 1267 1188 1315 praemissis

434 1320 672 1363 intervenerint,
694 1320 887 1366 supplentes,
916 1331 953 1352 ex
976 1328 1061 1353 certa
1081 1326 1187 1352 nostra

433 1369 561 1403 scicntia
592 1378 618 1403 et
642 1368 681 1402 de
708 1368 897 1414 apostolicae
926 1368 1090 1415 potestatis
1119 1368 1187 1414 ple—

434 1418 579 1453 nitudine
611 1418 742 1462 {eodem
770 1431 860 1453 sacro
887 1417 1084 1464 approbante
1107 1428 1187 1451 con-

432 1468 528 1512 cilio),
542 1476 649 1503 tenore
666 1468 894 1514 praesentium,
910 1467 1078 1515 praefatam
1095 1478 1187 1513 prag-

432 1518 577 1552 maticam
617 1517 814 1552 sanctionem
853 1529 909 1551 seu
944 1516 1160 1563 corruptelam
1177 1543 1186 1561 ,

432 1567 563 1614 eiusque
572 1567 833 1615 approbationem
849 1566 1089 1613 quomodolibet
1104 1578 1187 1601 ema-

432 1624 547 1661 natam,
575 1617 743 1664 omniaque
765 1625 795 1651 et
822 1616 945 1664 singula
971 1616 1109 1660 decreta,
1132 1627 1187 1651 ca—

432 1666 542 1713 pitula,
565 1675 690 1707 statuta,
705 1667 950 1701 constitutiones
971 1667 1037 1701 sive
1059 1666 1187 1700 ordina-

433 1716 535 1750 tiones
558 1717 587 1751 in
611 1716 720 1751 eadem
745 1716 986 1763 quomodolibet
1020 1723 1186 1751 contentas

433 1777 488 1800 seu
504 1766 595 1800 etiam
612 1766 756 1810 insertas,
775 1778 810 1800 ac
829 1766 866 1800 ab
880 1766 950 1800 aliis
970 1765 1058 1812 prius
1072 1765 1185 1806 editas;

434 1827 556 1850 necnon
581 1816 840 1858 consuetudines,
862 1815 992 1863 stylum,
1011 1827 1106 1849 usum
1122 1816 1186 1849 sive

435 1865 540 1911 potius
561 1864 692 1899 abusum
721 1878 758 1900 ex
780 1878 814 1899 ea
839 1865 870 1899 in
894 1865 1086 1912 hancusqne
1102 1865 1184 1899 diem

434 1915 672 1960 quomodolibet
699 1923 863 1949 emanatos
897 1927 952 1949 seu
981 1915 1186 1959 observatos,

436 1963 554 1998 nullius
581 1964 701 1999 roboris
722 1965 766 1998 vel
791 1964 942 1999 momenti
967 1963 1064 1999 fuisse
1077 1972 1187 1999 etesse

430 2011 636 2048 decernimus
668 2022 698 2048 et
733 2013 943 2049 declaramus.
971 2013 1118 2057 Necnon,
1147 2014 1184 2049 ad

435 2061 695 2098 abundantiorem
723 2063 891 2102 cautelam,
905 2062 1050 2098 camdem
1065 2063 1185 2098 Bituri-

437 2126 561 2151 censem
583 2117 775 2152 sanctionem
793 2117 858 2152 sive
872 2117 1083 2164 corruptelam
1100 2119 1187 2153 eius-

436 2181 499 2216 que
513 2171 772 2218 approbationem
789 2172 914 2206 tacitam
929 2171 974 2206 vel
991 2183 1186 2218 expressam,

438 2231 472 2258 ut
507 2224 698 2270 praefertur,
725 2232 756 2259 et
785 2225 814 2259 in
842 2237 876 2260 ea
899 2233 1048 2260 contenta
1081 2228 1185 2261 omnia

437 2285 467 2313 ct
487 2278 607 2324 singula
636 2280 727 2314 etiam
757 2281 871 2315 inserta
893 2291 1114 2327 quaecumque
1138 2293 1186 2315 re-

437 2344 598 2371 vocamus.
613 2347 786 2379 cassamus,
799 2335 998 2381 abrogamus,
1015 2335 1186 2380 irritamus,

437 2387 638 2423 annullamus
653 2401 688 2423 ac
707 2389 906 2430 damnamus,
929 2397 957 2423 et
983 2400 1038 2435 pro
1052 2389 1186 2429 intectis,

439 2441 602 2481 revocatis,
625 2443 765 2486 cassatis,
784 2442 957 2489 abrogatis,
981 2442 1119 2484 irritatis,
1135 2456 1187 2477 an·

439 2495 565 2530 nullatis
587 2505 615 2530 et
638 2495 794 2531 damnatis
817 2497 924 2531 baberi
944 2495 1102 2538 volumus,
1125 2496 1185 2531 de-

440 2550 598 2585 cernimus
617 2558 647 2584 et
668 2550 874 2586 declaramus.

488 2604 554 2651 58.
583 2603 707 2639 Etcum
731 2604 769 2638 de
793 2604 978 2639 necessitate
999 2604 1111 2639 salutis
1125 2605 1188 2638 exi·

441 2665 500 2693 stat
520 2670 631 2694 omnes
656 2658 878 2694 christifideles
906 2658 1052 2695 Romano
1076 2658 1188 2694 Ponti-

1040 269 1225 292 ut‘LLAtttcn
1255 267 1417 290 “onasum

1998 263 2048 292 An.
2066 263 2096 292 c.
2115 245 2184 294 iste

1230 323 1279 357 fici
1307 323 1456 365 subesse,
1480 330 1572 369 prout
1595 321 1720 357 divinae
1743 321 1930 368 Scripturae
1952 330 1983 357 et
2011 331 2112 353 Bonis-eii
2133 330 2181 352 vm

1229 382 1412 407 sanctorum
1431 371 1557 406 Patrum
1581 372 1761 407 testimonio
1789 372 1979 410 edocemur,
1996 363 2184 415 22¹52¹ff³S¹¹2⁶¹2

1229 435 1264 456 ac
1293 422 1521 456 constitutione
1549 421 1599 455 fel.
1628 422 1801 457 memoriae
1823 420 1981 456 Bonifacii
1997 426 2062 461 dien-3
2085 424 2183 476 ⁸2⁰¹·-

1231 471 1333 518 Papae
1356 471 1445 510 x'ltt,
1473 471 1618 505 similiter
1647 471 1902 519 praedecessoris
1925 461 2077 513 „0-{212'2}
2102 494 2126 513 n.
2144 461 2183 508 ’ὖῖ

1229 522 1300 559 stri,
1330 533 1411 568 quae
1435 521 1544 567 incipit
1573 521 1671 555 Unam
1705 530 1854 563 sanctam,
1876 520 1983 555 decla·
1995 518 2183 570 {ssssssl‘ffi'ss‘ssss

1230 579 1326 610 ratur,
1357 583 1413 618 pro
1436 569 1621 605 corumdem
1647 570 1787 605 fidelium
1804 571 1983 606 animarum
1997 584 2040 606 ηις

1229 620 1330 655 salute
1353 634 1387 655 ac
1410 619 1545 655 Romani
1568 619 1732 655 Pontificis
1754 630 1783 655 et
1806 620 1902 654 liuius
1915 632 1986 654 san-

1229 678 1295 705 ctae
1322 669 1416 704 Sedis
1443 682 1591 716 suprema
1611 671 1810 714 auctoritate,
1825 677 1856 704 et
1874 669 1985 704 Eccle-

1229 719 1294 754 siae
1320 732 1457 766 sponsae
1491 732 1568 754 suae
1597 720 1716 754 unitate
1745 727 1776 753 et
1813 726 1985 766 potestate,

1229 770 1489 804 constitutionem
1532 769 1660 815 ipsam,
1696 780 1786 803 sacro
1826 769 1984 815 praesenti

1229 819 1364 853 concilio
1386 818 1596 866 approbante,
1612 819 1800 853 innovamus
1821 826 1851 853 et
1868 829 1986 865 appro-

1229 868 1363 912 bamus,
1391 869 1461 904 sine
1485 877 1589 903 tamen
1625 867 1819 915 praeiudicio
1842 867 1986 902 declara-

1229 919 1323 953 tionis
1350 927 1477 953 sanctae
1501 930 1595 953 mem.
1620 917 1796 953 Clementis
1822 916 1928 964 Papae
1945 915 1985 957 V,

1229 980 1310 1016 qnae
1333 968 1444 1015 incipit
1467 969 1593 1002 Mei-uit.

1277 1018 1297 1065 S
1319 1021 1352 1052 9.
1377 1017 1573 1058 lnhibentes,
1590 1017 1621 1051 in
1635 1017 1749 1052 virtute
1763 1024 1892 1052 sanctae
1907 1015 1986 1051 obe·
2013 1023 2077 1061 Usjm
2093 1024 2112 1061 ‘¹.·
2121 1030 2185 1062 13¹¹!-

1229 1067 1368 1102 dientiae
1395 1076 1425 1103 et
1451 1067 1511 1102 snb
1539 1067 1651 1114 poenis
1678 1075 1709 1102 et
1736 1067 1883 1102 censuris
1905 1065 1984 1101 infra
1999 1056 2186 1109 ’ἒζζὶἷζῖζζξξῖ

1228 1117 1387 1158 dicendis,
1415 1117 1566 1152 omnibus
1593 1125 1625 1152 et
1647 1115 1780 1163 singulis
1802 1115 1986 1152 christifide—
2000 1118 2039 1140 ¹³⁰⁵
2054 1119 2163 1146 ¹²¹⁰ffl’0‘i

1229 1167 1330 1212 libus,
1359 1177 1419 1202 tam
1444 1167 1530 1202 laicis
1557 1179 1652 1214 quam
1676 1166 1818 1211 clericis,
1839 1165 1986 1202 saecula-

1229 1217 1316 1252 ribus
1334 1225 1366 1252 et
1387 1217 1572 1264 quorumvis
1587 1216 1759 1260 Ordinum,
1781 1216 1875 1251 etiam
1894 1215 1987 1251 Men-

1229 1266 1414 1306 dieantium,
1434 1266 1636 1313 regularibus
1651 1273 1681 1300 et
1697 1266 1765 1301 aliis
1779 1265 1987 1313 quibuscum-

1228 1328 1290 1362 que
1320 1317 1484 1363 pcrsoniS,
1512 1316 1743 1364 cuiuscumque
1770 1323 1889 1357 status,
1912 1327 1988 1362 gra-

1228 1367 1289 1401 dus
1311 1373 1341 1400 et
1364 1366 1558 1401 conditionis
1580 1366 1726 1410 existant,
1745 1364 1837 1399 etiam
1853 1364 1888 1400 S.
1898 1364 1985 1400 ΚΕ.

1229 1415 1454 1457 cardinalibus,
1479 1415 1679 1463 patriarchis,
1709 1414 1912 1462 primatibus,
1934 1426 1987 1449 ar-

1228 1465 1440 1512 chiepiscopis
1455 1473 1486 1499 et
1501 1466 1661 1513 episcopis
1675 1473 1707 1499 et
1724 1464 1891 1512 quibusvis
1904 1464 1986 1509 aliis,

1228 1514 1439 1550 ecclesiastica
1464 1515 1509 1550 vel
1539 1515 1699 1550 mundana
1726 1514 1776 1549 vel
1798 1513 1909 1561 quavis
1926 1512 1987 1549 alia

1228 1564 1383 1611 dignitate
1406 1564 1610 1611 fulgentibus,
1636 1563 1851 1611 omnibusque
1873 1563 1941 1599 aliis
1955 1571 1987 1598 et

1228 1615 1364 1661 singulis
1388 1614 1546 1662 praelatis,
1558 1614 1694 1653 clericis,
1705 1613 1852 1661 capitulis
1863 1621 1893 1648 et
1908 1625 1986 1648 con-

1229 1664 1377 1699 ventibus
1404 1664 1621 1700 saecularibus
1643 1672 1673 1700 et
1705 1663 1864 1699 Ordinum
1894 1675 1986 1710 prae-

1228 1713 1386 1750 dictorum
1411 1714 1633 1760 regularibus,
1655 1714 1750 1749 etiam
1774 1713 1987 1748 monasterio-

1229 1776 1298 1799 rum
1326 1764 1507 1809 abbatibus,
1531 1763 1863 1811 prioribus,ducibus,
1885 1763 1986 1798 comi-

1229 1813 1326 1859 tibus,
1344 1814 1556 1861 principibus,
1572 1814 1756 1857 baronibus,
1771 1812 1986 1860 parlamentis,

1227 1863 1427 1908 officialibus,
1449 1864 1540 1898 etiam
1565 1864 1670 1909 regiis,
1693 1862 1863 1906 indicibus,
1891 1862 1984 1897 advo-

1228 1914 1321 1954 catis,
1345 1913 1492 1954 notariis,
1516 1913 1742 1948 tabellionibus
1764 1911 1985 1948 ecclesiasticis

1228 1962 1274 1997 vel
1284 1963 1510 2002 saecularibus,
1529 1971 1559 1998 et
1573 1962 1738 2010 quibusvis
1755 1962 1824 1997 aliis
1842 1962 1985 2008 personis

1229 2012 1462 2058 ecclesiasticis,
1485 2012 1684 2059 regularibus
1705 2020 1736 2047 et
1757 2011 1983 2053 saecularibus,

1230 2070 1261 2096 ut
1297 2062 1482 2109 praefertur,
1510 2075 1716 2110 quacumque
1743 2061 1895 2108 dignitate
1923 2060 1985 2096 fut-

1228 2116 1388 2162 gentibus,
1408 2117 1437 2150 in
1455 2116 1593 2164 praefato
1616 2129 1715 2164 regno
1737 2115 1900 2156 Franciae,
1916 2114 1986 2150 Det-

1229 2170 1378 2217 pliinatus
1406 2181 1437 2206 et
1466 2171 1662 2219 ubicumque
1701 2169 1860 2218 praedicta
1889 2181 1985 2216 prag-

1230 2225 1339 2259 matica
1358 2253 1367 2270 ,
1394 2225 1514 2261 directe
1539 2226 1585 2260 vel
1615 2225 1789 2266 indirecte,
1813 2224 1907 2260 tacite
1935 2223 1984 2259 vel

1229 2291 1377 2326 expresse
1401 2281 1538 2327 vigeret,
1561 2278 1801 2327 quomodolibet
1821 2278 1985 2314 existenti-

1230 2332 1287 2367 bus
1309 2334 1355 2369 vel
1379 2347 1436 2382 pro
1459 2343 1601 2382 tempore
1623 2334 1753 2375 suturis,
1785 2346 1825 2368 ne
1847 2333 1886 2368 de
1909 2345 1984 2368 cae-

1229 2395 1310 2429 tero,
1341 2388 1477 2435 praefata
1505 2388 1695 2436 pragmatica
1717 2388 1896 2433 sanctione,
1926 2399 1983 2423 seu

1230 2444 1335 2489 potius
1347 2444 1538 2491 corruptela,
1550 2442 1791 2491 quomodolibet
1805 2442 1851 2477 vel
1870 2442 1984 2490 quavis

1229 2508 1336 2541 cansa,
1360 2499 1451 2534 tacite
1475 2497 1521 2533 vel
1544 2509 1706 2545 expresse,
1728 2496 1847 2532 directe
1864 2497 1910 2531 vel
1933 2496 1984 2531 in-

1229 2551 1346 2587 directe
1369 2561 1421 2587 ant
1448 2553 1561 2600 quovis
1579 2551 1639 2587 alio
1653 2551 1798 2599 quaesito
1815 2550 1919 2586 colore
1931 2551 1983 2586 vel

1230 2605 1374 2651 ingenio,
1402 2607 1431 2640 in
1460 2606 1717 2654 quibuscumque
1743 2604 1866 2640 actibus
1897 2604 1983 2640 iudi-

1229 2659 1360 2696 cialibus
1378 2661 1424 2696 vel
1439 2660 1728 2696 extraiudicialibus
1742 2660 1797 2704 uti,
1812 2671 1868 2696 seu
1883 2659 1979 2696 etiam
