2281 3251
94 248 144 276 ΑΙ.
166 246 195 274 C.
208 246 276 275 ¹515

105 898 220 920 Veniente·
245 898 269 919 ad

87 930 186 952 Ordinem
211 931 270 950 reci-

87 961 169 988 piantur
185 962 209 982 ub
226 960 270 982 Oh-

87 993 202 1014 narrantib.
221 995 270 1013 tau-

87 1025 136 1044 tum.

969 244 1032 268 1130
1054 245 1077 268 X
1098 246 1146 269 1³1³.

289 311 410 334 marum
437 310 564 334 suarum
593 299 706 341 salute,
728 298 966 348 Religionisque
982 312 1035 336 no·

289 357 369 385 strae
391 348 621 391 reformatione,
635 348 796 383 hortamur
816 356 909 397 atque
931 349 1035 386 admo-

289 410 401 435 nemus
426 398 487 433 hoc
514 398 627 434 facere.
649 398 863 446 Volentesquc
893 408 925 434 ut
947 399 1034 435 Con-

287 447 499 492 ventualibus,
515 449 560 484 sic
575 448 613 483 ad
639 447 799 483 meliorem
824 451 1035 485 conversatio·

287 510 358 533 nem
383 497 512 532 transire
535 497 728 542 volentibus,
750 499 837 533 locus
860 499 888 532 in
917 499 1032 534 obser—-

288 547 389 582 vantia
421 547 568 594 denegari
607 548 667 582 sub
701 547 808 582 eadem
844 560 942 595 poena
970 561 1030 583 non

286 598 397 644 possit,
424 596 483 631 nisi
508 606 578 644 post
601 597 722 632 tertiam
747 597 975 644 probationem,
999 608 1030 633 ut

285 647 315 680 in
338 647 375 681 B.
399 645 561 682 Benedicti
578 647 699 694 Regula
719 647 871 694 scriptum
895 656 953 690 est;
977 648 1031 683 sed

285 708 340 742 per
353 695 596 731 Observantium
624 697 811 732 monasteria
824 725 833 742 ,
855 697 1030 733 secundum

284 746 516 793 beneplacitum
539 747 734 781 visitatorum
769 755 799 781 et
831 746 1030 783 definitorum

284 795 542 841 Observantium,
558 796 760 844 deputentur.

332 846 352 893 g
376 847 456 880 105.
480 845 570 891 Item,
593 855 625 881 ut
652 846 896 881 Observantium
928 847 1032 892 potius

284 908 377 943 quam
400 895 664 931 Conventualium
702 897 732 930 in
769 904 876 931 nostro
911 895 1031 932 Ordine

285 957 435 980 numerus
457 954 618 992 augeatur,
641 955 670 981 et
692 957 803 981 omnes
830 945 867 980 ad
892 954 1029 981 nostram

283 994 480 1041 Religionem
499 996 647 1031 accedere
669 996 819 1035 volentes,
836 995 866 1029 in
890 995 958 1030 loco
972 996 1030 1030 ob-

283 1044 468 1085 servantiae,
491 1044 629 1080 habitum
653 1045 828 1092 Religionis
860 1045 1031 1092 suscipiant

283 1101 312 1129 et
334 1093 560 1141 professionem
584 1095 748 1136 emittant,
775 1095 961 1130 innovamus
981 1107 1031 1129 an-

283 1144 400 1191 tiquam
436 1144 533 1178 nostri
561 1144 690 1179 Ordinis
717 1144 973 1179 constitutionem
997 1153 1030 1179 ut

283 1193 389 1229 nullus
412 1192 676 1229 Conventualium
713 1194 923 1240 praelatorum
940 1221 948 1235 ‚
976 1195 1030 1241 qui

282 1243 425 1290 perpetui
452 1250 536 1287 sunt,
558 1244 658 1290 possit
684 1243 778 1278 alicui
808 1243 947 1277 habitum
972 1255 1030 1278 no—

281 1302 362 1327 strae
383 1292 557 1339 Religionis
579 1293 739 1337 exhibere,
753 1301 783 1328 et
804 1293 1030 1329 contrafaciens

280 1354 414 1390 poenam
437 1342 620 1389 privationis
646 1342 873 1378 beneficiorum
901 1355 1028 1378 suorum

227 1417 230 1419 Α
280 1404 319 1427 eo
346 1393 415 1439 ipso
442 1392 594 1427 incurrat.

97 1498 240 1521 observantes
246 1499 266 1520 in

84 1530 140 1551 victu
147 1545 153 1555 ,
172 1530 250 1551 vestitu
259 1546 265 1555 ,

38 1584 41 1587 ,
85 1561 229 1584 celebratione
238 1561 267 1583 ot'·

84 1593 178 1615 liciorum
192 1596 230 1613 εει.
241 1598 266 1614 e-

85 1624 164 1646 amdem
178 1623 265 1645 sormam

44 1684 48 1688 ι
85 1660 156 1676 onnes
175 1655 264 1677 *observ

92 1995 197 2016 Licentiae
208 1999 266 2016 atan-

87 2029 106 2049 di
125 2029 184 2048 extra
203 2026 266 2047 Ordi-

85 2063 132 2079 nem
166 2062 267 2078 revocan-

84 2091 124 2110 tur.

329 1445 344 1485 ᾗ
370 1444 450 1477 104.
473 1442 564 1488 Item,
588 1442 758 1478 definimus
785 1450 815 1477 et
843 1442 1030 1479 mandamus

281 1499 315 1526 ut
340 1504 462 1537 omnes,
483 1502 546 1528 tam
574 1493 701 1540 praelati
728 1504 822 1539 quam
846 1493 968 1527 monaci
991 1494 1030 1529 de

281 1540 486 1578 Observantia
521 1543 676 1590 (exceptis
698 1542 859 1582 Eremitis‚
895 1555 1027 1589 quorum

281 1592 341 1627 vita
355 1592 469 1627 arctior
488 1601 517 1627 et
534 1592 622 1628 locus
635 1592 789 1628 austerior
810 1595 880 1637 est),
895 1592 1030 1628 debeant

280 1641 311 1676 in
336 1642 430 1684 victu,
457 1642 581 1682 vestitu,
606 1650 746 1687 tonsura,
768 1642 864 1677 divini
887 1642 980 1677 officii
1000 1651 1031 1678 et

280 1691 446 1727 missarum
481 1691 693 1728 celebratione
731 1701 761 1727 et
786 1691 855 1727 aliis
882 1692 1030 1728 omnibus

281 1741 422 1777 moribus
444 1750 474 1778 et
501 1742 722 1783 caeremoniis,
741 1749 803 1777 tam
827 1751 912 1777 extra
934 1754 1028 1789 quam

279 1791 360 1827 intra
388 1791 630 1838 monasterium,
660 1792 809 1827 eumdem
847 1792 974 1827 modum
999 1801 1029 1828 et

280 1853 434 1884 normam,
449 1841 516 1876 sine
539 1842 598 1877 ulla
621 1842 747 1891 penitus
774 1841 965 1887 diversitate,
980 1843 1029 1877 ha-

279 1890 353 1926 bere
379 1899 410 1926 et
431 1891 610 1927 observare.

328 1944 344 1984 g
367 1942 446 1976 405.
474 1941 566 1986 Item,
588 1954 698 1977 omues
717 1950 748 1977 et
769 1942 909 1988 singulas
931 1942 1028 1977 licen-

279 1989 350 2036 tias,
364 1991 461 2026 nostri
483 1991 611 2027 Ordinis
634 1993 773 2028 monacis
794 2000 847 2028 aut
868 1993 1029 2028 conversis

280 2052 456 2086 concessaS,
473 2049 557 2076 extra
581 2042 751 2077 claustrum
774 2050 804 2078 et
825 2051 910 2078 extra
932 2042 1028 2077 Ordi—

280 2106 350 2130 nem
373 2096 586 2130 commorandi
610 2108 803 2132 revocamus.
832 2097 871 2131 Et
894 2097 1027 2142 eisdem,

279 2161 351 2185 cum
375 2149 500 2185 licentia
516 2160 570 2185 aut
584 2151 663 2192 siue,
676 2159 761 2186 extra
780 2151 933 2187 Ordinem
947 2164 1029 2187 com—

281 2204 488 2247 morantibus,
504 2205 562 2240 sub
581 2218 681 2254 poena
703 2206 904 2253 gravissimae
919 2207 1029 2254 culpae

280 2258 466 2294 mandamus
484 2260 621 2304 ut,int“ra
642 2260 810 2295 terminum
832 2261 926 2295 trium
942 2273 1029 2296 men-

279 2314 361 2349 sium
384 2326 400 2349 a
424 2322 591 2363 praecepto
621 2315 681 2350 sibi
714 2315 806 2357 facto,
829 2314 963 2350 debeant
995 2327 1028 2351 se

281 2381 384 2404 coram
412 2369 550 2416 generali
572 2377 624 2405 aut
647 2369 761 2404 vicario
784 2376 836 2404 aut
862 2369 1029 2405 visitatori-

281 2422 340 2458 bus
362 2430 578 2471 praesentare,
606 2423 659 2472 qui
686 2423 805 2459 eisdem
829 2422 868 2458 de
891 2435 1027 2471 congrua

281 2477 442 2513 mansione
465 2477 494 2512 in
518 2477 638 2513 Ordine
661 2486 767 2513 nostro
794 2477 956 2525 providere
979 2477 1028 2513 de-

281 2530 382 2567 beant.
428 2531 672 2580 Teneantnrque
710 2532 852 2580 perpetui
901 2532 1028 2579 przoelati

281 2598 428 2622 monacos
447 2599 503 2623 seu
518 2599 688 2623 conversos
704 2586 898 2632 huiusmodi,
917 2587 956 2622 ad
975 2599 1029 2623 eos

279 2651 335 2688 per
355 2641 530 2687 generalem
554 2641 703 2677 vicarium
727 2649 779 2678 aut
795 2641 968 2677 visitatores
983 2641 1028 2677 di-

356 2697 430 2730 Bull.
447 2698 524 2730 Rom.
546 2698 601 2730 Vol.
622 2698 651 2729 V.
874 2699 906 2729 71

1704 235 1767 269 561

1076 308 1203 347 rectos,
1237 301 1373 349 benigne
1407 301 1547 349 recipere
1582 308 1612 337 et
1643 300 1822 337 humaniter

1077 359 1207 388 tractare
1223 379 1233 398 ,
1260 351 1319 387 nisi
1342 351 1513 400 legitimam
1535 350 1702 387 habuerint
1723 362 1821 387 exeu-

1076 402 1243 437 sationem.

1123 453 1143 498 g
1171 453 1250 486 too.
1274 451 1363 493 Item,
1391 451 1421 486 in
1449 451 1563 486 virtute
1597 457 1724 486 sanctae
1744 450 1822 486 obe-

1075 500 1223 543 dientiae,
1244 501 1429 536 mandamus
1442 509 1475 535 ut
1490 500 1595 535 nullus
1616 500 1746 535 omnino
1768 512 1819 535 no-

1074 551 1128 585 stri
1164 551 1313 595 Ordinis,
1348 551 1416 585 sine
1450 550 1590 585 omnium
1619 549 1820 585 definitorum

1074 600 1200 647 capituli
1223 610 1254 636 et
1274 600 1366 635 Sedis
1384 599 1584 646 Apostolicae
1606 599 1822 645 licentia,lite·

1074 662 1122 684 ras
1150 649 1366 685 familiaritatis
1400 650 1531 685 alicuius
1564 648 1732 684 cardinalis
1765 661 1821 685 seu

1074 699 1200 746 praelati
1238 700 1404 747 impetrare
1443 699 1560 746 possit;
1587 710 1623 734 ac
1644 698 1742 734 literis
1763 699 1822 736 de-

1073 761 1170 796 super
1196 761 1250 796 per
1282 761 1336 784 eos
1372 749 1524 784 hactenus
1557 748 1744 796 impetratis,
1764 749 1823 784 sub

1074 811 1174 846 poena
1203 799 1386 845 privationis
1403 798 1628 834 beneficiorum
1651 810 1779 834 suorum
1792 807 1822 835 et

1074 848 1277 883 inhabilitatis
1291 848 1328 883 ad
1344 849 1392 883 illa
1409 849 1437 883 in
1456 856 1615 895 posterum
1638 847 1821 891 obtinenda,

1074 899 1258 933 renunciare
1276 898 1421 934 habeant.
1446 899 1555 946 Neque
1577 905 1661 933 extra
1676 897 1743 933 loca
1755 898 1821 934 Re-

1073 948 1197 995 ligionis
1224 960 1280 982 seu
1308 949 1339 982 in
1373 948 1504 982 aliarum
1536 947 1742 994 Religionum
1769 957 1822 984 aut

1073 997 1281 1033 saecularium
1301 997 1377 1032 locis
1400 1009 1583 1044 permanere
1606 1005 1821 1044 praesumant;

1073 1059 1175 1094 neque
1199 1047 1320 1094 possint
1334 1046 1497 1088 beneficia,
1516 1047 1665 1082 ecclesias
1686 1055 1740 1082 aut
1753 1047 1821 1084 loca

1072 1097 1142 1140 alia,
1164 1097 1202 1131 ad
1230 1097 1370 1143 regimen
1392 1104 1446 1131 aut
1468 1096 1507 1131 ad
1529 1096 1668 1131 affictum
1686 1103 1739 1132 aut
1759 1096 1821 1132 alio

1074 1146 1178 1187 modo,
1201 1146 1269 1180 sine
1291 1145 1400 1181 eadem
1423 1146 1548 1181 licentia
1570 1154 1600 1180 et
1624 1144 1684 1180 sub
1710 1146 1819 1182 eadem

1074 1196 1369 1243 poena,suscipere.
1390 1194 1500 1243 Neque
1517 1195 1610 1230 etiam
1634 1196 1756 1242 possint
1771 1209 1822 1231 su-

1073 1258 1127 1293 per
1154 1245 1203 1280 his
1229 1245 1384 1292 generalis
1416 1252 1469 1280 aut
1497 1245 1667 1292 capitulum
1689 1245 1795 1281 Eremi
1812 1273 1820 1287 ‚

1073 1307 1174 1342 neque
1196 1295 1275 1330 alius
1296 1307 1425 1343 quoquo
1453 1294 1547 1330 modo
1569 1295 1764 1342 dispensare.

1120 1346 1140 1393 g
1164 1347 1244 1380 107.
1267 1345 1357 1389 Item,
1392 1344 1563 1380 definimus
1596 1352 1627 1380 et
1653 1345 1820 1381 statuimus

1073 1404 1104 1430 ut
1131 1407 1241 1430 omnes
1268 1395 1366 1430 nostri
1401 1394 1531 1430 Ordinis
1558 1393 1709 1430 beneficia
1736 1395 1821 1431 obti-

1072 1453 1195 1489 nentes,
1220 1445 1249 1479 in
1264 1445 1348 1480 dicto
1376 1444 1541 1486 beneficio,
1563 1452 1617 1479 aut
1637 1455 1695 1492 per
1715 1457 1748 1480 se
1767 1454 1820 1480 aut

1072 1508 1128 1543 per
1143 1495 1252 1540 alium,
1268 1494 1428 1542 quinostri
1442 1494 1571 1529 Ordinis
1583 1494 1635 1540 sit,
1650 1494 1820 1537 resideant,

1072 1553 1102 1581 et
1124 1545 1230 1581 debito
1263 1544 1357 1580 modo
1378 1544 1446 1580 Deo
1467 1543 1621 1580 altissimo
1643 1544 1821 1581 deserviant

1071 1603 1123 1630 aut
1146 1595 1304 1630 deservire
1319 1594 1444 1629 faciant.
1460 1594 1500 1628 Et
1521 1594 1726 1643 quicumque,
1753 1595 1822 1630 sine

1071 1657 1217 1693 expressa
1257 1645 1399 1679 omnium
1434 1644 1634 1679 definitorum
1670 1645 1797 1680 licentia
1812 1672 1821 1686 ,

1072 1695 1152 1730 hanc
1179 1694 1406 1730 institutionem
1433 1706 1496 1729 non
1519 1694 1700 1740 servaverit,
1722 1694 1823 1730 bene-

1072 1745 1143 1780 ficio
1177 1756 1235 1780 suo
1262 1745 1301 1780 de
1329 1744 1407 1780 facto
1444 1745 1582 1792 privatus
1616 1744 1821 1791 intelligatur.

1072 1795 1109 1830 Et
1131 1795 1199 1830 loco
1221 1794 1285 1833 cui,
1300 1793 1474 1830 secundum
1495 1794 1692 1842 superiorem
1711 1795 1822 1842 dispo-

1071 1845 1230 1890 sitionem,
1248 1845 1331 1879 uniri
1353 1844 1458 1890 debet,
1481 1857 1536 1892 pro
1547 1844 1637 1880 unito
1652 1852 1683 1880 et
1698 1857 1821 1881 annexo

1073 1895 1234 1931 habeatur.

1119 1950 1135 1989 ἓ
1164 1947 1245 1980 108.
1267 1944 1357 1985 Item,
1373 1943 1543 1979 definimus
1567 1951 1598 1980 et
1621 1944 1819 1991 mandamus,

1071 1995 1131 2030 sub
1152 1995 1262 2030 eadem
1287 2006 1406 2042 poena,
1441 2003 1479 2035 ut
1509 1994 1632 2042 singula
1659 1995 1733 2030 dicti
1755 1995 1820 2030 Or-

1071 2045 1154 2080 dinis
1171 2045 1334 2086 beneficia,
1357 2044 1474 2091 quibus
1497 2056 1570 2079 cura
1593 2045 1735 2080 imminet
1749 2045 1820 2079 ani-

1073 2112 1218 2142 marum,
1250 2111 1383 2147 quorum
1417 2099 1612 2146 singulorum
1648 2099 1768 2135 fructus
1789 2108 1819 2135 et

1073 2161 1239 2201 proventus
1258 2154 1297 2188 ad
1309 2166 1465 2189 summam
1489 2153 1745 2201 vigintiquinque
1760 2154 1819 2190 sso-

1072 2220 1219 2244 renorum
1247 2208 1313 2243 auri
1336 2207 1518 2249 ascendant,
1538 2207 1818 2253 obtinentes,con-

1072 2263 1168 2305 tinne,
1186 2263 1236 2298 die
1258 2270 1430 2309 noctuque,
1465 2271 1535 2297 ante
1569 2262 1818 2298 sacratissimum

1071 2318 1187 2353 Christi
1198 2317 1333 2365 Corpus,
1346 2328 1508 2352 accensam
1527 2316 1700 2365 lampadem
1713 2326 1818 2353 tenere

1071 2371 1215 2408 debeant.
1243 2371 1417 2407 Statuimus
1439 2371 1570 2418 insuper
1591 2383 1627 2406 ac
1649 2370 1819 2407 delinimus

1072 2434 1105 2462 ut
1127 2435 1187 2462 tam
1212 2426 1369 2462 Eremitae
1392 2437 1486 2472 quam
1520 2424 1737 2470 Coenobitae,
1764 2426 1817 2473 qui

1072 2489 1145 2517 tunc
1167 2481 1198 2516 in
1226 2480 1423 2515 observantia
1444 2487 1517 2514 sunt
1542 2487 1594 2514 aut
1622 2480 1653 2514 in
1676 2479 1816 2515 futurum

1070 2544 1185 2576 erunt,
1209 2535 1285 2570 infra
1321 2535 1491 2570 terminum
1513 2535 1652 2583 quinque
1677 2533 1816 2582 proxime

1071 2591 1246 2626 futurorum
1270 2601 1436 2635 annorum,
1451 2589 1585 2625 debeant
1607 2601 1732 2624 omnem
1759 2600 1816 2624 cu-

1071 2658 1134 2681 ram
1162 2645 1336 2682 animarum
1359 2657 1375 2681 a
1397 2644 1474 2681 locis
1495 2656 1616 2687 eorum,
1639 2651 1700 2680 tam
1722 2643 1817 2692 prin-

1838 247 1888 275 Au.
1904 248 1932 276 C.
1952 248 2018 276 ¹5¹5

1851 461 1951 482 familiar.
1966 468 2019 488 pm·

1836 493 1871 513 liti
1896 493 1929 514 vel
1951 495 2019 515 cardi-

1836 525 1889 544 nalis
1916 525 2018 552 quomodo

1836 557 1972 583 impetranda.

1857 1358 1962 1379 Beneficia
1981 1359 2019 1379 ob-

1835 1390 1927 1410 tinentes
1942 1392 1964 1410 et
1974 1395 2016 1410 nou

1834 1422 1961 1446 residentes,
1987 1421 2018 1442 eis

1835 1453 1942 1478 privantur
1953 1451 2019 1473 etot-

1835 1483 1876 1503 dini
1902 1488 2018 1509 aggregan-

1835 1517 1874 1535 tur.

1847 1952 1920 1973 eumin
1936 1953 2017 1974 herien-

1834 1985 1865 2004 εἰει
1881 1984 2016 2005 timendam—

1832 2016 1961 2042 pailemante
1969 2015 2016 2035 Cor·

1833 2052 1871 2072 pus
1891 2046 1967 2067 curisti
1984 2051 2016 2067 te-

1832 2082 1904 2103 neant,
1933 2081 1953 2098 et
1978 2084 2016 2099 cu-

1832 2116 1876 2130 ram
1903 2112 2016 2132 animarum

1833 2144 1957 2166 amoveant,
1995 2144 2017 2161 ut

1832 2171 1866 2192 hie
1878 2188 1883 2195 ,
1899 2172 1953 2193 intra
1966 2178 2014 2193 ann.

1833 2204 1930 2230 quinque.
