2281 3251
235 267 286 293 Αιι.
303 265 334 293 C.
350 266 417 294 1513

238 327 416 355 Ειοιιριῐοιᾶο-

235 360 295 380 timis
318 363 339 380 et
368 368 418 388 qua-

235 396 302 417 eumq.
322 397 419 417 praest·-

236 425 293 442 ιιοιο
305 423 421 449 dampne-

235 453 325 473 huselt⁴
340 453 366 479 ,1)

248 1016 355 1043 Enmptio
378 1021 416 1042 pro

234 1047 314 1067 reticii·
325 1050 345 1067 et
357 1046 416 1072 teta<

234 1079 259 1098 tis
275 1077 353 1098 Ordini.

259 1268 358 1296 Exemplo
391 1268 415 1287 τὼ

240 1300 409 1326 impositionibu-

234 1331 294 1351 Sedis
308 1331 416 1358 Apostoli*

234 1367 288 1389 cue„

247 1761 348 1783 censibus
365 1765 401 1782 ete.
411 1777 416 1787 ,

235 1794 347 1814 occntone
364 1794 416 1813 visi-

235 1825 325 1844 tationis.

481 257 551 290 550

432 322 550 358 ratibus
566 349 575 367 ,
597 320 756 368 grangiis,
784 317 935 352 membris
951 345 959 357 ,
983 316 1183 351 manualibus

433 381 463 407 ct
485 372 563 407 locis
585 369 771 418 praedictis,
793 368 831 402 ad
859 367 998 401 dandum
1032 378 1088 400 seu
1119 365 1183 402 sol-

436 422 569 457 vendum
610 419 746 466 aliquam
781 417 964 452 canonicam
1004 415 1182 462 portionem

434 472 497 506 sive
523 469 677 504 decimam
713 475 765 502 aut
792 466 868 514 quid
897 465 994 508 aliud,
1020 464 1105 512 quod
1129 476 1183 499 eo-

435 533 503 555 rum
516 519 585 554 loco
601 518 678 552 solvi
695 515 907 558 consueverit,
923 515 1183 562 archiepiscopis,

433 568 604 617 episcopis,
618 566 778 614 capitulis,
800 565 1013 612 parochianis,
1029 563 1183 609 collegiis,

434 616 708 656 universitatibus,
731 614 1030 655 communitatibus,
1060 613 1184 648 fabricis

431 676 460 703 et
483 667 550 702 aliis
572 665 828 713 quibuscumque
861 664 1017 711 personis.
1050 663 1089 698 de
1117 663 1185 698 iure

432 717 478 752 vel
501 715 749 754 cousuetudine,
776 722 829 748 aut
851 713 975 748 statutis
1009 712 1057 748 vel
1088 713 1185 759 privi-

431 766 519 812 legiis
541 764 807 811 quibuscumque,
835 771 889 798 aut
916 775 954 798 cx
982 774 1185 810 quacumque

431 826 524 850 causa
547 814 701 849 hactenus
731 813 771 848 ab
793 813 840 847 cis
867 812 970 847 forsan
999 811 1104 846 debita
1130 824 1182 846 seu

431 876 511 912 quae
538 863 645 899 deberi
675 862 920 910 praetendentur
947 860 1184 909 quomodolibet

432 915 461 948 in
485 914 636 949 futurum.

479 964 499 1009 ἓ
522 965 578 998 50.
606 963 711 998 Etiam
734 961 916 1001 derelictis,
939 960 1052 1007 legatis
1073 970 1103 996 et
1125 960 1184 995 do-

432 1014 535 1057 natis,
558 1021 619 1047 tam
643 1013 674 1046 in
698 1011 817 1046 ultimis
839 1010 1055 1046 voluntatibus
1089 1022 1183 1057 quam

431 1063 523 1097 etiam
549 1062 629 1097 inter
657 1061 758 1101 vivos,
792 1072 846 1095 seu
881 1061 1183 1108 alias,quacumquc

430 1112 606 1156 occasione,
623 1111 784 1146 concessis
807 1119 837 1145 et
861 1109 1085 1151 concedendis,
1104 1121 1185 1157 quo-

431 1161 603 1197 modolibet
625 1169 803 1195 teneantur.

478 1216 494 1255 ἓ
517 1214 574 1246 51.
597 1210 732 1258 Ipsaque
754 1209 942 1244 monasteria
960 1236 968 1249 ,
1001 1209 1160 1256 prioratus
1175 1236 1183 1249 ,

431 1261 510 1306 loca,
532 1260 700 1301 manualia,
726 1260 886 1306 grangiae,
909 1259 1128 1306 possessiones
1154 1266 1183 1293 et

432 1310 524 1351 bona,
543 1322 578 1345 ac
601 1310 741 1357 praelati,
762 1309 885 1344 monaci
909 1316 939 1343 et
962 1320 1116 1355 personae
1145 1307 1184 1342 de

433 1372 512 1395 novo
543 1368 664 1395 erectae
691 1358 946 1405 congregationis
973 1357 1117 1393 eiusdem
1146 1357 1184 1391 ab

432 1409 516 1444 omni
540 1409 755 1456 impositione,
778 1408 953 1453 exactione,
969 1407 1113 1452 collecta,
1128 1406 1184 1442 de-

432 1459 524 1504 cima,
539 1457 721 1494 charitativo
740 1457 894 1499 subsidio,
911 1465 963 1492 aut
980 1468 1185 1505 quocumque

433 1508 506 1543 reali
525 1515 555 1543 et
576 1507 732 1556 personali
748 1507 793 1542 vel
812 1507 909 1542 mixto
932 1519 1028 1542 onere
1050 1507 1096 1541 vel
1112 1518 1184 1553 gra-

431 1557 565 1599 vamine,
579 1558 689 1605 quovis
702 1557 832 1592 nomine
847 1564 1046 1601 censeantur,
1057 1568 1112 1601 per
1127 1568 1184 1590 nos

430 1617 483 1642 aut
504 1619 704 1643 successores
726 1615 850 1642 nostros
872 1606 1035 1641 Romanos
1056 1605 1184 1640 Pontifi-

430 1668 493 1697 ces,
522 1669 578 1704 pro
600 1666 742 1704 tempore
765 1657 949 1700 existentes,
977 1655 1116 1690 indictis.

479 1706 500 1753 g
524 1710 581 1741 52.
608 1707 740 1742 Necnon
768 1706 806 1741 ab
834 1706 981 1741 omnibus
1008 1705 1183 1746 censibus,

433 1755 610 1791 redditibus
645 1763 675 1791 et
707 1755 931 1799 solutionibus,
959 1756 1079 1790 ratione
1108 1755 1186 1789 visi-

432 1805 558 1840 tationis
573 1813 626 1841 aut
639 1805 862 1850 subiectionis,
884 1816 1087 1852 quocumque
1107 1805 1184 1849 iure,

431 1854 687 1903 quibuscumque
709 1854 890 1896 ordinariis,
912 1854 1070 1901 capitulis,
1093 1854 1184 1889 colle—

429 1904 500 1950 giis,
522 1904 835 1952 congregationibus,
856 1903 1115 1938 universitatibus
1133 1912 1184 1938 aut

430 1953 500 1988 aliis
513 1954 678 2001 quibusvis
697 1953 841 2001 personis
859 1953 1013 1988 hactenus
1043 1952 1158 1987 debitis
1176 1981 1184 1997 ,

430 2018 510 2054 quae
537 2019 595 2042 nos
627 2007 729 2042 eidem
766 2007 1015 2053 congregationi,
1044 2006 1083 2041 de
1106 2019 1186 2054 apo-

430 2060 558 2096 stolicae
589 2061 752 2108 potestatis
790 2061 1008 2108 plenitudine,
1051 2061 1184 2108 gratiose

431 2115 634 2156 remittimus,
657 2123 686 2150 et
714 2115 744 2149 in
773 2114 913 2150 futurum
942 2114 1115 2156 dcbendis,
1146 2115 1185 2150 il-

431 2168 599 2217 lorumquc
631 2169 788 2205 solutione
822 2170 1095 2217 praestationeque
1121 2171 1185 2205 siut

432 2234 566 2270 esseque
587 2223 725 2259 debeant
760 2223 858 2259 libera
882 2223 1009 2271 penitus
1025 2232 1054 2258 ct
1077 2235 1184 2259 exem-

432 2284 483 2324 pta
509 2285 602 2325 atque
625 2277 789 2313 immunia:
819 2278 859 2313 ita
887 2277 970 2325 quod
999 2277 1034 2312 ad
1060 2278 1182 2313 illorum

432 2332 675 2378 praestationem
699 2331 745 2367 vel
769 2331 978 2376 solutionem,
1000 2343 1054 2379 per
1086 2344 1185 2379 quos-

431 2397 567 2433 cumque
581 2393 611 2421 et
625 2387 806 2434 quarumvis
819 2386 911 2422 etiarn
926 2386 1084 2421 literarum
1114 2399 1185 2433 apo-

431 2439 613 2475 stolicarum
627 2440 745 2487 vigore,
773 2441 855 2488 cogi,
871 2447 924 2476 aut
951 2440 1028 2475 alias
1050 2439 1185 2487 desuper

431 2493 596 2541 inquietari
621 2502 790 2541 nequeant.

478 2547 499 2594 S
520 2549 576 2582 55.
600 2547 777 2595 Nullusque
799 2548 837 2583 ab
855 2548 974 2584 eisdem
997 2548 1037 2583 de
1057 2547 1186 2595 quibus-

465 2617 506 2654 (t)
523 2618 586 2646 Vide
606 2618 701 2646 Concil.
725 2619 796 2646 Trid,
819 2626 884 2646 sess.
909 2627 979 2652 xxv,
1001 2627 1060 2655 cap.
1087 2620 1127 2651 1-2,
1150 2620 1186 2645 De

430 2657 556 2692 Requtar.

1025 262 1123 285 BULLA
1130 261 1211 283 tttml
1239 261 1400 284 noatssmt

1999 257 2049 284 An.
2067 256 2097 284 C.
2112 256 2179 284 ¹5¹5

1225 327 1362 362 cumque
1398 315 1653 362 possessionibus
1685 314 1819 350 ubilibet
1857 314 1980 349 consti·
2009 322 2119 357 tixewtnio
2134 329 2182 344 orn-

1227 365 1312 404 tutis,
1328 376 1409 412 quae
1425 365 1456 399 in
1474 365 1627 411 praesenti
1641 373 1715 400 sunt
1730 364 1778 399 vel
1792 365 1822 399 in
1838 364 1980 399 futurum
1997 360 2052 373 ''¹²¹¹''
2090 359 2180 379 ''⁰⁵⁵⁰''

1997 385 2042 404 sion
2055 400 2059 408 ,
2077 390 2127 410 quas
2142 389 2176 405 co-

1225 423 1317 450 cruut
1355 422 1634 455 monastertorum,
1658 415 1851 462 prioratuum
1875 422 1904 448 et
1923 413 1984 448 bo-
1997 415 2079 466 'JQU‘t‘r'
2092 420 2179 440 ⁰⁰⁰⁸*

1227 476 1339 498 norum
1375 463 1414 498 de
1449 475 1530 498 novo
1569 472 1691 499 erectae
1729 464 1983 511 congregationis
1998 454 2016 471 '⁵'
2042 454 2061 466 ⁰‘

1226 513 1423 554 huiusmodi,
1440 525 1520 559 quae
1539 513 1623 549 illius
1639 513 1779 560 praelati,
1795 514 1918 548 monaci
1935 512 1982 547 vel

1227 574 1380 610 personae
1403 562 1510 598 colunt
1527 575 1582 598 seu
1607 564 1666 598 coli
1690 563 1820 604 faciunt,
1834 571 1865 599 et
1887 563 1916 597 in
1933 562 1984 597 fu-

1228 621 1333 647 turum
1362 611 1466 647 colent
1487 624 1542 647 seu
1566 612 1626 646 coli
1651 612 1765 647 sacient
1780 640 1789 658 ,
1811 624 1849 647 ex
1871 612 1983 652 bortis,

1228 661 1383 708 virgultis,
1399 661 1641 709 piscationibus,
1661 662 1707 696 vel
1724 661 1763 696 de
1779 662 1984 697 nutrimentis

1227 711 1411 747 animalium
1434 711 1611 760 primitias,
1644 711 1797 756 decimas,
1823 711 1983 758 quartesia

1227 769 1280 795 aut
1309 773 1514 808 quocumque
1550 761 1679 796 nomine
1715 770 1898 808 nuncupata
1925 762 1984 797 alia

1228 811 1294 845 iura
1321 811 1445 857 exigere
1479 810 1526 845 vel
1562 818 1751 857 extorquere
1781 818 1984 857 praesumat,

1227 872 1287 895 nec
1303 860 1361 907 ipsi
1385 860 1435 894 illa
1454 859 1601 907 cuiquam
1616 860 1737 895 solvere
1753 861 1817 894 sint
1831 860 1983 895 adstricti.

1276 910 1296 956 g
1320 912 1377 943 54.
1405 909 1447 944 Et
1474 910 1558 956 quod
1587 909 1626 944 de
1655 921 1736 944 novo
1759 917 1882 945 erectae
1899 921 1983 944 con—

1227 959 1422 1006 gregationis
1446 959 1629 994 huiusmodi
1649 959 1838 994 monasteria
1858 968 1888 994 et
1904 959 1983 1000 loca,

1228 1008 1449 1050 haereditates,
1472 1008 1573 1055 legata
1597 1017 1627 1044 ct
1659 1009 1902 1044 fideicommissa
1930 1021 1984 1054 per

1226 1059 1348 1094 medias
1377 1070 1529 1106 personas
1563 1070 1792 1099 monacorum,
1819 1067 1874 1094 aut
1905 1058 1982 1094 alias

1227 1108 1503 1156 qualitercumque
1537 1107 1576 1143 ad
1604 1120 1639 1143 ea
1667 1108 1784 1150 delata,
1807 1107 1889 1144 bona
1912 1120 1983 1143 mo-

1227 1157 1299 1193 bilia
1319 1165 1349 1193 et
1371 1158 1556 1202 immobilia,
1570 1158 1600 1191 in
1624 1158 1884 1205 quibuscumque
1905 1158 1984 1192 civi-

1228 1207 1343 1242 tatibus
1367 1217 1398 1242 et
1425 1208 1515 1252 locis,
1538 1209 1651 1254 quovis
1679 1207 1770 1243 titulo
1792 1208 1968 1255 acquirere.

1275 1257 1404 1305 Ipsique
1422 1258 1545 1292 monaci
1569 1265 1599 1292 et
1629 1269 1794 1303 personae,
1809 1257 1860 1292 illa
1884 1269 1939 1304 pro
1951 1268 1986 1292 se

1227 1318 1401 1354 eorumque
1429 1307 1631 1342 monasteriis
1667 1315 1772 1354 petere
1799 1315 1829 1342 et
1858 1307 1986 1353 exigere

1227 1357 1359 1402 possint,
1382 1356 1607 1404 undecumque
1635 1357 1680 1391 vel
1710 1356 1985 1403 qualitercumque

1227 1406 1272 1440 eis
1294 1405 1440 1447 debeant,
1464 1414 1494 1441 et
1516 1418 1596 1453 quae
1621 1406 1748 1453 petendi
1771 1415 1801 1441 et
1823 1405 1985 1453 exigendi,

1226 1456 1251 1489 si
1281 1455 1310 1490 in
1333 1456 1461 1491 saeculo
1489 1456 1728 1501 remansissent,
1751 1456 1801 1492 ius
1819 1456 1984 1491 baberent.

1275 1504 1295 1551 g
1323 1507 1379 1540 55.
1403 1505 1440 1539 Et
1464 1513 1572 1540 contra
1592 1505 1631 1540 dc
1655 1517 1735 1541 novo
1762 1513 1884 1541 erectae
1906 1517 1985 1540 con·
1999 1511 2142 1539 praescriptio
2157 1512 2183 1533 ⁶⁰

1226 1555 1420 1600 gregationis
1443 1554 1628 1590 huiusmodi
1653 1556 1844 1591 monasteria
1862 1583 1870 1596 ,
1893 1554 1960 1590 loca
1974 1582 1984 1600 ,
1999 1545 2182 1596 ssssfiff‘gossfffff‘gff

1229 1616 1380 1650 personas
1402 1611 1432 1639 et
1453 1604 1547 1650 bona,
1562 1613 1622 1639 tam
1639 1605 1670 1639 in
1695 1605 1874 1652 praeteritis
1887 1615 1982 1651 quam
1999 1609 2078 1628 ‘¹⁵¹¹0¹···

1228 1654 1468 1702 l'uturis,aliqua
1484 1667 1546 1689 non
1566 1663 1671 1689 currat
1687 1654 1906 1703 praescriptio,
1924 1654 1983 1690 nisi

1228 1711 1297 1750 post
1320 1703 1442 1751 lapsum
1466 1705 1627 1751 sexaginta
1651 1716 1820 1740 annorum.

1276 1757 1292 1796 ἕ
1320 1756 1376 1788 56.
1413 1752 1587 1801 Cupientes
1619 1755 1749 1801 insuper
1775 1763 1809 1789 ut
1837 1754 1876 1790 de
1902 1766 1984 1790 novo
2008 1758 2185 1780 'ntefdfflttffl

1227 1811 1352 1838 erectae
1374 1804 1631 1850 congregationis
1658 1804 1842 1839 huiusmodi
1871 1793 2183 1851 perso-l'ss'i‘ssr‘ssffl'ssi’si‘ssi

1228 1864 1285 1887 nae
1302 1880 1310 1893 ,
1333 1852 1466 1888 sublatis
1489 1853 1663 1888 obstaculis
1698 1854 1958 1901 quibuscumque
1974 1882 1983 1893 ,
1999 1852 2182 1878 ³³⁰¹¹⁵³⁰¹³¹¹³⁴¹²⁴

1227 1902 1373 1937 sedulum
1410 1910 1442 1937 et
1468 1902 1617 1938 devotum
1646 1903 1785 1938 Domino
1813 1903 1984 1939 exhibeant

1228 1951 1432 1997 famulatum,
1466 1960 1553 1987 motu
1592 1961 1622 1987 et
1662 1953 1791 1988 scientia
1827 1953 1984 1988 similibus

1227 2002 1398 2036 statuimus
1413 2009 1443 2036 et
1462 2001 1648 2037 ordinamus
1664 2002 1762 2049 quod,
1779 2003 1803 2036 si
1821 2003 1985 2049 contingat

1227 2050 1392 2095 civitates,
1414 2059 1513 2086 terras
1541 2051 1587 2086 vel
1613 2052 1691 2090 loca,
1719 2052 1749 2086 in
1773 2051 1891 2099 quibus
1913 2064 1984 2087 mo-

1228 2100 1359 2134 nasteria
1389 2100 1452 2135 sive
1480 2100 1547 2135 loca
1578 2101 1616 2135 ‹lc
1645 2113 1726 2136 novo
1753 2109 1875 2136 erectae
1906 2113 1984 2136 con-

1227 2150 1418 2196 gregationis
1446 2150 1630 2185 huiusmodi
1663 2151 1858 2192 consistunt,
1881 2151 1983 2186 cccle-

1226 2199 1353 2235 siastico
1374 2200 1512 2247 supponi
1530 2200 1708 2245 interdicto,
1725 2200 1824 2247 ipsius
1840 2200 1879 2235 de
1900 2212 1983 2235 novo

1227 2257 1348 2284 erectae
1371 2250 1625 2296 congregationis
1647 2249 1800 2297 praelati,
1832 2249 1982 2295 monaci,

1227 2299 1381 2340 conversi,
1405 2300 1578 2345 commissi,
1601 2300 1708 2334 novitii
1731 2308 1760 2334 et
1788 2299 1982 2346 cappellani,

1228 2360 1349 2383 necnon
1379 2349 1449 2384 laici
1479 2350 1557 2383 iutra
1585 2357 1674 2397 septa
1703 2349 1843 2396 ipsorum
1869 2361 1981 2384 mona-

1227 2399 1393 2433 steriorum
1421 2411 1476 2434 seu
1506 2399 1646 2434 locorum
1676 2411 1732 2446 pro
1754 2407 1895 2446 tempore
1925 2399 1982 2434 ba-

1229 2447 1373 2489 bitantes,
1389 2460 1404 2482 a
1428 2449 1583 2496 praefatae
1605 2448 1644 2483 de
1660 2461 1739 2483 novo
1762 2458 1883 2484 erectae
1902 2460 1982 2484 con-

1227 2497 1419 2543 gregationis
1444 2499 1586 2534 monacis
1613 2497 1651 2533 ad
1679 2497 1710 2533 id
1737 2498 1914 2545 deputatis,
1935 2498 1981 2533 ia-

1999 916 2095 938 )lunacbi
2111 922 2184 938 Suete-

1999 949 2048 969 dunt
2058 950 2078 969 in
2088 948 2184 969 tuci-edt-

1999 979 2075 1000 tatibus
2091 985 2128 1006 pro
2144 985 2182 999 eo—

1999 1017 2042 1032 rum
2060 1014 2150 1031 monast.

1263 2572 1301 2607 (l)
1319 2573 1435 2608 intellige
1453 2574 1501 2600 nisi
1519 2573 1586 2608 Papa
1604 2573 1644 2600 vel
1661 2572 1811 2600 ordinarius
1837 2572 1912 2600 aliter
1935 2573 1979 2599 iu-

1228 2615 1297 2648 beat,
1316 2627 1347 2643 ex
1366 2618 1464 2645 Concil.
1483 2618 1555 2644 Trid.
1575 2626 1640 2645 sess.
1660 2625 1729 2650 xxv,
1751 2625 1808 2652 cap.
1823 2618 1866 2649 ⁴1²2,
1886 2619 1921 2643 De
1932 2617 1980 2644 lte-

1228 2663 1379 2693 aulai-ibus.
