2281 3251
162 250 211 278 Λη,
229 252 258 279 (ἶ.
279 251 338 279 1501

169 948 196 970 De
215 956 252 977 ριιιι
256 956 288 976 pax
284 954 308 970 xi
310 954 337 971 ιι

153 980 239 1001 fratrum
262 985 281 1002 et
303 987 338 1001 r-e

155 1019 198 1032 rum
213 1019 270 1039 cmxi
274 1019 298 1039 p
295 1020 336 1034 ιι

155 1044 197 1064 tion
186 1050 219 1064 ne.

956 247 974 269 A
980 246 1150 269 [Eximit-:tt
1174 247 1205 269 Vt
1229 247 1276 269 t‘P.

360 305 516 345 ducissae,
540 303 718 339 baronissae
734 310 763 337 et
778 302 955 338 comitissae
972 315 1026 337 scu
1044 303 1104 337 alio
1123 313 1126 366 1

360 355 486 389 nomine
515 361 712 400 nuncupatae
729 382 737 392 ,
760 365 831 387 cum
855 365 869 388 a
887 353 994 399 longe,
1014 352 1104 387 devo·
1124 372 1125 380 ι

359 404 451 440 tionis
485 415 576 438 causa
594 431 601 441 ,
624 403 661 437 ad
687 411 790 437 nostra
815 402 997 437 diverterint
1020 402 1103 445 loca,

357 453 440 487 omxxi
463 465 533 488 cum
559 453 720 487 honestate
747 461 777 487 et
799 452 921 487 decenti
945 452 1103 493 societate,

356 516 426 537 cum
442 502 499 537 Dei
519 502 749 539 benedictione,
766 502 812 535 bis
835 511 887 536 aut
911 509 955 536 ter
978 501 1007 535 in
1022 514 1103 536 anno

356 553 471 587 intrare
499 565 534 586 ac
569 552 677 586 eadem
715 552 839 586 visitare
863 551 1079 598 permittamus
1096 579 1103 591 ,

356 602 467 637 diebus
501 609 603 636 tamen
639 611 668 636 ct
704 601 791 636 lioris
821 602 857 636 ad
888 601 916 635 id
946 613 1000 647 pcr
1027 613 1103 635 cor—

357 662 507 686 rectorem
536 659 566 686 et
593 652 763 697 capitulum
794 664 850 697 pro
877 659 1018 697 tempore
1039 659 1104 684 sta—

356 701 452 741 tutis,
484 709 514 735 et
546 701 721 735 dummodo
755 701 856 736 dictae
884 701 1032 735 mulieres
1060 700 1102 734 ibi

355 763 416 786 non
442 759 638 799 pernoctent.

639 822 719 858 Cap,
749 822 815 858 Vll.

402 896 422 943 S
453 900 506 930 17.
534 897 596 937 Qui
624 908 685 929 uon
712 896 929 929 renuntiaverit
952 896 1101 932 onixiibus,

353 959 430 991 quae
455 948 602 991 possszet
624 958 684 979 non
713 953 808 990 potest
831 957 912 979 meus
933 957 991 979 esse
1013 946 1106 978 desci-

351 997 460 1041 pulus;
489 1003 672 1042 (¹,apropter
689 995 815 1038 fratres,
835 994 1105 1040 lu⁴rititaetxelut

355 1045 462 1080 umbra
499 1045 730 1092 praetereuntia
765 1052 967 1090 icspuentes,
1003 1044 1105 1087 nilxil,

352 1105 645 1142 quantumcumque
679 1094 845 1128 mnximuxxx
873 1094 931 1133 sit,
962 1092 1020 1127 sibi
1041 1097 1106 1139 ‘ap-

353 1144 524 1191 proprient.
559 1143 593 1178 Si
629 1144 722 1190 igitur
750 1144 940 1190 cuicumque
975 1142 1103 1177 fratrum

355 1194 576 1240 undecumque
591 1193 709 1241 aliquid
730 1193 837 1227 donari
855 1192 1035 1238 contigerit,
1053 1206 1106 1238 per

353 1252 585 1285 correctorem,
613 1243 652 1277 de
687 1243 818 1277 scientia
841 1251 1027 1283 conventus,
1056 1243 1104 1276 cui

354 1305 480 1328 necesse
499 1292 591 1327 fuerit
614 1292 796 1327 charitative
823 1292 1045 1332 distribuatur,
1074 1292 1103 1325 in

353 1343 500 1377 onxnibus
528 1351 654 1382 tamen,
690 1350 750 1376 tarn
788 1341 982 1376 vestimentis
1011 1354 1103 1388 quaxn

354 1392 713 1432 aedificiis,humilitatis
729 1392 831 1425 nutrix
850 1399 1013 1438 paupertas
1028 1403 1107 1425 sem-

355 1454 409 1489 per
430 1442 613 1476 innotescat.
630 1441 671 1476 Et
688 1441 838 1488 quoniam
859 1454 1009 1475 nummus
1031 1441 1105 1475 ani-

355 1504 473 1525 marum
508 1499 554 1526 est
583 1493 685 1526 viscus
709 1491 816 1526 multis
844 1491 873 1524 in
899 1491 1104 1537 perditionem

354 1541 482 1585 cedens,
514 1541 629 1575 idcirco
659 1541 861 1588 pecuniarum
892 1540 1008 1575 nedum
1032 1552 1105 1586 pro-

356 1591 535 1637 prietatem,
560 1591 613 1625 sed
636 1599 666 1625 ct
693 1598 890 1634 contactum,
907 1599 939 1625 ut
957 1590 1104 1637 peccandi

355 1640 478 1675 tollatur
494 1642 628 1681 occasio,
651 1640 847 1675 strictissime
871 1641 1105 1680 interdicimus3

355 1691 459 1736 itaque
481 1703 532 1724 eas
559 1699 685 1737 tangere
700 1717 707 1730 ,
741 1698 794 1724 aut
822 1702 916 1736 supra
939 1702 972 1724 se
994 1690 1106 1737 quovis

354 1740 448 1774 inodo
472 1740 607 1775 scienter
635 1748 755 1785 portare
783 1739 859 1773 nulli
882 1739 1010 1775 fratrum
1040 1753 1105 1774 un-

354 1802 447 1836 quam
481 1789 598 1824 licebit.
632 1789 866 1830 Verumtamen,
889 1789 929 1824 ob
964 1790 1104 1824 fidelium

354 1839 566 1879 devotionem,
593 1839 688 1874 divini
723 1839 826 1873 cultus
853 1841 1107 1885 augumentatio-

356 1900 427 1923 nem
446 1916 453 1930 ,
484 1889 676 1936 fratrumque
698 1889 952 1930 subventionem,
975 1890 1104 1936 cippum

355 1951 409 1972 seu
433 1946 592 1984 truncum,
614 1951 652 1973 ne
676 1939 803 1972 fratrum
821 1939 1006 1974 mendicitas
1027 1939 1106 1974 fide-

356 1987 437 2022 libus
450 1988 490 2023 sit
509 2001 650 2032 onerosa,
669 1997 698 2022 et
716 1989 885 2035 vagationis
900 1996 1106 2036 quaestuosae

356 2037 462 2084 potius
489 2050 581 2084 quam
606 2039 728 2085 pietatis
746 2039 872 2072 materia
892 2039 1105 2086 impendatur,

356 2090 470 2126 habere
500 2091 694 2136 toleramus,
723 2092 939 2139 permittentes
966 2093 1051 2140 quod
1080 2093 1105 2127 si

356 2146 427 2193 qui,
459 2145 634 2181 devotionis
656 2158 748 2181 causa
772 2146 933 2193 pietatisxe
964 2147 1106 2190 obtentu,

356 2201 562 2236 eleemosinas
588 2201 738 2235 annuales
769 2213 824 2236 seu
860 2209 1025 2248 perpetuas
1052 2215 1107 2250 pro

356 2254 516 2290 Ecclesiae
547 2255 738 2302 fratrumque
775 2256 1015 2291 necessitatibus
1058 2257 1107 2304 pie

358 2309 531 2344 relevandis
565 2309 669 2356 legare
692 2309 857 2349 volueriut,
885 2309 979 2344 modo
1011 2310 1107 2346 infra-

358 2363 475 2411 scripto
502 2364 639 2412 gaudere
671 2364 802 2409 valeant,
830 2365 868 2399 ita
892 2372 994 2399 tamen
1022 2364 1105 2412 quod

359 2418 467 2453 fratres
486 2430 500 2453 3
517 2418 708 2465 perfectione
721 2427 750 2453 et
766 2418 900 2465 puritate
916 2419 1107 2466 paupertatis

363 2473 534 2520 promissae
568 2485 628 2508 non
663 2472 836 2508 discedant.
867 2472 900 2506 In
925 2473 1105 2520 proximiori

360 2527 483 2562 civitate
509 2535 560 2562 aut
583 2527 651 2562 vitta
686 2540 740 2563 seu
767 2535 868 2562 castro
885 2555 893 2569 ,
917 2527 968 2562 ubi
998 2527 1108 2562 fratres

361 2581 464 2616 locum
480 2591 509 2616 et
529 2582 623 2617 situm
638 2581 754 2617 habere
769 2582 943 2628 contigerit,
961 2591 1106 2624 rectores,

363 2635 533 2683 praesideS,
555 2636 687 2679 scabini,
706 2637 864 2682 consules,
887 2636 987 2682 electi,
1004 2637 1107 2678 iurati,

1777 235 1846 268 389

1145 311 1197 337 aut
1219 301 1338 337 domini
1362 300 1400 336 de
1427 301 1581 345 consilio,
1610 312 1666 335 seu
1694 300 1804 347 quovis
1838 300 1897 335 alio

1147 352 1273 387 nomine
1287 351 1689 398 nuncupentur,bonorum
1701 349 1896 390 annualium,

1146 402 1170 435 si
1199 414 1280 449 quae
1304 402 1429 442 fuerint,
1454 401 1544 435 veluti
1569 409 1688 436 tutores
1715 408 1745 434 et
1774 408 1898 446 protec-

1148 459 1230 486 tores
1253 452 1408 492 locorum,
1424 463 1459 486 ac
1486 450 1584 485 dictas
1607 449 1813 485 eleemosinas
1835 462 1898 484 an-

1148 501 1254 535 nuales
1279 514 1333 548 pro
1352 500 1418 535 Deo
1440 500 1639 546 largientium
1663 507 1692 534 et
1714 499 1896 534 donantium

1146 563 1251 584 curam
1282 551 1426 591 lxabeant,
1456 563 1552 584 unum
1578 549 1624 584 vel
1654 549 1759 596 plures
1791 549 1898 583 recol-

1147 600 1279 635 lectorcs
1302 600 1483 635 lxniusmodi
1509 600 1771 634 eleemosinarum
1795 598 1899 633 fratri-

1148 650 1220 694 bus,
1244 662 1297 697 per
1319 662 1432 684 manns
1447 650 1622 685 oblatorum
1647 657 1697 684 aut
1720 649 1896 684 amicorum

1147 699 1356 745 spiritualium
1388 712 1442 747 pcx
1475 699 1603 734 eosdem
1628 699 1736 734 fratres
1759 710 1899 734 conven-

1149 748 1272 783 tualiter
1294 749 1479 790 electoxum,
1504 750 1585 784 iuxta
1609 749 1778 794 legantium
1796 749 1899 782 inten-

1148 799 1265 833 tionem
1300 798 1589 833 distribuendarum
1625 798 1815 846 deputaturi
1845 797 1900 832 Id-

1147 848 1243 887 circo
1265 849 1288 882 si
1308 861 1322 883 a
1339 849 1529 896 paupertatis
1549 848 1793 895 professoribus,
1809 847 1900 882 abdi-

1147 899 1222 933 catis
1250 910 1351 933 rerum
1382 898 1542 942 dominiis,
1562 898 1662 933 dictae
1690 897 1899 933 eleemosinae

1147 948 1298 982 annuales
1326 956 1355 983 et
1375 956 1544 995 perpetuae
1560 948 1590 981 in
1608 955 1672 982 toto
1695 947 1742 981 vel
1766 948 1794 981 in
1814 955 1899 995 parte

1147 998 1338 1039 auferantur,
1355 998 1464 1032 fratres
1485 1005 1517 1032 ut
1540 997 1591 1031 filii
1616 1009 1705 1032 verae
1728 997 1812 1044 pacis
1827 1008 1898 1031 cum

1149 1048 1332 1082 lxoxninibus
1355 1047 1441 1082 nullo
1458 1055 1548 1095 pacto
1565 1047 1593 1081 in
1611 1047 1728 1081 iudicio
1751 1046 1797 1081 vel
1815 1054 1899 1081 extra

1147 1097 1365 1142 contendant,
1397 1096 1451 1131 sed
1487 1096 1668 1131 huiusmodi
1704 1095 1900 1140 rectoribus,

1149 1147 1359 1194 praesidilxuS,
1382 1146 1518 1181 scabinis
1532 1153 1562 1181 et
1577 1145 1715 1181 dominis
1733 1145 1901 1193 praedictis

1148 1196 1393 1232 sollicitudinem
1406 1195 1901 1243 reliqutient.Acontentionibus

1149 1247 1242 1292 igitur
1257 1246 1357 1287 liberi,
1372 1259 1433 1281 non
1450 1246 1510 1281 sint
1529 1246 1670 1281 modicae
1694 1245 1777 1290 fidei,
1792 1244 1845 1280 sed
1870 1245 1899 1278 in

1126 1305 1127 1318 ³
1148 1296 1294 1335 Domino,
1311 1296 1446 1331 ostiatim
1464 1296 1685 1337 mendicando,
1707 1307 1795 1343 spem
1807 1306 1900 1342 repo-

1148 1354 1240 1380 nant:
1270 1354 1429 1393 praeterea
1454 1359 1516 1381 non
1545 1345 1738 1381 intendimus
1755 1357 1808 1393 per
1823 1345 1901 1379 haec

1147 1396 1296 1442 qnoniam
1314 1395 1423 1431 fratres
1434 1396 1536 1431 dictos
1548 1395 1693 1430 dominos
1703 1395 1741 1430 de
1759 1395 1900 1439 consilio,

1147 1458 1202 1480 seu
1231 1446 1348 1493 politiae
1377 1446 1604 1493 gubernatores
1632 1445 1738 1480 autin
1768 1444 1901 1480 recolle-

1147 1504 1250 1530 ctoies
1272 1496 1534 1531 eleemosinarum
1559 1504 1779 1551 peipetuarum
1804 1494 1902 1541 depu-

1126 1569 1127 1574 ι
1148 1553 1227 1580 tatos
1250 1545 1385 1592 benigne
1409 1557 1537 1580 monere
1562 1545 1682 1600 possint
1704 1544 1788 1592 quod
1823 1544 1902 1579 elee-

1150 1595 1285 1630 mosinas
1297 1595 1413 1642 levatas
1417 1608 1488 1643 pro
1496 1604 1760 1630 conscientiarum
1773 1606 1899 1629 suarum

1147 1646 1370 1680 ‹xonexatione
1392 1653 1422 1680 et
1443 1646 1618 1680 animarum
1637 1645 1776 1693 ipsorum
1791 1644 1900 1691 legan-

1149 1695 1225 1729 tium
1246 1695 1364 1736 salute,
1385 1695 1565 1741 dignentur,
1587 1695 1669 1729 iuxta
1692 1694 1774 1742 piam
1794 1693 1901 1740 legan-

1149 1745 1225 1779 tium
1253 1745 1478 1790 intentionem,
1501 1745 1633 1780 fideliter
1656 1743 1850 1792 impendere.

1428 1817 1507 1852 Ciu».
1537 1816 1619 1851 vllt.

1197 1889 1216 1935 g
1246 1891 1300 1923 18.
1325 1888 1418 1931 Quia,
1439 1889 1548 1924 fratres
1563 1888 1756 1930 charissimi,
1779 1887 1900 1935 Regula

1149 1946 1255 1972 nostra
1272 1939 1450 1985 specialiter
1470 1938 1613 1985 prohibet
1635 1946 1666 1973 ut
1680 1938 1788 1973 fratres
1805 1947 1899 1973 nostri

1126 2034 1127 2037 Ἴ
1151 1987 1227 2021 nihil
1257 1988 1318 2023 sibi
1345 1989 1558 2036 approprient,
1586 1987 1641 2023 sed
1669 1988 1730 2022 sint
1753 1997 1899 2036 tanquam

1150 2038 1304 2084 peregrini
1327 2046 1357 2072 et
1383 2038 1519 2073 advenae
1542 2039 1570 2072 in
1594 2038 1653 2073 hoc
1679 2038 1805 2073 saeculo
1827 2037 1899 2073 Do-

1149 2092 1235 2127 mino
1258 2092 1446 2128 famulantes
1459 2106 1466 2134 3
1480 2101 1509 2127 ct
1522 2092 1606 2139 quod
1620 2092 1726 2127 nullus
1748 2093 1829 2127 inter
1843 2105 1899 2128 nos

1149 2159 1241 2181 suum
1265 2147 1438 2195 quidquam
1460 2147 1563 2182 dicere
1580 2146 1704 2192 audeat,
1723 2146 1778 2181 sed
1795 2147 1899 2182 omnia

1148 2200 1211 2237 sint
1228 2201 1266 2236 dc
1289 2201 1427 2237 Ecclesia
1444 2210 1473 2236 et
1488 2201 1658 2248 unicuique
1680 2213 1695 2235 a
1724 2209 1809 2248 patre
1832 2201 1901 2236 dis-

1150 2255 1304 2291 tribuatur
1323 2264 1413 2304 prout
1436 2268 1515 2303 opus
1540 2262 1598 2300 est,
1617 2254 1786 2290 cuiuslibet
1801 2263 1898 2291 aetate

1149 2317 1179 2344 et
1194 2311 1340 2358 qualitate
1362 2310 1573 2351 considerata;
1595 2317 1626 2345 et
1653 2309 1803 2358 pecunias
1825 2311 1899 2346 acci-

1151 2376 1242 2411 pere,
1265 2374 1317 2400 aut
1344 2365 1454 2412 quovis
1484 2365 1577 2400 modo
1599 2377 1694 2412 super
1716 2376 1748 2400 se
1776 2372 1899 2412 portare

1151 2419 1216 2467 ipsa
1239 2419 1358 2467 Regula
1383 2427 1485 2454 nostra
1509 2427 1661 2467 perpetuo
1684 2418 1850 2461 interdicit;
1866 2431 1900 2453 ac

1150 2475 1328 2522 superiores
1352 2486 1406 2521 pro
1430 2473 1668 2508 necessitatibus
1692 2473 1899 2516 infirmorum,

1151 2540 1184 2563 ac
1214 2528 1359 2563 fratribus
1382 2527 1553 2563 induendis
1576 2541 1630 2576 per
1652 2528 1769 2562 amicos
1799 2528 1899 2575 spiri-

1151 2582 1250 2617 tuales
1262 2591 1314 2617 aut
1329 2582 1467 2617 locorum
1485 2590 1710 2630 procuratores,
1720 2581 1757 2616 de
1770 2582 1899 2616 scientia

1152 2645 1325 2672 conventus
1356 2637 1504 2684 [wcunias
1537 2637 1756 2684 undecumque
1789 2648 1899 2684 prove-

1913 244 1962 271 Αη.
1981 244 2010 271 0⁸.
2026 244 2088 271 ¹50¹

1936 1898 1963 1920 De
1987 1900 2099 1926 dispensa-

1893 1939 1899 1944 ·
1916 1932 1972 1951 tione
1982 1932 2100 1958 eleemosy-

1915 1969 1988 1984 narum
2000 1963 2101 1989 pecunia-

1915 1997 1998 2016 riarum.
