2281 3251
268 267 317 294 An.
335 267 364 293 C.
382 266 445 292 tima

281 926 391 951 Arinptiatiu
412 928 449 943 ex-

268 988 316 1006 iisdi
334 991 390 1005 tinne

267 1020 394 1038 dinatmrum
425 1017 448 1036 l,

511 253 582 286 220

465 329 511 353 tes
540 319 624 366 ipsos
651 318 759 353 fratres
788 317 936 356 Minores,
965 317 1057 351 etiam
1095 317 1120 351 si
1158 329 1213 364 per

464 380 683 416 quoscumque
697 377 862 414 exemptos
875 376 903 402 et
917 366 1134 401 Mendicantes
1153 367 1213 401 sol-

466 420 492 453 vi
521 418 756 456 mandarentur,
784 430 856 452 cum
885 416 1052 464 quibusvis
1074 415 1212 462 deroga-

466 469 553 503 tor-iis
573 476 603 503 et
631 467 811 502 fortioribus
838 466 999 507 clausulis,
1017 466 1053 499 ad
1090 465 1211 500 illarum

465 519 654 553 solutionem
679 529 739 551 non
763 517 872 556 teneri,
889 524 918 550 et
938 516 967 549 in
985 516 1106 549 illorum
1126 516 1213 550 solu-

466 569 549 603 tione
576 567 749 610 cessando,
776 578 926 601 censuras
950 573 980 599 et
1011 577 1127 612 poenas
1155 566 1213 600 ali-

465 630 543 665 quas
560 629 621 652 non
633 618 804 659 incurrere,
821 616 879 649 nisi
902 615 1135 662 praesentibus,
1150 627 1211 649 non

466 680 520 714 per
542 666 704 715 generales
730 674 783 700 aut
810 665 885 700 alias
912 664 1070 699 clausulas
1092 665 1213 711 specia-

466 717 525 751 lem
565 717 759 750 mentionem
789 715 1018 762 imponantes,
1057 715 1110 749 sed
1139 715 1214 749 alias

463 767 503 801 sit
530 766 714 812 derogatum
737 765 898 812 specifice,
927 777 1035 800 earum
1059 765 1097 799 de
1120 764 1214 799 verbo

465 816 502 851 ad
532 815 660 851 verbum
681 815 798 850 inserto
822 823 940 849 tenore.

513 865 533 912 ἓ
560 870 593 900 9.
612 865 650 899 Εῑ
667 877 717 906 ne,
736 873 897 912 praetextu
911 864 1144 899 constitutionis
1163 863 1215 898 ln—

466 915 603 950 nocentii
620 914 723 962 Papae
749 914 864 961 quarti,
885 914 1134 961 praedecessoris
1157 926 1215 948 no-

334 962 378 974 ‘'''''
395 961 451 1004 “,”,“,’Ῐ
468 965 535 1008 stri,
559 976 638 1012 quae
665 964 773 1012 incipit
794 965 942 1004 Veleiates,
965 964 1104 998 locorum
1125 963 1215 998 dioe-

465 1015 568 1050 cesani
584 1022 614 1049 et
629 1014 680 1048 alii
698 1014 860 1058 ordinarii,
881 1022 934 1048 aut
949 1014 1001 1048 alii
1019 1014 1215 1061 quicumque

466 1065 495 1099 in
514 1076 663 1111 personas
679 1072 709 1099 et
723 1064 789 1099 loca
812 1063 940 1098 fratrum
967 1063 1214 1110 praedictorum,

465 1122 573 1149 contra
596 1114 736 1149 eiusdem
765 1113 940 1148 Clementis
963 1113 1215 1160 praedecessoris

466 1164 497 1198 in
518 1164 578 1199 line
596 1164 756 1199 literarum
781 1163 1011 1210 praedictarum
1040 1163 1215 1198 ordinatio-

467 1226 551 1254 nem,
584 1213 643 1248 sibi
667 1214 861 1260 quicumque
896 1212 1147 1248 iurisdictionem
1185 1221 1215 1246 et

465 1263 715 1310 superioritatem
745 1262 909 1298 vendicare
938 1272 1151 1310 praesumant,
1167 1262 1216 1296 di-

465 1313 604 1349 strictius
627 1313 806 1347 inhibemus
834 1325 872 1347 ne
894 1313 1067 1360 quispiam,
1095 1312 1214 1360 absque

466 1363 567 1398 dictae
585 1363 679 1398 Sedis
700 1362 830 1410 speciali
854 1363 1078 1397 commissione
1100 1371 1130 1397 et
1151 1375 1215 1397 au-

465 1413 619 1452 ctoritate,
636 1413 664 1446 in
682 1424 841 1459 personas,
869 1412 980 1447 domos
1007 1420 1036 1446 ct
1059 1413 1123 1447 loca
1140 1412 1213 1446 dicti

466 1462 597 1497 Ordinis
610 1462 738 1497 fratrum
762 1461 932 1502 Minorum,
956 1470 1064 1509 utpote
1089 1474 1215 1508 prorsus

466 1520 622 1559 exempta,
633 1511 769 1558 aliquam
786 1512 1135 1553 excommunicationis,
1149 1524 1216 1546 sus-

468 1562 627 1609 pensionis
666 1570 697 1596 et
733 1561 888 1596 interdicti
924 1562 1108 1601 sententias,
1141 1574 1216 1609 spe-

467 1611 586 1646 cialiter
599 1611 646 1646 vel
661 1612 862 1658 generaliter,
884 1611 1126 1658 quomodolibet
1143 1624 1216 1658 pro-

469 1660 622 1708 mulgare3
645 1670 698 1696 aut
725 1661 755 1695 in
775 1673 935 1708 personas,
958 1660 1072 1696 domos
1098 1669 1128 1696 et
1150 1661 1215 1696 loca

469 1710 648 1746 huiusmodi
685 1710 822 1759 aliquam
852 1711 1135 1758 praeeminentiam,
1162 1724 1217 1746 su-

469 1760 681 1807 perioritatem
709 1769 740 1795 et
765 1760 1017 1795 iurisdictionem
1040 1760 1218 1809 quomodo-

469 1810 545 1848 libet
576 1822 725 1845 exercere
753 1818 944 1858 praesumat,
978 1811 1071 1845 etiam
1097 1811 1216 1846 ratione

468 1869 659 1900 contractus.
687 1860 733 1894 vel
770 1859 898 1904 delicti,
922 1873 975 1895 seu
1010 1861 1053 1895 rei
1081 1863 1120 1895 de
1155 1873 1216 1908 qua

467 1918 576 1945 contra
603 1911 689 1958 ipsos
703 1918 860 1956 ageretur,
884 1909 1079 1957 ubicumque
1096 1910 1218 1945 ineatur

467 1968 659 2004 contractus,
686 1960 899 1994 committatur
932 1960 1083 1995 delictum
1111 1968 1142 1996 et
1169 1973 1218 1996 res

468 2014 531 2060 ipsa
545 2014 706 2049 consistat.
720 2013 930 2049 Decernimus
941 2026 1068 2062 quoque
1081 2026 1118 2048 ex
1132 2027 1217 2049 nunc

467 2068 622 2114 quaslibet
633 2069 980 2109 excommunicationis,
997 2069 1218 2116 suspensionis

467 2130 496 2157 et
529 2122 683 2157 interdicti
727 2123 899 2158 sententias
931 2131 960 2158 et
997 2135 1218 2171 quoscumque

468 2188 634 2223 processus
659 2177 787 2223 quasvis
821 2189 940 2224 poenas
979 2185 1009 2212 et
1048 2178 1219 2213 sententias

467 2230 630 2276 generales
658 2230 704 2266 vel
722 2231 875 2279 speciales
896 2232 1110 2277 continentes,
1138 2244 1219 2280 quos

468 2291 497 2317 et
518 2296 597 2331 quas
625 2284 815 2332 promulgari
839 2285 885 2320 vel
915 2285 1035 2330 haberi,
1057 2293 1087 2320 et
1113 2287 1217 2321 omnia

468 2350 548 2385 quae
570 2348 675 2374 contra
699 2338 826 2381 fratres,
853 2340 964 2375 domos
986 2348 1017 2376 et
1044 2340 1109 2375 loca
1144 2340 1218 2376 dieti

469 2391 599 2428 Ordinis
611 2394 849 2441 quomodolibet
862 2395 929 2430 fieri
939 2395 1218 2441 contigerit‚etiam

469 2459 577 2482 eorum
600 2449 826 2496 exemptione,
856 2457 964 2497 utpote
992 2449 1125 2490 notoria,
1157 2462 1218 2485 non

470 2501 558 2538 aliter
572 2502 715 2549 allegata,
730 2504 847 2539 nullius
867 2504 990 2539 roboris
1005 2503 1051 2539 vel
1068 2504 1218 2538 momenti

472 2568 542 2592 esse
563 2565 593 2592 et
616 2570 671 2605 pro
688 2558 808 2593 infectis
823 2571 951 2606 prorsus
966 2558 1072 2593 baberi
1093 2558 1218 2593 debere.

507 2628 546 2662 (l)
565 2628 604 2654 Tu
623 2628 734 2655 adverte
749 2628 820 2663 quod
829 2629 1056 2656 Concil.Triderit.
1072 2636 1137 2656 sess.
1151 2636 1219 2657 xxv.

473 2671 500 2694 in
518 2670 594 2695 Decr.
615 2671 646 2695 de
662 2669 778 2702 Reform.
795 2669 867 2696 aliud
887 2670 989 2697 statutt.
1017 2696 1020 2699 ,

1053 262 1238 285 BULLARtom
1267 261 1427 284 ROMANUM

2018 261 2067 288 An.
2083 261 2113 289 C.
2130 262 2199 289 ss7lt

1303 316 1323 363 g
1341 319 1395 351 10.
1413 316 1591 356 Praeterea,
1613 316 1685 363 quia
1703 316 1927 363 parochialium
1946 315 2005 351 Ec·
2026 322 2203 344 Faruh-audien-

1255 366 1421 401 elesiarum
1439 374 1574 400 rectores
1592 364 1738 412 praefati,
1755 378 1828 413 erga
1847 365 1929 405 illos,
1949 366 2003 412 qui
2018 353 2203 375 ‘'¹⁹⁰¹'“⁵⁵'⁰¹¹⁰’'

1255 416 1347 450 dictis
1374 415 1522 450 fratribus
1544 414 1673 450 Ordinis
1707 415 1865 451 Minorum
1893 428 2003 450 eorum

1257 474 1380 510 peccata
1403 466 1612 504 confitentur,
1637 478 1787 514 persaepe
1814 478 1847 500 se
1867 464 2005 500 reddunt

1256 516 1285 548 in
1319 515 1511 550 exhibitione
1539 514 1752 550 Eucharistiae
1779 523 1808 550 et
1838 514 2006 550 Extremae

1258 563 1422 599 Unctionis
1445 564 1598 608 difficiles,
1620 565 1825 600 concedimus
1853 565 1929 612 ipsis
1950 564 2006 599 fra-

1257 613 1355 649 tribus
1377 614 1506 648 Ordinis
1533 614 1703 659 Minorum,
1732 624 1764 649 ut
1786 614 1905 650 eisdem
1934 626 2006 661 per-

1256 664 1340 698 sonis
1356 664 1400 698 eis
1415 663 1579 704 confessis,
1592 664 1706 711 quibus
1722 673 1858 700 rectores
1876 663 2006 711 praefati,

1256 713 1323 747 siue
1351 713 1525 748 rationabili
1553 726 1666 756 causa,
1694 714 1916 760 denegaverint
1949 726 2005 748 seu

1258 763 1410 798 malitiose
1432 763 1609 798 distulerint
1628 763 1846 799 Eucharistiae
1868 776 1923 798 seu
1943 763 2007 798 Ex-

1258 822 1374 848 tremae
1402 812 1567 848 Unctionis
1589 823 1785 848 sacramenta
1814 813 2007 852 ministrare,

1256 875 1352 909 super
1372 875 1435 910 quo
1462 862 1646 898 eorumdem
1671 863 1886 898 consessorum
1909 875 2008 898 asser-

1259 913 1333 947 tioni
1357 913 1430 948 stari
1459 912 1583 957 debeat,
1608 913 1658 948 illa
1682 913 1864 961 petentibus
1887 913 2006 960 possint

1258 964 1386 1009 impune
1414 962 1571 998 exhibere.

1304 1013 1325 1059 g
1342 1015 1397 1046 tt.
1415 1012 1451 1047 Et
1467 1025 1564 1060 quum
1579 1012 1748 1060 aliquando
1767 1013 1928 1059 contingat
1943 1025 2008 1048 mo·
2040 1023 2094 1045 ιον,
2124 1025 2207 1045 moni.-

1258 1062 1390 1097 nasteria
1415 1063 1595 1097 monialium
1619 1064 1753 1098 Sanctae
1765 1062 1875 1098 Clarae
1897 1071 1928 1097 et
1942 1062 2006 1097 Mi-
2020 1057 2208 1116 ξζῗξζξζῗρζηῐζζ

1258 1111 1448 1146 norissarum
1463 1124 1518 1147 seu
1535 1112 1642 1147 Sancti
1658 1112 1799 1148 Damiaui
1815 1122 2005 1160 nuncupata·
2020 1124 2060 1141 tur-

1259 1174 1326 1195 rum
1343 1161 1533 1197 monialibus
1547 1162 1686 1202 destitui,
1701 1162 1780 1198 adeo
1797 1170 1829 1197 ut
1843 1162 1881 1198 de
1895 1175 2004 1198 eorum

1259 1211 1480 1246 reformatione
1507 1224 1581 1259 spes
1603 1212 1686 1247 nulla
1716 1213 1865 1260 supersit,
1887 1225 2011 1248 conve-

1259 1261 1461 1308 nientiusque
1488 1262 1527 1296 sit
1549 1261 1635 1309 quod
1663 1262 1785 1296 illorum
1817 1264 1863 1297 sic
1885 1262 2012 1298 destitu-

1259 1320 1360 1346 torum
1395 1311 1475 1346 bona
1503 1311 1541 1346 ad
1571 1312 1655 1358 ipsos
1689 1311 1800 1347 fratres
1827 1312 2009 1353 deveniant,

1258 1373 1391 1406 quorum
1420 1370 1509 1396 erant
1530 1373 1623 1396 curae
1645 1362 1824 1406 commissa,
1853 1374 1947 1410 quam
1971 1361 2010 1396 ad

1257 1410 1346 1450 alios,
1375 1410 1438 1455 illa,
1460 1423 1539 1458 quae
1565 1411 1612 1446 sic
1639 1411 1786 1446 destituta
1814 1412 1953 1446 existunt
1979 1419 2010 1446 et

1259 1460 1384 1495 destitui
1412 1461 1577 1507 contigerit
1605 1462 1634 1495 in
1658 1460 1816 1505 futurum,
1849 1473 1920 1496 eum
1947 1473 2009 1496 eo-

1259 1522 1327 1544 rum
1352 1509 1441 1544 bonis
1461 1510 1622 1551 omnibus,
1639 1511 1799 1558 perpetuis
1822 1510 1931 1546 usibus
1945 1510 2009 1545 fra-

1259 1567 1339 1594 trum
1363 1559 1470 1594 domui
1498 1559 1572 1594 dicti
1595 1560 1727 1595 Ordinis
1748 1560 1906 1595 Minorum
1928 1560 2008 1596 eius-

1258 1609 1329 1644 dem
1369 1609 1529 1644 destitutis
1562 1610 1762 1646 monasteriis
1790 1610 2006 1658 propinquiori

1258 1659 1464 1705 applicamus,
1490 1661 1530 1694 ita
1546 1668 1580 1694 ut
1602 1660 1711 1695 fratres
1737 1660 1796 1707 ipsi
1822 1660 1943 1707 possint
1969 1659 2008 1695 de

1259 1709 1319 1743 illis
1345 1717 1375 1743 et
1402 1709 1587 1744 eorumdem
1625 1710 1887 1745 monasteriorum
1922 1718 2005 1745 stru-

1259 1758 1356 1793 cturis
1388 1767 1418 1793 et
1440 1759 1593 1794 aedificiis
1621 1772 1677 1807 pro
1710 1771 1819 1794 eorum
1849 1759 2010 1795 voluntate

1258 1808 1440 1855 disponere.
1457 1808 1586 1844 Proviso
1608 1809 1693 1856 quod
1717 1810 1842 1844 illorum
1869 1809 2010 1844 ecclesiae

1258 1865 1289 1892 et
1310 1859 1457 1902 oratoria,
1480 1858 1517 1893 ad
1542 1859 1723 1906 proplianos
1743 1871 1819 1894 usus
1840 1871 1903 1894 non
1927 1859 2009 1894 redi-

1258 1915 1393 1954 gantur,
1430 1907 1486 1943 sed
1521 1908 1552 1942 in
1589 1908 1650 1943 illis
1680 1909 1870 1957 quandoque
1901 1908 2009 1944 divina

1259 1957 1460 1992 celebrentur
1482 1957 1592 1993 officia.

1307 2007 1327 2054 ἓ
1353 2009 1409 2041 12.
1435 2007 1580 2055 Insuper,
1598 2021 1697 2055 quum
1720 2008 1876 2053 nonnulli,
1891 2008 1929 2044 ad
1945 2008 2011 2043 Or-
2033 2016 2210 2038 norwicum·-

1260 2057 1364 2092 dinem
1383 2057 1577 2104 praedictum
1601 2058 1727 2093 fratrum
1750 2058 1909 2094 Minorum
1935 2070 2011 2106 spe·
2024 2047 2210 2100 fficfflffe'ss]

1260 2110 1369 2145 cialem
1392 2120 1536 2158 gerentes
1569 2112 1746 2148 devotionis
1771 2113 1929 2154 affectum,
1956 2124 2010 2147 or-
2024 2109 2153 2168 :Jghffiffir'f'
2172 2115 2209 2130 ⁸⁰·

1259 2167 1369 2202 dinent
1390 2179 1500 2201 eorum
1528 2166 1677 2202 cadavera
1705 2179 1776 2202 cum
1810 2167 1916 2202 habitu
1950 2166 2011 2202 fra-

1261 2232 1341 2257 trum
1364 2220 1521 2256 Minorum
1543 2230 1597 2256 aut
1619 2234 1762 2257 sororum
1784 2220 1857 2256 dicti
1880 2220 2012 2256 Ordinis

1260 2275 1299 2310 ‹le
1327 2275 1521 2310 poenitentia
1557 2276 1700 2323 sepeliri,
1728 2288 1793 2320 ne,
1815 2288 1853 2311 ex
1884 2275 2010 2310 illorum

1261 2342 1427 2377 corporum
1456 2330 1613 2365 delatione
1634 2330 1672 2366 ad
1700 2330 1759 2366 alia
1791 2330 1869 2371 loca,
1896 2329 2010 2365 Ordini

1261 2393 1291 2419 et
1326 2385 1472 2420 fratribus
1501 2384 1670 2432 praedietis
1698 2385 1811 2419 iniuria
1843 2385 2011 2431 irrogetur,

1262 2439 1461 2474 decernimus
1482 2439 1560 2474 tales
1586 2439 1668 2485 apud
1693 2439 1803 2474 fratres
1830 2439 1916 2486 ipsos
1941 2449 2011 2472 esse

1262 2493 1471 2541 sepeliendos,
1505 2494 1596 2528 etiarn
1621 2493 1645 2527 si
1669 2493 1742 2528 alibi
1775 2505 1862 2528 suam
1897 2492 2012 2540 elegis-

1262 2557 1331 2583 sent
1352 2547 1559 2596 sepulturam,
1579 2560 1638 2582 nec
1659 2560 1761 2595 posse,
1784 2548 1875 2583 etiam
1892 2547 1920 2582 in
1941 2547 2010 2582 loco

1264 2615 1318 2650 per
1340 2615 1395 2637 eos
1417 2603 1528 2641 eleeto,
1551 2614 1623 2637 cum
1641 2602 1746 2637 babitu
1769 2600 2011 2649 quomodolibet

1263 2657 1406 2704 sepeliri,
1428 2666 1479 2692 aut
1498 2657 1535 2692 ad
1555 2656 1772 2704 sepeliendum
1791 2655 1917 2703 portari,
1940 2654 2011 2690 abs-

2258 2695 2262 2707 »
2258 2583 2265 2678 xa.e-..
2259 2496 2265 2552 vv·
2264 2468 2265 2475 ⁴
2262 2435 2266 2453 -,
