2281 3251
260 269 310 298 An.
328 269 440 298 01516

276 1272 341 1293 Canu
354 1272 415 1293 huius

263 1305 427 1324 Gonsstltssionll.

505 257 576 292 678
1030 261 1217 286 surranum

504 326 620 360 Datum
647 324 766 359 Romae
793 320 874 369 apud
891 319 1042 356 Sanctum
1058 319 1204 363 Petrum,

455 388 538 410 anno
568 372 793 410 incarnationis
825 371 1000 406 dominicae
1034 369 1203 404 millesimo

455 425 708 472 quingentesimo
735 421 961 460 sextodecimo,
986 431 1030 454 xv
1053 418 1204 454 kalendas

454 474 655 521 septembris,
675 481 760 520 pont.
784 471 880 506 nostri
904 482 986 505 anno
1009 481 1053 504 tv.

495 528 554 558 Dat.
574 527 621 557 die
643 526 676 556 18
693 525 811 564 augusti
828 525 913 561 1510,
937 529 1014 563 pont.
1033 531 1110 552 anno
1126 530 1163 552 iv.

453 607 599 651 Sequitur
613 605 743 638 eiusdem
762 602 918 648 Pontificis
938 602 1003 635 alia
1019 601 1117 633 (lictae
1129 611 1202 632 con-

501 656 623 689 cordiae
650 654 842 698 confirmott'o
858 680 868 691 ,
893 663 980 686 sacro
1004 649 1205 684 Lateranensi

505 705 638 738 Concilio
656 704 854 749 approbante.

719 763 931 795 SUMMAttlUM

452 819 563 850 Causae
586 819 674 849 buius
697 819 812 848 constit.
833 835 873 840 —
896 818 920 847 1.
943 816 1106 846 Concordia
1130 815 1201 845 inita

490 859 545 889 suit
557 869 622 889 cum
639 868 707 897 rege
726 859 876 893 Franciae,
893 862 923 886 nt
940 858 968 886 in
989 856 1066 886 bulla
1083 857 1202 895 praein-

491 905 577 929 serta.
598 917 637 922 —
658 899 685 929 2.
713 899 746 929 Et
768 908 845 928 nunc
873 898 920 927 illa
945 906 996 936 per
1021 896 1202 933 Pontificem,

490 949 556 970 cum
579 939 789 979 approbatione
809 938 946 974 concilii,
966 938 1067 967 iterato
1091 946 1201 976 appro-

490 980 585 1015 batur,
604 984 748 1020 quatenus
767 989 815 1009 rex
829 988 880 1018 pro
896 983 976 1018 parte
995 987 1046 1007 sua
1067 978 1200 1007 eamdem

490 1020 635 1050 observet.
653 1037 691 1042 —
710 1020 736 1050 3.
755 1019 912 1050 Clausulae
931 1018 1145 1057 derogatoriae.

450 1073 500 1102 Leo
519 1074 660 1110 episcopus
679 1080 773 1103 servus
801 1080 941 1103 sorvorum
955 1072 1019 1105 nei,
1045 1072 1079 1100 ad
1106 1078 1200 1107 perpe-

495 1121 573 1148 tuam
594 1120 636 1148 rei
653 1119 823 1153 memoriam.
844 1125 921 1148 sacro
941 1117 1109 1154 approbante
1134 1117 1202 1146 Con-

495 1165 568 1193 cilio.

499 1218 612 1254 Divina
634 1219 822 1266 disponente
837 1218 1017 1261 elementia,
1034 1230 1089 1264 per
1104 1229 1199 1264 quam

452 1281 540 1316 reges
561 1277 707 1316 regnant,
729 1277 759 1303 et
781 1269 940 1315 principes
968 1268 1140 1315 imperant,
1171 1268 1200 1301 in

451 1318 943 1366 eminentiapostolatusspecula
954 1325 1202 1364 etsupergentes

451 1378 480 1404 et
492 1381 598 1416 regna,
614 1369 733 1404 meritis
747 1369 817 1403 licet
834 1367 1201 1415 imparibus,constituti,

453 1420 558 1454 animo
583 1419 777 1453 revolventes
791 1418 893 1464 quod,
912 1418 968 1452 etsi
988 1430 1035 1461 ea,
1051 1429 1131 1464 quae
1146 1429 1201 1464 pro

450 1469 568 1504 salubri
592 1478 621 1502 et
643 1469 748 1516 quieto
779 1468 930 1514 regimine
959 1479 1148 1513 regnorum,
1172 1474 1202 1501 et

451 1518 487 1553 ad
498 1519 656 1565 apieeniet
673 1518 820 1552 iustitiam
838 1518 1039 1565 populorum,
1051 1526 1201 1564 perpetua

451 1568 635 1603 eorumdem
665 1580 832 1615 regnorum
856 1567 1044 1608 stabilitate,
1074 1566 1202 1613 regibus

451 1620 634 1664 praesertim
658 1619 697 1653 de
727 1618 787 1652 lide
812 1618 964 1652 catholiea
984 1626 1014 1651 et
1040 1617 1079 1651 dc
1107 1629 1201 1664 repn-

452 1667 530 1702 blica
553 1668 718 1702 christiana
742 1677 771 1703 et
794 1667 973 1715 Apostolica
997 1667 1080 1702 Sede
1103 1666 1202 1701 bene-

451 1718 583 1761 meritis,
607 1717 756 1752 laudabili
779 1726 809 1752 et
833 1718 958 1762 provida
984 1726 1087 1751 nostra
1115 1717 1202 1751 ordi-

454 1768 580 1801 natione
595 1780 666 1802 cuin
683 1767 916 1802 venerabilibus
931 1767 1203 1802 fratribusnostris

451 1816 486 1851 S.
508 1816 548 1851 R.
571 1816 609 1851 E.
632 1816 845 1851 cardinalibus
862 1829 1011 1851 concessa
1034 1829 1069 1852 ac
1095 1817 1133 1851 ad
1161 1816 1203 1851 es—

453 1866 570 1901 sectum
594 1867 774 1901 huiusmodi
791 1875 888 1912 gesta,
911 1876 1037 1911 statuta,
1060 1866 1201 1901 ordinata

451 1925 480 1950 et
507 1917 628 1951 decreta
657 1916 773 1951 factave
802 1924 896 1953 sunt,
926 1916 1048 1963 plenam
1080 1916 1201 1951 roboris

452 1965 613 2000 obtineant
635 1965 829 2006 firmitatem,
848 1966 907 2000 illis
922 1966 1128 2000 nihilominus
1155 1967 1203 2000 in-

453 2015 588 2059 terdum,
603 2028 691 2050 sacro
704 2016 898 2063 approbante
914 2016 1059 2060 concilio,
1077 2025 1201 2051 nostrae

452 2065 662 2100 innovationis
688 2074 718 2100 et
746 2065 982 2113 approbationis
1005 2066 1100 2100 robur
1122 2066 1203 2101 adii-

453 2115 570 2156 cimus,
594 2124 627 2150 ut
656 2127 693 2150 eo
722 2115 843 2150 firmius
878 2115 990 2150 illibata
1021 2115 1202 2162 perdurent,

453 2177 517 2212 quo
551 2165 678 2212 saepius
712 2174 804 2200 erunt
827 2174 931 2200 nostra
959 2167 1142 2200 auctoritate
1168 2179 1204 2201 ac

454 2214 545 2249 etiam
569 2215 724 2261 generalis
737 2215 862 2250 concilii
888 2215 1043 2262 praesidio
1058 2228 1203 2250 commu-

455 2264 537 2305 nita,
568 2266 787 2312 ellicacenique
816 2277 942 2312 operam
967 2265 1049 2299 eirca
1077 2278 1204 2300 cornin-

455 2313 526 2348 dem
556 2315 825 2350 conservationem
850 2314 983 2349 libenter
1005 2314 1202 2357 adliibeinns,

456 2372 490 2398 ut
518 2375 607 2410 reges
629 2373 658 2399 et
682 2365 820 2411 ipsorum
845 2377 1014 2411 regnorum
1041 2377 1203 2412 personae,

456 2414 727 2458 concessionibus,
744 2415 928 2461 privilegiis,
944 2416 1070 2449 statutis
1096 2424 1124 2448 et
1152 2428 1203 2449 or-

457 2463 670 2498 dinationibus
691 2464 871 2499 liuiusmodi
898 2465 926 2498 in
953 2464 1089 2499 Domino
1114 2465 1204 2511 plene

456 2513 652 2559 gaudentes,
680 2514 708 2546 in
739 2515 822 2560 pacis
850 2522 879 2548 et
913 2513 1143 2561 tranquillitatis
1169 2527 1203 2549 ac

457 2563 652 2598 amoenitatis
678 2563 845 2598 dulcedine
868 2563 1105 2611 conquiescant,
1122 2572 1151 2598 et
1174 2564 1203 2598 in

458 2623 566 2646 eorum
588 2613 677 2647 solita
700 2624 772 2659 erga
800 2614 942 2648 eamdem
967 2612 1082 2649 Sedem
1107 2613 1204 2648 devo-

459 2661 543 2697 tione
565 2661 734 2697 ferventius
758 2671 968 2710 perseverent.

1245 260 1406 284 κοΜΑΝωι
2013 258 2062 286 Αη.
2079 259 2110 288 c.
2128 257 2197 288 isto

1293 322 1308 360 g·
1326 319 1353 351 t.
1369 316 1480 362 Nuper
1493 314 1665 363 siquidem,
1680 322 1714 351 ut
1727 315 1870 351 Ecclesia
1881 327 1995 363 sponsa
2026 322 2143 358 Concordia
2157 323 2198 344 int·

1245 374 1351 401 nostra
1378 367 1408 400 in
1424 375 1529 401 sancta
1554 367 1671 401 unione
1693 373 1944 406 conservaretur,
1966 374 1996 401 et
2012 353 2196 406 ἶν’,ζῖῗῑξῖωηῗῖζ

1247 429 1302 463 per
1323 415 1544 451 etii-istissdetes
1574 416 1671 451 sacris
1693 416 1869 451 canonibus
1886 428 1903 450 a
1929 415 1997 451 Ro·
2012 416 2197 468 {³:¹¹¹Wn‘ifl'0‘·

1246 466 1347 500 manis
1369 465 1578 500 Pontificibus
1609 474 1638 501 et
1667 466 1766 500 sacris
1797 465 1998 513 generalibus
2036 463 2041 467 ’

1245 516 1386 550 conciliis
1401 515 1561 550 dumtaxat
1573 515 1666 550 editis
1683 515 1997 563 uteretur,quasdam

1245 566 1500 610 constitutiones,
1523 578 1603 613 quae
1630 565 1668 600 de
1691 574 1794 600 cetero
1818 565 1887 601 loco
1905 578 1998 613 prag-

1246 623 1376 650 maticae
1391 624 1566 651 sanctionis
1582 624 1612 650 et
1627 623 1847 650 contentorum
1868 628 1898 650 in
1917 627 1952 651 ea
1967 628 1997 650 in

1245 677 1341 712 regno
1358 665 1521 705 Franciae,
1539 678 1594 712 pro
1612 665 1695 700 bono
1713 665 1797 711 pacis
1810 675 1839 699 et
1863 678 1999 700 concor—

1244 715 1326 759 diae,
1352 727 1388 750 ac
1415 715 1498 750 illius
1521 715 1682 750 communi
1707 723 1737 749 et
1762 714 1885 761 publica
1911 715 1998 749 utili-

1244 772 1317 809 tate,
1333 777 1404 799 cum
1426 765 1590 800 carissimo
1613 765 1642 799 in
1668 764 1796 799 Christo
1814 765 1875 799 lilio
1892 772 1998 800 nostro

1243 813 1412 849 Francisco
1423 814 1618 849 Francorum
1635 826 1707 861 rege
1724 814 1998 856 christianissimo,

1243 864 1318 898 dum
1333 864 1494 899 Bononiae
1509 877 1580 899 cum
1598 875 1701 900 nostra
1723 863 1819 898 Curia
1839 876 1999 909 essemus,

1244 922 1400 956 tractatas,
1421 923 1450 950 et
1474 927 1545 949 cum
1570 914 1690 950 eisdem
1715 913 1862 949 fratribus
1881 915 1999 950 nostris

1243 964 1412 1010 diligenter
1433 965 1636 1003 examinatas.
1659 963 1745 999 etde
1767 976 1877 998 eorum
1897 965 2000 999 cousi-

1244 1014 1284 1048 lio
1306 1026 1378 1049 cum
1403 1014 1541 1061 praefato
1564 1026 1637 1062 rege
1655 1014 1875 1057 concordatas,
1897 1023 1927 1050 et
1945 1026 2000 1062 per

1244 1064 1343 1111 ipsius
1367 1065 1448 1111 regis
1475 1064 1650 1111 legitimum
1676 1071 1912 1111 procuratorem
1939 1075 1999 1099 ae-

1243 1122 1403 1161 ceptatas,
1427 1114 1466 1149 de
1487 1114 1672 1149 eorumdem
1703 1113 1835 1148 fratrum
1863 1114 1999 1149 consilio

1243 1172 1274 1198 et
1297 1164 1437 1198 unanimi
1461 1176 1630 1205 consensu,
1649 1165 1836 1204 statuimus,
1864 1164 1999 1199 ordina-

1243 1214 1357 1259 vimus,
1372 1222 1466 1261 prout
1484 1215 1512 1248 in
1529 1215 1644 1248 nostris
1659 1213 1757 1248 literis
1770 1213 1909 1261 desuper
1921 1226 1999 1249 con-

1244 1264 1334 1298 sectis
1368 1263 1492 1311 plenius
1514 1264 1719 1309 continetur,
1746 1275 1881 1312 quarum
1909 1272 1999 1299 tenor

1243 1314 1400 1361 sequitur,
1427 1322 1458 1348 et
1473 1322 1519 1348 est
1547 1314 1616 1349 talis
1644 1317 1698 1358 (t).

1292 1368 1306 1407 ξ
1323 1365 1356 1398 2.
1372 1363 1437 1398 Nos
1454 1364 1557 1410 igitur,
1579 1372 1611 1398 ut
1625 1363 1732 1398 literae
1748 1363 1846 1411 ipsae,
1861 1376 1941 1411 quae
1957 1363 1998 1398 ob
2034 1365 2140 1419 &paura
2160 1365 2198 1388 ‘¹¹⁸

1244 1412 1272 1448 id
1298 1414 1467 1460 praecipue
1489 1414 1591 1448 editae
1614 1413 1741 1448 fuerunt
1763 1414 1843 1448 utin
1866 1425 1998 1461 corpore
2012 1401 2197 1457 {iiuss’ss'r'irc-iss!

1243 1463 1387 1511 mystico,
1403 1472 1508 1498 sancta
1521 1463 1665 1498 videlicet
1679 1462 1833 1509 Ecclesia,
1845 1473 1996 1511 perpetua
2011 1459 2197 1519 {¹g',g‘³³¹}‚⁰,jss³,‘,',‡{,⁰,}

1243 1514 1356 1549 caritas
1371 1522 1401 1548 et
1418 1526 1476 1558 pax
1494 1514 1638 1548 inviolata
1656 1514 1881 1561 perdurent,et
1895 1515 1920 1548 si
1935 1526 1995 1561 qua
2013 1526 2098 1551 quaten·
2110 1527 2148 1543 ret
2158 1526 2196 1548 1³¹0

1244 1564 1385 1599 membra
1409 1563 1607 1608 dissentiant,
1621 1576 1654 1599 ea
1667 1563 1834 1599 commode
1848 1576 1906 1599 suo
1921 1564 1998 1599 rein·
2012 1557 2198 1607 Ξζζζόἷζζ,ξζῗ’

1243 1622 1388 1648 serantur
1399 1615 1535 1661 corpori;
1546 1626 1648 1662 eoque
1662 1614 1763 1660 magis
1779 1614 1997 1659 observentur,

1243 1676 1305 1710 quo
1322 1664 1438 1699 clarius
1451 1665 1625 1699 constiterit
1648 1665 1733 1711 ipsas
1756 1663 1861 1700 literas
1878 1677 1912 1699 ea
1929 1676 1998 1699 ma-

1245 1722 1313 1748 tura
1331 1724 1361 1749 et
1384 1714 1501 1749 salubri
1525 1714 1754 1749 deliberatione
1769 1727 1784 1749 a
1803 1714 1998 1755 nobis,diet0

1243 1776 1331 1798 sacro
1346 1763 1551 1799 Lateranensi
1575 1766 1769 1812 approbante
1781 1765 1929 1809 concilio,
1942 1777 1999 1811 ap-

1247 1814 1403 1860 probatas,
1433 1815 1606 1859 innovatas,
1629 1826 1689 1861 qua
1714 1821 1847 1848 statutae
1868 1823 1898 1849 et
1912 1814 2000 1849 ordi-

1245 1872 1334 1898 natae
1363 1863 1506 1905 fuerunt;
1529 1865 1603 1899 licet
1629 1865 1666 1898 ad
1691 1864 1875 1898 earumdem
1895 1864 2000 1899 litera-

1245 1926 1313 1947 rum
1337 1913 1573 1948 subsistentiam
1597 1922 1626 1948 et
1642 1913 1846 1957 validitatem,
1869 1913 1928 1948 alia
1943 1925 2000 1960 ap-

1246 1962 1432 2010 probatione
1461 1977 1521 1998 non
1543 1963 1745 2010 indigerent,
1767 1964 1804 1998 ad
1827 1963 2000 1998 abundan-

1245 2018 1357 2052 tiorem
1399 2026 1503 2053 tamen
1533 2018 1711 2062 cautelam,
1735 2026 1767 2052 ut
1796 2030 1832 2053 eo
1860 2018 2001 2053 tenacius

1244 2072 1452 2108 observentur
1482 2080 1513 2107 et
1545 2072 1704 2107 difficilius
1737 2072 1909 2117 tollantur,
1936 2084 2000 2119 quo

1245 2135 1402 2162 tantorum
1426 2135 1549 2174 patrum
1567 2126 1684 2161 fuerint
1699 2127 1818 2162 maiore
1840 2126 2000 2174 approba-

1247 2181 1330 2216 tione
1354 2182 1506 2223 munitae‚
1532 2182 1641 2217 literas
1661 2180 1834 2228 praedictas
1849 2193 1920 2216 cum
1935 2192 2000 2215 om·

1246 2235 1339 2270 nibus
1365 2244 1396 2270 et
1422 2236 1557 2283 singulis
1573 2236 1712 2277 statutis,
1736 2235 1999 2280 ordinationibus,

1244 2290 1389 2334 decretis,
1403 2290 1652 2328 definitionibus.
1668 2289 2000 2337 pactis,conventioni—

1244 2343 1320 2388 bus,
1349 2346 1580 2391 promissione,
1615 2346 1772 2380 voluntate
1810 2357 1845 2380 ac
1874 2345 1999 2392 poenis,

1245 2398 1430 2434 inbibitione
1464 2399 1596 2447 aliisque
1627 2399 1774 2434 omnibus
1808 2407 1838 2434 et
1864 2399 1999 2446 singulis

1245 2452 1395 2488 clausulis
1418 2454 1448 2488 in
1473 2455 1518 2489 eis
1541 2454 1708 2499 contentis,
1737 2454 1787 2488 illa
1804 2454 1997 2501 praesertim,

1244 2518 1304 2552 qua
1329 2507 1485 2543 voluimus
1500 2508 1601 2555 quod,
1624 2510 1648 2543 si
1675 2507 1831 2555 praefatus
1856 2506 1997 2543 Franco·

1247 2573 1315 2595 rum
1340 2574 1391 2597 rex
1414 2563 1613 2610 supradictas
1640 2563 1745 2598 literas
1780 2574 1815 2597 ac
1836 2563 1943 2598 omnia
1966 2570 1997 2598 et

1281 2635 1318 2678 (t)
1340 2636 1409 2664 Bulla
1430 2638 1484 2672 ipsa
1500 2641 1541 2666 est
1556 2645 1624 2673 quae
1641 2637 1785 2673 praecedit,
1804 2637 1862 2665 ideo
1883 2645 1935 2665 non
1953 2637 1995 2664 iu-

1244 2678 1352 2702 seritur.
