2281 3251
69 279 114 306 ΑΒ.
133 278 163 306 C.
183 279 248 305 ¹513

264 331 381 373 Eremi;
408 329 462 366 sed
485 328 705 365 inviolabiliter
726 327 1032 364 observeun·ttlar-t

264 381 318 416 tini
337 381 440 428 Papae
461 379 489 415 V
512 379 721 427 privilegium,
743 379 802 415 hoc
831 378 913 414 idem
936 386 1006 414 sta-
1026 406 1028 422 ,

264 439 365 466 tuens.

310 480 331 527 S
360 482 438 514 1⁶29.
467 479 543 514 Item
561 507 568 520 ,
597 479 742 514 volumus
776 486 808 513 ut
836 479 945 514 fratres
969 490 1005 513 ex

74 533 247 570 ”endfffssmesed
262 528 513 564 Mendicantibus
529 528 703 564 Ordinibus
722 529 758 563 ad
778 530 872 563 vitam
899 529 1008 564 eremi-
1027 538 1029 558 ῑ

66 569 248 619 ζιὶωξὲΐὲιῗζῃῖζζ
263 579 352 614 ticam
376 579 405 613 in
429 586 536 614 nostro
558 578 678 614 Ordine
700 586 920 624 transcuntes,
945 591 1006 613 non

65 628 247 681 jsmffigffigh'ffi
261 628 404 664 obstante
423 629 499 664 iuris
521 629 674 664 contraria
697 628 917 675 dispositione,
934 641 1007 675 pos-

65 690 195 718 pneiaiuras
210 691 246 711 na-
261 679 324 713 sint
350 690 457 713 vocem
481 678 510 713 in
534 679 684 726 capitulo,
705 678 804 713 officia
831 687 861 713 et
888 678 1008 725 praela-

63 721 133 744 ΜΝ·
262 737 345 763 turas
366 728 396 762 in
418 728 535 763 Eremo
558 728 688 769 liabere;
709 740 771 763 non
795 735 898 763 autem
921 728 1008 773 alibi,

261 779 291 812 in
316 787 422 813 nostro
443 777 575 823 Ordine,
603 778 663 813 hoc
684 778 730 813 eis
751 780 958 825 permittatur.

308 827 328 875 S
351 830 431 863 150.
454 827 546 870 Item,
569 828 753 863 ordinamus
780 828 864 874 quod
892 828 1007 869 nullus,

85 880 176 903 Ere-naa
205 888 245 903 ¹¹0⁸
261 889 363 924 neque
379 878 517 922 clausus,
534 878 636 925 neque
653 885 781 925 apertus
795 878 1009 925 Eremita,per

65 918 162 972 ξῖξῗζὲζ
175 921 248 974 ’ξξζζῖ
261 927 398 974 aliquem
414 928 507 962 nostri
523 927 653 962 Ordinis
668 927 840 974 praelatum
862 935 913 962 aut
929 927 1010 974 capi-

65 977 248 1030 {jffixlgffiugs
263 976 375 1019 tulum,
416 977 513 1024 possit
539 977 575 1011 ad
603 989 709 1012 sacros
735 977 856 1024 aliquos
883 976 1009 1011 ordines

65 1040 170 1067 recipere.
239 1019 314 1061 'aut
337 1026 527 1072 praelaturas
542 1054 551 1071 ,
579 1027 610 1061 in
634 1026 750 1061 Eremo
771 1027 817 1061 vel
840 1026 933 1066 alibi,
956 1035 1009 1061 aut

262 1075 448 1111 visitationis
473 1089 590 1111 munus
611 1076 847 1123 suscipiendum
872 1075 1010 1111 adstrin-

262 1125 304 1172 gi.
326 1124 483 1173 anloque
512 1126 723 1161 conscientiae
744 1137 839 1161 onere
862 1138 1010 1173 praegra—

262 1183 351 1210 vetur
367 1175 517 1217 Eremita,
532 1177 586 1223 qui
608 1175 790 1211 huiusmodi
804 1183 943 1218 vocatus,
957 1188 1010 1212 ae-

263 1225 374 1260 cedere
407 1233 460 1260 aut
481 1226 631 1261 assentire
653 1225 854 1260 recusaverit.

311 1275 331 1322 g
359 1277 440 1309 151.
465 1274 555 1319 Item,
576 1275 720 1310 volumus
747 1275 831 1322 quod
860 1286 1010 1310 monacus

78 1332 315 1369 Eremitaqujetaut
345 1336 515 1359 conversus
540 1324 690 1366 Eremita,
713 1325 767 1371 qui
794 1325 1010 1371 trigesimum-

65 1365 248 1420 ἓὲζῆἶζξῖζξωω
262 1373 407 1421 quintum
423 1386 497 1409 suae
510 1374 619 1409 aetatis
631 1387 747 1409 annum
763 1374 905 1422 perfecit,
916 1383 945 1408 et
957 1387 1011 1422 per

263 1436 360 1458 unum
375 1424 412 1458 ad
429 1424 535 1459 minus
550 1437 682 1470 annum,
695 1432 766 1472 post
781 1424 1010 1472 professionem

262 1473 359 1508 nostri
375 1472 518 1519 Ordinis,
534 1475 564 1508 in
576 1474 690 1509 Eremo
707 1474 926 1521 permanserit,
943 1486 1011 1521 pos-

261 1523 312 1568 sit,
326 1523 365 1558 de
382 1524 506 1559 licentia
521 1524 651 1571 capituli
670 1524 768 1571 ipsius
790 1524 895 1559 Eremi
918 1524 1011 1558 dum-

262 1581 355 1618 taxat,
376 1574 444 1608 sine
464 1573 598 1608 alicuius
612 1574 739 1609 alterius
752 1574 888 1615 licentia,
904 1574 934 1608 in
952 1573 1012 1608 cel-

262 1622 323 1658 lula
335 1635 391 1658 sna
405 1635 438 1658 se
453 1623 600 1659 claudere
614 1631 644 1659 et
657 1623 698 1658 ibi
715 1623 910 1659 reclusorum
925 1636 1011 1659 more

262 1672 374 1708 vivere.

310 1723 330 1770 S
347 1725 425 1757 152.
442 1721 483 1757 Ut
495 1730 598 1758 autem
617 1723 732 1759 reclusi
745 1723 903 1759 Eremitae
916 1732 1010 1759 atten-

262 1771 323 1807 tius
338 1772 405 1807 solo
427 1771 494 1808 Deo
516 1785 625 1808 vacare
652 1773 787 1820 possint,
810 1773 956 1809 volumus
977 1782 1009 1809 ut

262 1821 376 1857 reclusi
390 1822 548 1858 Eremitae
575 1823 784 1858 omnesliberi
807 1831 837 1858 et
854 1824 1010 1859 immunes

262 1871 326 1907 sint
343 1872 382 1907 ab
408 1873 494 1907 omni
516 1884 612 1908 onere
633 1873 853 1919 conscientiae,
868 1874 949 1909 circa
966 1886 1010 1909 re-

261 1921 365 1968 gimen
379 1930 409 1957 et
422 1922 722 1958 administrationem
737 1935 854 1964 rerum,
868 1931 929 1958 tam
945 1924 1012 1971 spi-

263 1971 424 2006 ritualium
435 1984 531 2020 quam
544 1973 779 2020 temporalium,
795 1973 893 2021 ipsius
905 1973 1010 2008 Eremi

263 2029 293 2055 et
313 2020 453 2056 locorum
468 2021 584 2058 Eremo
598 2034 792 2058 annexorum
815 2031 845 2058 et
859 2023 1011 2058 subiecto-

263 2083 344 2106 rum.
358 2070 399 2106 Et
414 2072 438 2106 si
461 2072 579 2107 eisdem
595 2072 640 2108 sic
656 2073 802 2120 expedire
818 2073 877 2108 sibi
893 2073 1012 2107 videbi-

264 2133 323 2168 tur,
346 2126 466 2173 possint
485 2127 589 2171 etiam,
611 2127 678 2162 sine
692 2127 901 2162 conscientiae
917 2140 1012 2163 scru-

264 2179 349 2227 pulo,
371 2182 437 2216 voci
465 2194 552 2227 suae,
573 2194 668 2229 quam
691 2181 722 2216 in
745 2181 881 2230 capitulo
897 2182 1012 2217 habere

263 2242 382 2282 posset,
401 2243 455 2270 aut
478 2236 509 2270 in
545 2235 702 2284 aliquibus
729 2244 780 2270 aut
806 2236 836 2271 iu
864 2236 1013 2272 omnibus

264 2290 460 2326 renunciare.

314 2344 334 2391 S
357 2347 437 2380 155.
459 2345 550 2390 Item,
573 2345 669 2380 totius
691 2345 784 2380 huius
810 2345 936 2393 capituli
957 2358 1014 2381 au-

71 2400 253 2454 ffgffieggffiffi
266 2399 421 2442 ctoritate,
442 2400 557 2436 clausis
588 2401 653 2435 sive
675 2400 816 2435 monacis
842 2401 907 2435 sive
930 2413 1013 2436 con-

71 2470 84 2485 s
98 2464 192 2486 reclusi..
267 2453 533 2500 versisEremitis,
547 2467 610 2489 non
625 2454 801 2490 valentibus
817 2455 944 2490 missam
961 2467 1014 2491 ee-

267 2506 398 2550 lebrare,
424 2509 629 2545 concedimus
650 2519 683 2544 ut
705 2510 826 2556 possint
850 2509 956 2557 plures
970 2510 1014 2544 si-

267 2562 332 2596 mul
346 2562 377 2597 in
388 2563 509 2598 cellulis
527 2564 735 2599 nihilominus
757 2564 907 2612 separatis
924 2563 1014 2599 habi-

268 2624 332 2651 tare
353 2626 383 2652 et
403 2617 442 2652 ab
453 2618 556 2666 aliquo
577 2618 722 2654 similiter
742 2618 850 2654 clauso
865 2618 1013 2654 cumillis

268 2669 427 2708 habitante
442 2673 554 2709 missas
567 2672 688 2716 audire,
702 2682 754 2708 aut
766 2673 791 2708 si
814 2673 907 2709 etiam
922 2673 1013 2710 mul-

65 1771 95 1791 Sit
111 1770 206 1791 immunis
222 1777 247 1791 o—

65 1802 124 1823 neria
131 1803 246 1822 administr.

65 1835 103 1853 otc.

931 273 993 296 LEO
1018 272 1041 295 X
1068 272 1115 295 ΡΙ).

1676 260 1746 295 565

1049 335 1115 363 tum
1132 326 1281 362 distantes
1302 325 1519 367 habitaverint,
1535 325 1574 361 ad
1593 325 1687 362 alium
1712 327 1795 361 clau-

1048 391 1131 422 sum,
1145 376 1249 412 autad
1265 376 1427 412 ecclesiam
1443 376 1480 411 ad
1498 375 1669 411 audiendas
1684 376 1795 411 missas

1809 271 1860 298 An.
1877 271 1906 299 C.
1924 272 1990 300 ¹5¹3

1027 428 1028 432 ’
1049 428 1209 468 accedere,
1226 435 1255 462 et
1269 427 1373 462 statim
1397 439 1468 462 cum
1484 426 1609 462 silentio
1623 426 1660 461 ad
1683 426 1792 461 cellam

1049 490 1136 513 suam
1160 476 1274 519 redire3
1296 476 1378 524 qnod
1407 477 1432 512 si
1456 476 1584 512 alterius
1610 476 1705 511 clausi
1728 476 1795 511 hu-

1050 527 1184 563 iusmodi
1200 527 1405 562 commoditas
1424 526 1576 571 desuerit,
1594 526 1740 561 volumus
1761 535 1796 561 ut

1050 590 1086 613 ex
1100 585 1277 625 apertorum
1295 588 1426 612 numero
1445 576 1556 624 aliquis
1569 575 1607 611 ad
1624 576 1795 617 reclusum,

1049 628 1102 675 qni
1131 627 1287 662 celebrare
1316 639 1378 661 non
1401 634 1515 673 potest,
1542 625 1691 661 accedere
1713 638 1796 673 quo-

1050 677 1125 712 tidie
1141 685 1295 717 teneatur,
1308 677 1377 711 etin
1387 676 1496 711 cellula
1510 675 1653 711 eiusdem
1669 676 1796 711 missam

1050 726 1208 762 celebrare
1233 734 1263 761 et
1282 726 1526 761 sacratissimum
1542 725 1657 761 Christi
1673 725 1798 773 Corpus

1050 775 1796 823 cidemrecluso,quotiensvoluerit‚ministrare.

1098 826 1118 874 g
1146 828 1226 860 154.
1254 825 1349 865 Item,
1372 826 1516 861 volumus
1538 833 1571 859 ut
1597 825 1694 860 clausi
1717 825 1798 860 Ere-

1051 875 1154 920 mitae,
1170 883 1261 923 prout
1276 875 1411 922 quisque
1433 875 1533 921 magis
1547 874 1605 909 sibi
1626 887 1798 922 congruere

1051 925 1252 969 existimabit,
1278 937 1350 959 cum
1373 925 1498 972 capituli
1517 924 1729 959 Eremitarum
1756 925 1799 959 li·-

1050 975 1162 1015 centia,
1182 974 1301 1022 possint
1323 974 1440 1021 aliquid
1454 986 1577 1019 eorum,
1590 974 1626 1008 ad
1647 986 1726 1022 quae
1741 986 1798 1021 pro

1050 1024 1226 1059 reclusione
1248 1032 1406 1065 tenentur,
1420 1024 1483 1059 sive
1496 1024 1578 1059 circa
1591 1023 1797 1071 psalmodiam

1051 1074 1115 1109 sive
1130 1074 1211 1109 circa
1236 1073 1351 1122 pedum
1366 1073 1539 1109 nuditatem
1561 1081 1591 1109 et
1613 1073 1671 1109 alia
1686 1074 1799 1108 huius-

1052 1124 1150 1169 modi,
1177 1123 1206 1158 in
1241 1123 1369 1170 aliquod
1390 1123 1473 1158 aliud
1513 1131 1565 1158 aut
1599 1123 1800 1171 aequivalens

1051 1182 1105 1208 aut
1126 1174 1228 1208 maius
1252 1181 1441 1219 permutare.

1100 1227 1115 1267 ξ
1144 1225 1224 1258 155.
1247 1223 1391 1270 Insuper,
1414 1235 1454 1257 ne
1469 1222 1571 1258 fervor
1587 1222 1729 1270 spiritus,
1744 1222 1799 1270 qui

1052 1273 1082 1307 in
1106 1272 1264 1320 aliquibus
1282 1273 1389 1315 divina
1415 1273 1512 1319 gratia
1534 1284 1603 1307 esse
1624 1272 1715 1317 solet,
1742 1272 1800 1307 ali-

1052 1335 1187 1370 quorum
1217 1323 1378 1370 tepiditate
1405 1323 1628 1369 extinguatur,
1654 1322 1800 1357 volumus

1053 1381 1087 1407 ut
1101 1372 1245 1408 reclusus
1259 1372 1393 1420 quisque
1409 1373 1508 1420 possit
1528 1373 1609 1407 vitae
1630 1371 1801 1407 observan-

1054 1423 1126 1457 tiam
1144 1422 1308 1457 arctiorem
1323 1430 1417 1470 atque
1434 1422 1657 1465 austeriorem,
1672 1422 1703 1456 in
1728 1421 1802 1469 qui—

1053 1472 1112 1507 bus
1134 1472 1193 1508 sibi
1218 1472 1317 1507 visum
1335 1472 1438 1513 fuerit,
1453 1472 1622 1513 custodire,
1644 1471 1770 1506 licentia
1785 1483 1801 1506 a

1055 1523 1156 1568 priore
1172 1522 1325 1570 quaesita,
1339 1521 1411 1557 licet
1424 1534 1485 1557 non
1499 1522 1643 1562 obtenta3
1663 1521 1802 1556 relaxare

1052 1580 1169 1617 autem,
1192 1572 1310 1619 absque
1330 1574 1515 1607 necessitate
1536 1580 1566 1606 et
1581 1583 1727 1619 expressa
1745 1583 1801 1606 su·-

1054 1623 1184 1670 perioris
1205 1622 1417 1666 lieentia,n0n
1435 1622 1543 1669 possit.
1975 1660 1979 1664 .

1101 1673 1121 1719 g
1152 1674 1229 1706 156.
1258 1671 1352 1713 Quod
1387 1679 1418 1706 et
1449 1672 1487 1707 de
1514 1671 1625 1706 ceteris
1651 1671 1800 1706 omnibus
1832 1686 1855 1707 a.
1879 1688 1940 1708 eis-m
1962 1688 1996 1709 aaz

1053 1722 1169 1770 apertis
1191 1722 1330 1756 monacis
1359 1729 1391 1757 et
1412 1721 1571 1757 conversis
1598 1721 1727 1766 intelligi
1745 1733 1801 1756 vo-
1814 1718 1997 1773 Er‘gffigsffl‘p‘ffi

1053 1772 1170 1813 lumus‚
1187 1772 1239 1819 qui
1257 1780 1393 1818 quatuor
1413 1784 1525 1816 annos,
1541 1778 1612 1819 post
1634 1770 1801 1819 professio·
1814 1757 1880 1817 {unos
1909 1759 1997 1811 quill„

1053 1834 1124 1857 nem
1147 1822 1245 1856 nostri
1273 1820 1416 1866 Ordinis,
1436 1822 1467 1856 in
1495 1821 1610 1856 Eremo
1632 1821 1774 1856 vixerint.
1814 1813 1924 1866 ζζῃιῗῖωο
1943 1816 1998 1835 '⁸²'

1102 1875 1116 1915 ξ
1140 1874 1221 1906 157.
1248 1871 1339 1913 Item,
1361 1872 1520 1919 antiquam
1542 1871 1798 1906 constitutionem
1827 1902 1897 1925 ΡΜ.

1054 1921 1275 1956 confirmantes
1294 1930 1323 1956 et
1351 1921 1390 1957 de
1412 1934 1493 1956 novo
1514 1928 1697 1966 statuentes,
1720 1920 1799 1956 ordi-
1814 1911 1997 1958 aenialssmeil‘ss}

1054 1983 1166 2006 namus
1183 1971 1280 2019 quod,
1295 1983 1356 2006 non
1371 1971 1513 2007 obstante
1533 1971 1636 2019 aliqua
1651 1970 1798 2006 contrarii
1813 1965 1997 2021 {fflss¹}oel⁸¹}’g'¹³·

1054 2022 1130 2057 iuris
1139 2021 1355 2069 dispositione,
1372 2022 1529 2068 peculium
1551 2032 1754 2056 monacorum
1770 2028 1799 2055 et
1965 2016 1969 2020 ’

1055 2083 1277 2107 conversorum
1291 2072 1388 2107 nostri
1404 2071 1544 2115 Ordinis,
1555 2071 1608 2118 qui
1619 2079 1708 2106 extra
1719 2069 1800 2106 clau-

1054 2133 1153 2161 strum
1188 2134 1281 2174 atque
1303 2134 1387 2161 extra
1409 2124 1562 2160 Ordinem
1584 2125 1689 2172 ipsum
1712 2123 1801 2159 obie-

1055 2180 1128 2226 rint,
1167 2180 1395 2216 sacratissimae
1422 2179 1536 2215 Eremo
1560 2179 1738 2227 applicetur
1771 2185 1802 2213 et

1056 2235 1126 2270 eius
1151 2247 1220 2271 esse
1243 2243 1416 2271 censeatur.

1103 2292 1213 2333 5158.
1227 2290 1372 2338 Insuper,
1387 2289 1533 2337 quoniam
1552 2296 1615 2324 tam
1631 2288 1725 2323 totius
1739 2287 1802 2323 Or-

1055 2343 1138 2380 dinis
1166 2345 1274 2386 nostri,
1301 2357 1394 2392 quam
1413 2343 1624 2379 Eremitarum
1646 2343 1802 2379 constitu-

1056 2398 1156 2434 tiones
1195 2400 1388 2447 antiquiores
1419 2398 1516 2434 multa
1547 2398 1705 2434 continere
1732 2398 1802 2432 exi-

1056 2453 1233 2499 stimantur,
1255 2465 1334 2501 quae
1361 2461 1486 2501 propter
1506 2460 1684 2501 temporum
1700 2460 1802 2487 muta-

1057 2507 1186 2549 tionem,
1200 2508 1373 2544 secundum
1386 2516 1583 2556 praesentem
1593 2507 1715 2542 vivendi
1730 2519 1803 2543 con-

1055 2563 1266 2608 suetudinem,
1283 2563 1388 2598 minus
1409 2563 1565 2598 observari
1588 2574 1679 2610 posse
1695 2561 1803 2597 viden-

1055 2626 1116 2660 tur,
1157 2619 1354 2666 plurimaque
1380 2618 1411 2653 in
1434 2619 1479 2653 eis
1511 2625 1564 2653 aut
1585 2617 1713 2653 confusa
1749 2625 1802 2652 aut

1055 2673 1161 2708 minus
1182 2673 1379 2709 cohaerentia
1393 2700 1403 2719 ,
1427 2673 1624 2720 invicemque
1646 2671 1801 2708 contraria

1825 840 1847 861 In
1866 840 1939 868 quibus
1959 846 1994 860 re-

1811 871 1864 892 clusi
1871 873 1993 898 dispensen-

1812 907 1852 929 lur3

1818 1237 1995 1265 Asperioromque

1813 1269 1876 1288 vitam
1887 1269 1933 1294 elig.
1946 1274 1996 1294 pos-

1814 1304 1864 1325 §1qu

1822 2298 1952 2320 Ordination.
1963 2304 1996 2320 an-

1816 2331 1918 2357 tiquiores
1933 2329 1998 2351 refor-

1816 2364 1904 2382 ΙΠΘΙΙΙΙΙῘ.
