2281 3251
199 248 247 274 Αη.
266 247 295 274 C.
315 247 382 275 ¹466

206 361 384 387 hunnorumque

201 393 358 416 anzimunm,

217 623 308 644 Poenar.
334 630 389 650 qno-

205 660 245 682 que
277 656 389 676 condona-

204 688 292 707 tionem.

221 1058 393 1084 Q=i1·uscumque

210 1087 328 1108 tacutmib.
341 1091 394 1106 cun-

210 1120 279 1140 cessis
297 1123 338 1138 nou
356 1116 396 1137 ob-

212 1149 325 1171 stantibus.

228 1817 288 1839 lubet
296 1817 350 1838 hauc
360 1815 405 1837 bul-

217 1851 260 1871 lum
303 1847 404 1874 publica-

219 1880 237 1901 [Ι
251 1882 272 1900 et
285 1879 403 1900 observari.

221 2264 314 2317 ''isanctio
325 2269 405 2291 poena-

238 2300 255 2316 ι.

448 237 516 272 186

447 308 464 348 ᾖ
486 308 520 339 4.
545 303 680 351 Insuper
702 302 912 351 prohibemus
952 311 991 335 ne
1030 299 1153 346 aliquos

401 370 470 393 reos
503 357 698 405 capitalium,
724 365 778 392 aut
799 356 920 398 exules,
948 353 1096 388 bannitos
1123 361 1152 388 et

400 412 580 447 diffamatos
606 411 665 446 sub
695 422 794 458 poena
823 409 946 456 capitis,
973 407 1154 446 absolvere,

403 466 587 510 restituere,
608 474 660 500 aut
684 477 700 499 a
725 476 803 511 pena
841 463 973 496 liberare
1006 460 1155 505 audeant,

401 519 469 554 sine
497 519 630 554 Romani
652 518 815 553 Pontiticis
838 516 961 551 licentia
984 514 1123 562 speciali.

451 572 472 619 g
493 575 526 607 5.
554 572 733 615 Praeterea,
757 570 891 605 mulctas
911 578 940 604 et
959 568 1156 604 condemna-

403 625 504 661 tiones
533 626 756 673 pecuniarias,
778 623 931 658 Gamerae
953 622 1157 670 Apostolicae

403 679 442 715 de
469 680 537 715 iure
565 680 611 714 rel
635 678 867 715 consuetudine
895 677 1046 725 applicari
1081 677 1158 712 soli-

404 742 462 775 tas,
490 734 647 769 remittere
676 745 738 768 non
775 731 897 779 possint
936 739 989 766 aut
1026 731 1156 771 donaro,

404 799 462 822 nec
483 787 522 822 de
550 787 611 821 illis
637 786 769 834 gratiam
795 793 848 820 aut
868 784 1089 820 remissionem
1114 784 1159 819 sa-

405 852 488 882 cere,
516 841 574 875 nisi
598 852 699 887 usque
726 839 764 874 ad
794 851 953 874 summam
982 851 1036 873 sex
1059 839 1159 873 {lore—

406 906 519 930 norum
558 894 625 929 auri
660 894 698 929 de
719 893 872 937 Camera,
900 893 931 927 in
961 892 1075 927 mulcta
1103 905 1156 928 seu

406 947 672 984 condemnatione
699 947 847 996 quamvis
873 946 972 992 gravi.

456 1002 476 1049 S
503 1006 536 1037 6.
568 1002 767 1039 Revocantes
798 1012 909 1036 omnes
938 999 1162 1035 concessiones

408 1065 462 1091 aut
477 1056 650 1098 facultates,
671 1057 701 1091 in
720 1067 835 1103 genere
855 1054 901 1088 rel
924 1053 1042 1100 specie,
1063 1054 1163 1088 cuivis

410 1110 525 1157 legato,
547 1111 660 1146 rectori
681 1110 728 1145 rel
755 1108 958 1155 gubernatori
981 1118 1160 1145 concessas,

412 1164 442 1198 in
469 1171 624 1211 quantum
641 1163 824 1211 praemissis
838 1161 1055 1201 adversentur,
1079 1160 1165 1195 illas-

411 1231 474 1266 que
511 1231 567 1266 pro
600 1218 725 1253 insectis
756 1216 921 1256 habentes,
957 1215 1165 1249 decernentes

412 1272 563 1320 quicquid
596 1279 703 1307 contra
732 1270 903 1318 praemissa
937 1276 967 1302 et
1000 1267 1163 1315 quodlibet

414 1326 660 1373 praemissorum
695 1332 881 1359 attentatum
912 1322 1015 1366 suerit,
1046 1321 1167 1357 nullius

415 1392 485 1415 esse
504 1379 625 1414 roboris
647 1378 696 1414 vel
717 1378 922 1418 momenti3et
936 1375 1166 1417 absolutiones,

414 1434 635 1478 remissiones,
667 1431 854 1467 donationes
877 1439 907 1466 et
929 1430 1046 1476 gratias
1086 1441 1166 1476 quo-

415 1487 564 1522 rumlibet
599 1487 786 1533 legatorum,
809 1492 968 1520 rectorum
996 1491 1027 1517 et
1050 1482 1169 1529 guber-

415 1549 583 1580 natorum,
621 1551 824 1587 quacumque
859 1537 1046 1573 auctoritate
1094 1536 1170 1571 fun-

414 1594 579 1642 gentium,
608 1594 638 1628 in
679 1593 822 1628 futurum
853 1599 962 1627 contra
999 1591 1169 1637 praemissa

416 1647 545 1683 forsitan
573 1646 752 1692 faciendas,
782 1645 858 1680 nulli
898 1644 1026 1692 penitus
1053 1643 1171 1678 suffra-

415 1702 492 1749 gari.

466 1755 541 1802 57.
569 1753 755 1789 Mandantes
791 1754 871 1788 banc
907 1751 1170 1788 constitutionem

419 1817 558 1845 nostram
577 1809 607 1843 in
621 1808 771 1843 omnibus
798 1806 979 1842 civitatibus
1006 1805 1169 1840 Romanae

418 1861 581 1898 Ecclesiae
608 1860 849 1908 insignioribus,
873 1871 957 1894 nnnc
985 1867 1014 1893 et
1036 1858 1172 1904 singulis

419 1915 674 1964 quibuscumque
687 1913 895 1961 temporibus,
906 1913 936 1946 in
950 1912 1084 1947 adventu
1098 1913 1168 1946 novi

420 1969 513 2016 legati
549 1980 604 2004 seu
632 1967 878 2015 gubernatoris,
901 1965 1085 2001 soicmniter
1113 1978 1173 2012 pn-

420 2027 528 2063 blicari
556 2035 585 2062 et
613 2026 652 2062 ab
674 2026 824 2062 omnibus
859 2023 1078 2059 inviolabiliter
1115 2023 1173 2058 ob-

420 2088 548 2132 servari,
570 2099 605 2122 ac
632 2086 672 2121 de
694 2085 792 2121 verbo
814 2085 851 2120 ad
876 2084 1004 2119 verbum
1035 2085 1064 2118 in
1094 2084 1172 2119 libro

420 2144 538 2180 ibidem
573 2145 680 2192 aliquo
723 2143 904 2180 authentico
948 2143 1107 2189 registrari
1143 2151 1172 2179 ct

421 2203 612 2239 conservari.

473 2261 560 2297 Nulli
583 2273 659 2308 ergo
681 2268 734 2296 etc.

522 2321 638 2356 Datum
661 2321 781 2355 Romae
803 2320 886 2367 apud
910 2320 1061 2354 Sanctum
1092 2319 1174 2353 Mar-

421 2392 506 2421 cum,
529 2392 612 2416 anno
624 2379 851 2415 lncarnationis
874 2379 1051 2414 dominicae
1076 2377 1175 2411 mille-

422 2438 503 2474 simo
525 2438 840 2486 quadringentesimo
859 2436 1056 2484 sexagesimo
1073 2444 1174 2479 sexto,

423 2497 663 2546 quintodecimo
692 2496 840 2531 kalendas
867 2496 986 2543 aprilis,
1014 2495 1174 2542 pontilica·

423 2563 475 2592 tus
496 2555 607 2597 nostri,
630 2567 711 2591 anno
734 2568 770 2590 ιι.

469 2622 530 2654 Dat.
549 2622 596 2653 die
616 2622 652 2653 18
671 2622 769 2653 martii
788 2621 871 2660 1406,
891 2620 993 2662 pontis.
1013 2628 1088 2651 anno
1107 2628 1135 2651 ιι.

978 243 1165 267 numnius!
1193 242 1355 266 ROMANUM

1541 295 1594 331 tv.

1197 379 1313 412 Contra
1334 378 1503 412 vindictam
1541 377 1773 411 transversalem
1806 376 1839 409 in
1871 375 1949 409 Urbe

1245 428 1366 472 eiusque
1383 427 1524 460 districtu
1538 433 1699 466 sumentes,
1710 432 1764 460 aut
1773 425 1949 460 cavalcacas

1245 488 1297 510 sen
1318 477 1476 510 hominurn
1503 476 1643 509 collectas
1663 475 1817 520 facientes,
1850 474 1951 519 briqu-

1247 537 1354 571 sosque
1374 532 1400 559 el
1427 536 1531 559 eornm
1557 525 1705 569 [autores.

1468 605 1685 637 suttmntmt

1199 678 1368 708 Exordium.
1403 694 1443 700 -—
1470 676 1563 707 Causa
1596 677 1684 707 liuius
1715 676 1831 706 constit.
1860 692 1900 698 —
1928 676 1953 706 1.

1242 722 1406 752 Vindictam
1425 721 1648 752 transversalem
1669 720 1858 757 facientibus,
1872 736 1912 742 —
1926 719 1954 750 2.

1240 767 1397 796 Collectam
1415 766 1567 796 bominum
1593 763 1879 795 adunantibus—3.
1892 763 1955 794 Pce-

1241 819 1294 839 nas
1327 811 1374 840 liic
1403 810 1568 849 descriptas
1591 809 1724 839 Pontifex
1756 809 1898 848 imponit;
1916 824 1956 830 —

1240 855 1269 884 4.
1288 854 1466 884 Fautoribns
1490 862 1593 883 eorum
1615 862 1726 892 poenas
1745 852 1861 891 infligit,
1875 869 1913 874 —
1928 852 1956 882 5.

1242 898 1409 938 Domosque
1431 907 1534 928 eorum
1561 898 1698 928 demoliri
1721 897 1850 934 mandat3
1870 913 1910 919 —
1926 897 1955 927 6.

1243 942 1359 981 Brigam
1380 943 1524 973 habentes
1546 951 1648 982 pacem
1671 941 1747 971 inire
1766 940 1857 978 iubet,
1874 957 1914 964 -
1931 941 1957 970 7.

1244 988 1389 1027 Pacisque
1411 986 1585 1017 huiusmodi
1614 986 1756 1016 fractores
1779 985 1882 1024 poenis
1910 985 1958 1015 hie

1244 1032 1410 1062 enunciatis
1434 1031 1567 1061 innodat.
1594 1046 1634 1052 —
1666 1030 1693 1060 8.
1716 1029 1800 1060 Ilunc
1822 1029 1956 1060 libellum

1245 1077 1274 1106 in
1297 1076 1414 1106 statutis
1436 1075 1525 1106 Urbis
1549 1074 1678 1105 describi
1702 1074 1830 1104 mandat.

1261 1152 1360 1180 Paulus
1377 1151 1519 1187 episcopus
1553 1157 1650 1179 servus
1675 1155 1816 1178 servorum
1838 1149 1897 1183 Dei.

1342 1205 1376 1233 ad
1407 1205 1569 1241 perpetuam
1593 1203 1634 1233 roi
1656 1203 1826 1232 memoriam.

1256 1277 1349 1312 Viros
1375 1275 1569 1322 sanguineos
1595 1283 1627 1310 et
1649 1273 1778 1310 dolosos
1799 1273 1963 1310 abomina-

1209 1326 1288 1362 biles
1311 1326 1380 1361 Deo
1402 1333 1532 1360 sanctus
1559 1323 1712 1371 propheta
1740 1330 1883 1366 testatur;
1903 1335 1962 1359 nec

1211 1376 1370 1410 immerito
1397 1373 1529 1422 quidem
1549 1375 1632 1421 apud
1647 1373 1753 1408 Deum
1770 1381 1800 1408 et
1816 1373 1962 1408 homines

1210 1424 1386 1460 detestandi
1402 1423 1561 1468 videntur,
1575 1422 1644 1470 qui,
1659 1421 1818 1458 horrenda
1831 1422 1961 1458 saevitia

1210 1482 1241 1510 et
1276 1474 1430 1508 vindictae
1453 1472 1559 1507 furore
1586 1471 1750 1516 succensi,
1772 1471 1960 1518 sanguinem

1210 1523 1320 1559 sitiunt
1341 1523 1476 1558 aliorum
1499 1529 1529 1556 et
1561 1521 1745 1569 praesertim
1773 1520 1962 1566 insontium,

1212 1574 1251 1608 ita
1291 1580 1324 1607 ut
1364 1583 1426 1606 non
1463 1570 1566 1606 solum
1614 1581 1785 1617 corporum
1827 1577 1961 1606 mortem

1213 1629 1394 1669 procurent,
1416 1620 1470 1656 sed
1494 1620 1587 1655 etiam
1611 1619 1789 1655 animarum
1817 1631 1873 1667 pro
1894 1619 1964 1667 qui-

1213 1672 1272 1706 bus
1287 1671 1344 1706 Dei
1359 1670 1460 1705 Filius
1476 1677 1610 1705 mortem
1633 1669 1731 1704 subiit
1752 1667 1962 1716 corporalem,

1212 1733 1327 1768 easque
1356 1719 1454 1766 pretio
1487 1719 1536 1754 sui
1559 1718 1731 1765 Sanguinis
1758 1717 1962 1765 comparavit.

1212 1770 1305 1805 Unde
1327 1781 1385 1804 nos
1399 1768 1541 1803 eiusdem
1564 1767 1740 1802 Salvatoris
1761 1767 1882 1811 vicem,
1903 1766 1965 1802 dis·

1214 1826 1350 1866 ponente
1371 1817 1522 1862 Domino,
1538 1817 1609 1852 licet
1631 1816 1791 1861 immeriti,
1813 1815 1966 1851 obtinen-

1215 1877 1260 1903 tes
1287 1868 1318 1902 in
1344 1867 1447 1911 terris,
1471 1866 1600 1902 eosdem
1621 1865 1734 1901 merito
1755 1865 1964 1910 detestamur,

1214 1925 1242 1951 et
1265 1917 1302 1951 ad
1326 1917 1430 1962 gregis
1453 1915 1603 1951 dominici
1633 1913 1809 1950 custodiam
1832 1914 1966 1950 solicitis

1214 1967 1335 2001 excitati
1380 1965 1514 2012 vigiliis,
1554 1965 1733 1999 animarum
1776 1971 1806 1999 et
1850 1975 1966 2012 corpo-

1215 2027 1284 2050 rum
1308 2014 1399 2049 salnti
1422 2023 1452 2048 et
1478 2014 1621 2061 publicae
1643 2013 1710 2060 paci
1734 2025 1770 2048 ae
1791 2012 1888 2060 quieti
1924 2021 1968 2048 at-

1216 2073 1299 2100 tenta
1314 2064 1504 2110 cogitatione
1519 2064 1706 2108 insistimus,
1722 2070 1755 2097 ut
1770 2062 1964 2110 perditorum

1215 2115 1379 2149 bominum
1403 2114 1565 2149 audaciam
1586 2112 1831 2161 compescendo,
1845 2112 1967 2148 animas

1215 2164 1306 2199 simul
1325 2171 1351 2197 ct
1376 2175 1505 2210 corpora
1528 2163 1596 2198 Deo
1618 2162 1813 2201 lucrifacere,
1827 2173 1884 2197 sua
1906 2173 1968 2197 no-

1216 2214 1264 2248 bis
1291 2221 1482 2259 cooperante
1505 2213 1614 2259 gratia,
1642 2212 1811 2247 valeamus.

1264 2262 1347 2297 Sanc
1371 2263 1400 2296 in
1424 2262 1504 2297 alma
1529 2261 1612 2297 Urbe
1641 2269 1760 2306 nostra,
1781 2272 1861 2308 quae
1883 2261 1965 2296 sicut

1218 2325 1271 2359 per
1298 2324 1418 2346 sacram
1447 2311 1527 2346 beati
1552 2312 1635 2346 l‘etri
1659 2310 1777 2346 Sedem
1801 2310 1898 2345 totius
1919 2318 1967 2346 est

1216 2369 1310 2409 capnt
1345 2362 1429 2396 orbis
1456 2362 1588 2405 ctl'ccta,
1617 2362 1655 2395 ita
1683 2360 1797 2396 ceteris
1833 2359 1966 2395 urbibus

1216 2411 1332 2459 quietis
1360 2420 1390 2447 et
1414 2411 1499 2460 pacis
1525 2423 1644 2452 norma,
1663 2419 1693 2446 et
1721 2409 1883 2457 exemplar
1909 2409 1967 2445 de-

1217 2464 1300 2498 beret
1344 2474 1412 2497 csse
1447 2461 1608 2501 iustitiae,
1636 2460 1807 2508 instigante
1829 2458 1966 2501 diabolo,

1218 2513 1402 2560 pestiferum
1447 2520 1476 2547 et
1516 2510 1729 2558 perniciosum
1766 2509 1883 2544 malum
1923 2509 1967 2544 ir-

1218 2563 1326 2610 repsit,
1350 2569 1383 2596 ut
1410 2561 1435 2596 si
1459 2559 1585 2609 quando
1608 2559 1688 2596 inter
1715 2559 1851 2607 aliquos,
1871 2558 1965 2594 etiam

1218 2624 1274 2659 pro
1298 2611 1455 2647 levissima
1471 2622 1577 2653 causa,
1592 2621 1686 2658 quam
1701 2609 1821 2657 brigam
1841 2616 1968 2653 vocant,

1961 237 2009 265 An.
2030 237 2061 264 C.
2078 236 2145 264 {¹166

2007 1290 2126 1312 Exordium.

2001 2273 2069 2294 Causa
2103 2272 2164 2294 Ιιιιίιιι

1981 2305 2068 2327 constit.

2232 2662 2256 2718 ἐπ’·-ι
2237 2596 2254 2645 ⁸³-
2234 2457 2263 2586 -eir‘em'a
2230 2296 2261 2450 55⁴3&ssss
2230 2108 2262 2283 'mxu-,5¹⁵
2230 1957 2260 2099 nse-pff
2239 1922 2250 1938 ,ι
2225 1858 2247 1890 ἶ

2247 2851 2249 2856 2
2232 2726 2257 2826 '‘v-'573⁴-
