2281 3251
280 282 330 312 An.
347 283 378 313 C.
395 283 461 313 ilfi}

527 267 597 308 770

479 338 659 374 sterciensis
682 335 824 375 Ordinis,
847 333 886 369 de
903 333 991 368 terris
1013 334 1079 368 suis
1092 341 1163 368 ante
1178 345 1233 380 ge—

481 388 588 423 nerale
617 386 786 422 concilium
803 384 977 432 acquisitis,
993 383 1084 418 etiam
1102 383 1140 418 dc
1161 383 1234 425 illis,

480 450 558 485 quas
586 438 661 472 alias
688 442 909 470 concesserant
936 432 1125 468 excolendas
1151 433 1232 468 etad

480 500 535 522 eos
552 487 717 526 redierant,
743 485 768 519 si
792 496 844 519 eas
859 483 1003 518 manibus
1024 483 1156 530 propriis
1181 491 1234 517 aut

479 537 659 583 sumptibus
686 534 849 573 colerent,
872 533 1012 568 decimas
1033 534 1159 579 exigere
1182 541 1233 567 aut

480 596 667 634 extorquere
701 591 937 633 praesumeret,
971 583 1052 617 inter
1087 583 1144 617 alia
1180 594 1235 630 per

1062 279 1251 304 intumum
1272 278 1435 303 nonaum!

1274 333 1350 368 lium
1375 331 1556 367 buiusmodi
1580 331 1744 380 acquisitis
1764 338 1793 366 et
1815 330 2030 379 acquirendis,

1275 394 1356 430 quae
1376 382 1509 430 propriis
1532 381 1714 428 sumptibus
1728 380 1915 416 excolebant
1929 389 1958 415 et
1974 392 2030 417 ex-

1275 432 1427 472 colerent,
1454 443 1549 479 quam
1572 430 1648 466 alias
1676 430 1978 479 quomodocumque
2000 439 2030 465 et

1275 482 1550 528 qualitercumque
1573 481 1803 525 excolerentur,
1821 489 1852 516 et
1874 481 1967 516 etiam
1991 479 2030 515 de

1277 532 1336 566 illis
1354 531 1609 577 possessionibus
1626 530 1664 565 de
1688 530 1804 577 quibus
1825 530 1938 578 aliquis
1953 538 2031 565 eate-

1277 593 1336 616 nus
1363 581 1503 615 decimas
1525 587 1720 628 perceperat,
1749 592 1871 615 necnon
1895 580 1934 614 de
1962 579 2032 615 lior-

2045 278 2093 305 An.
2109 278 2139 306 c.
2160 270 2223 305 tuat

1278 631 1329 675 tis,
1353 630 1505 677 virgultis,
1523 629 1753 677 piscationibus
1775 629 1841 664 suis
1863 637 1893 664 et
1915 629 1953 663 de
1969 642 2031 663 uu-

1277 681 1434 715 trimentis
1457 680 1598 728 ipsorum
1627 678 1823 719 animalium,
1845 679 2031 713 auctoritate

1278 730 1432 777 praedicta
1453 730 1576 777 penitus
1604 729 1730 770 exemit,
1753 737 1782 764 et
1805 736 1948 776 exempta
1966 727 2030 763 sore

1277 789 1431 828 perpetuo
1459 779 1607 814 decrevit.

1326 830 1346 878 g
1372 832 1405 863 A.
1429 829 1469 864 Et
1500 829 1616 864 deinde
1644 827 1829 863 recolendae
1857 827 2028 863 memoriae
2057 843 2160 865 innocen.
2180 843 2229 867 vm
2258 829 2262 831 ’

1277 879 1463 914 Innocentio
1485 878 1590 926 Papae
1619 877 1703 918 Vnt,
1725 878 1870 913 similiter
1897 877 2029 924 praede·
2044 874 2230 897 ”¹⁰⁰·‘²⁰¹¹³⁸¹¹‘

2005 927 2010 933 ,
2043 906 2072 927 lla
2095 906 2143 927 Ιοει
2168 907 2230 928 initu

1277 930 1394 964 cessori
1417 937 1536 968 nostro,
1547 940 1602 975 pro
1617 936 1703 975 parte
1720 936 1794 962 tunc
1807 926 2029 963 Cisterciensis
2043 936 2128 959 ordini·
2146 936 2184 958 ιιὼ
2199 937 2230 960 Α-

1277 986 1306 1013 et
1333 979 1467 1013 aliorum
1491 978 1753 1013 monasteriorum
1767 977 1897 1012 Ordinis
1924 967 2230 1026 buius-{ffgiflssfisssses‘ss'}

1278 1028 1362 1062 modi
1379 1028 1527 1062 abbatum
1551 1039 1586 1062 ac
1608 1027 1794 1062 dilectorum
1810 1027 1944 1062 liliorum
1959 1038 2029 1062 con·
2043 1030 2148 1083 mma»
2171 1032 2230 1083 :inf

1277 1086 1428 1113 ventuum
1452 1077 1637 1113 eorumdem
1662 1077 1805 1124 exposito
1832 1077 1931 1124 quod,
1956 1075 2230 1114 licetmiomwm.

1278 1128 1350 1175 ipsi,
1365 1139 1539 1174 eorumque
1567 1139 1603 1161 ac
1625 1126 1700 1161 dicti
1723 1126 1853 1161 Ordinis
1870 1133 2029 1161 monaste·
2043 1124 2231 1178 ¹¹2¹gj³¹¹ssf⁰2ffi¹⁸j

480 637 630 685 quasdam
654 636 722 670 eius
745 634 852 669 literas
876 633 1064 668 inhibuerat.

529 686 548 734 g
575 691 608 720 2.
636 685 676 721 Et
705 684 861 720 Martinus
881 683 922 723 V,
937 682 1103 717 Romanus
1130 680 1236 716 Ponti-

287 741 466 778 ¹¹⁸ft¹¹¹⁰·*'·¹³²‘
480 737 527 772 fex
563 735 786 783 praedecessor
812 743 938 773 noster,
966 731 1234 779 archiepiscopis,

280 773 365 800 '¹¹⁰⁸‘
479 786 649 834 episcopis,
677 783 855 823 abbatibus,
892 782 1069 830 prioribus,
1097 781 1234 821 decanis,

478 835 720 877 archidiaconis,
749 833 938 881 praepositis
965 839 995 866 et
1022 831 1094 866 aliis
1129 831 1234 866 eccle-

479 887 597 922 siarum
623 883 779 931 praelatis,
807 883 845 917 ad
865 895 945 930 quos
966 893 1042 916 suae
1064 892 1161 927 super
1176 880 1235 915 boc

479 935 757 972 confectaeliterae
769 933 1235 979 pervenirent,expres-seman-

479 985 608 1023 daverat
630 992 665 1019 ut
687 982 921 1019 Cistercienses
939 994 974 1016 ac
990 980 1069 1016 alios
1094 979 1234 1024 abbates,

479 1037 599 1084 priores
622 1042 652 1069 et
673 1033 859 1072 abbatissas,
882 1044 916 1066 ac
939 1031 1044 1066 omnia
1067 1039 1097 1065 et
1113 1030 1234 1075 singula

479 1084 680 1127 monasteria,
694 1095 817 1118 necnon
835 1081 976 1128 singulas
996 1092 1147 1128 personas
1161 1079 1234 1114 dicti

478 1134 622 1179 Ordinis,
637 1142 710 1168 tunc
724 1132 899 1180 praesentia
911 1140 941 1165 et
955 1130 1072 1171 sutura,
1086 1130 1235 1165 ubicum-

294 1837 364 1862 sinn·
387 1837 414 1860 lv
438 1838 466 1860 st-

281 1869 360 1891 ntum
379 1868 467 1897 mpii·-

503 1198 541 1220 ue
564 1196 619 1233 pro
634 1191 776 1230 tempore
797 1181 977 1225 existentia,
991 1192 1007 1214 a
1024 1179 1235 1227 praestatione

479 1198 687 1278 decimarum,
711 1241 772 1266 tam
788 1231 827 1266 de
844 1230 1100 1278 possessionibus
1117 1228 1235 1264 babitis

479 1293 552 1320 ante
574 1294 603 1320 et
631 1289 702 1331 post
725 1281 892 1317 concilium
916 1279 1121 1319 antedictum,
1138 1291 1233 1326 quam

479 1346 516 1369 ex
539 1342 615 1369 tunc
630 1333 669 1367 de
692 1339 797 1366 cetero
810 1329 981 1371 liabendis3
1000 1337 1103 1364 ettam
1120 1328 1159 1363 de
1176 1340 1235 1363 no-

479 1383 628 1427 valibus,
653 1382 718 1417 sive
745 1388 816 1416 ante
847 1380 913 1415 sive
949 1387 1019 1427 post
1052 1377 1234 1413 huiusmodi

479 1433 650 1469 concilium
673 1430 837 1479 acquisitis
859 1438 889 1464 et
911 1428 1133 1476 acquirendis,
1154 1439 1235 1475 quae

481 1483 618 1531 propriis
645 1480 826 1528 sumptibus
849 1478 994 1514 colebant
1027 1487 1059 1513 et
1080 1477 1233 1518 colerent,

480 1545 574 1581 quam
602 1530 678 1567 alias
704 1528 1005 1578 quomodocumque
1032 1536 1063 1562 et
1090 1527 1237 1575 qualiter-

481 1594 618 1630 cumque
639 1581 885 1623 excolerentur,
917 1589 1039 1613 necnon
1063 1577 1101 1612 de
1124 1577 1234 1621 bortis,

481 1632 624 1679 virgultis
651 1639 681 1666 et
705 1628 931 1678 piscationibus
952 1627 1031 1668 suis,
1048 1639 1084 1663 ac
1105 1626 1144 1662 de
1158 1638 1235 1662 suo-

480 1694 550 1717 rum
574 1679 756 1716 animalium
783 1677 986 1714 nutrimentis
1009 1677 1125 1724 singuli
1149 1677 1236 1725 ipso-

480 1744 551 1767 rum
574 1730 704 1765 omnino
731 1735 933 1764 servarentur
955 1727 1124 1762 immunes.

531 1781 551 1829 S
574 1783 606 1815 5.
623 1780 762 1827 Piaeque
778 1777 948 1813 memoriae
957 1776 1067 1812 Sixtus
1083 1776 1167 1824 Papa
1182 1775 1236 1821 IV,

480 1831 574 1866 etiam
591 1829 813 1878 praedecessor
825 1835 942 1872 noster,
957 1827 1074 1871 literas,
1090 1834 1150 1861 tam
1169 1825 1236 1860 Ho-

480 1881 561 1916 norii
600 1891 693 1929 quam
721 1878 847 1914 Martini
873 1876 1155 1924 praedeeessorum
1180 1875 1237 1910 bu-

480 1929 630 1969 iusmodi.
653 1936 734 1963 ratas
757 1936 787 1963 et
802 1935 904 1974 gratas
924 1925 1056 1967 habens,
1080 1926 1148 1961 illas
1162 1938 1234 1961 cum

480 1979 630 2016 omnibus
657 1978 689 2013 in
723 1978 769 2013 eis
795 1976 953 2012 contentis
975 1975 1150 2021 clausulis,
1182 1988 1237 2022 per

481 2030 557 2066 alias
578 2042 651 2065 suas
669 2028 775 2064 literas
802 2026 1001 2062 confirmavit
1023 2034 1053 2061 et
1079 2025 1237 2073 approba-

481 2081 536 2122 vit,
563 2092 600 2116 ac
627 2080 711 2114 iuxta
735 2076 934 2114 omnimodas
948 2087 1054 2111 earum
1073 2075 1238 2110 continen-

482 2135 541 2170 tias
562 2142 593 2170 et
610 2134 725 2169 formas
741 2133 770 2167 in
794 2132 844 2168 sui
861 2130 983 2166 roboris
999 2130 1145 2165 firmitate
1164 2142 1237 2178 per-

481 2197 578 2237 petuo
599 2188 770 2224 subsistere
793 2185 943 2222 decrevit.
967 2184 1007 2219 Et
1030 2184 1238 2220 nibilominus

482 2243 714 2280 Cistercienses
740 2254 776 2278 ac
798 2253 910 2277 omnes
936 2247 967 2276 et
993 2239 1138 2287 singulos
1159 2239 1238 2276 alios

482 2298 624 2343 abbates,
651 2298 785 2346 priores,
808 2295 995 2335 abbatissas,
1018 2306 1140 2330 necnon
1165 2306 1238 2329 om-

484 2353 535 2388 nia
557 2360 588 2388 et
608 2351 730 2399 singula
747 2349 947 2391 monasteria,
968 2357 1042 2384 tunc
1063 2349 1237 2396 praesentia

484 2415 513 2443 et
540 2405 806 2448 sutura,ubilibet
833 2404 1014 2445 existentia,
1042 2403 1238 2451 singulares-

484 2474 547 2510 que
574 2473 728 2510 personas
749 2459 879 2495 Ordinis
906 2458 1091 2494 }iuiusmodi
1113 2470 1127 2493 a
1145 2470 1237 2506 prae-

485 2517 618 2552 statione
638 2515 831 2551 decimarum
849 2522 910 2549 tam
929 2514 966 2549 de
984 2513 1238 2561 possessionibus

486 2571 601 2607 habitis
613 2577 685 2606 aute
700 2577 730 2605 et
753 2577 823 2618 post
839 2568 1008 2604 concilium
1026 2567 1237 2617 praedictum,

486 2638 580 2674 quam
608 2637 646 2661 ex
671 2632 747 2660 tunc
774 2623 813 2660 de
835 2631 939 2659 cetero
962 2622 1116 2659 babendis
1130 2630 1159 2658 et
1176 2629 1237 2657 tam

490 2679 529 2715 de
557 2679 750 2725 novalibus,
773 2679 838 2714 sive
860 2686 931 2715 ante
954 2677 1019 2713 sive
1041 2684 1111 2727 post
1132 2676 1239 2713 conci-

1278 1178 1332 1221 ria,
1356 1186 1418 1213 tam
1444 1189 1580 1212 virorum
1611 1188 1705 1224 quam
1730 1176 1912 1221 mulierum,
1926 1183 1956 1210 et
1969 1175 2029 1211 alia
2045 1187 2126 1209 diorum
2145 1186 2230 1208 uenit.

1277 1227 1421 1274 religiosa
1437 1227 1503 1261 loca
1527 1234 1556 1261 et
1580 1225 1781 1271 membra,ac
1806 1226 1945 1270 monaci,
1959 1237 2031 1260 mo-

1277 1277 1387 1318 niales,
1411 1276 1545 1318 vassalli,
1573 1275 1691 1311 subditi
1720 1285 1750 1310 et
1777 1275 1823 1310 eis
1844 1276 2030 1321 servientes,

1276 1326 1423 1374 bonaque
1446 1326 1551 1361 onmia
1566 1325 1751 1360 iamdudum
1767 1336 1822 1373 per
1849 1324 2031 1373 pluresRo-

1277 1389 1388 1412 manos
1404 1376 1575 1411 Pontifices
1604 1374 1866 1422 praedecessores
1892 1382 2031 1419 nostros,

1277 1435 1352 1461 tunc
1374 1425 1475 1473 ipsius
1487 1425 1664 1460 Innocentii
1688 1423 1955 1472 praedecessoris,
1970 1423 2031 1459 sub

1278 1477 1419 1523 ipsorum
1448 1474 1639 1510 Pontificum
1668 1482 1698 1509 et
1719 1473 1921 1521 Apostolicae
1939 1473 2032 1509 Sedis

1277 1524 1472 1573 protectione
1506 1524 1624 1572 recepti
1646 1531 1677 1559 et
1704 1531 1849 1571 recepta,
1871 1535 1907 1559 ac
1929 1523 2030 1559 eidem

1276 1575 1349 1610 Sedi
1370 1573 1551 1610 immediate
1573 1573 1708 1609 subiecti
1737 1581 1768 1608 et
1794 1573 1950 1614 subiecta,
1973 1584 2033 1609 nec

1277 1637 1339 1660 non
1362 1624 1401 1660 ab
1414 1624 1498 1659 omni
1517 1623 1738 1659 iurisdictione
1755 1622 1913 1658 ordinaria
1929 1634 2034 1658 exem·

1278 1675 1320 1722 pti
1335 1682 1364 1710 et
1376 1681 1522 1722 exempta
1538 1673 1773 1720 forent;eisque
1787 1684 1975 1708 concessum
1987 1684 2034 1708 es-

1276 1733 1323 1760 set
1340 1732 1372 1760 ut
1385 1724 1422 1760 ad
1438 1723 1680 1771 praestationem
1692 1722 1867 1771 aliquarum
1883 1722 2031 1758 collecta·

1278 1787 1348 1809 rum
1376 1786 1431 1809 seu
1447 1773 1664 1809 subsidiorum
1688 1781 1742 1808 aut
1769 1772 2030 1820 procurationum

1278 1832 1307 1859 et
1334 1824 1466 1859 aliarum
1489 1823 1688 1859 exactionum
1714 1835 1770 1870 per
1797 1822 1914 1859 Sedem
1939 1834 2032 1870 prae-

1278 1873 1394 1908 dictam
1423 1885 1478 1909 seu
1498 1873 1565 1908 eius
1589 1873 1787 1919 legatos,aut
1810 1872 1955 1920 ipsorum
1972 1884 2031 1907 au-

1278 1924 1421 1958 ctoritate
1453 1931 1484 1958 et
1513 1922 1685 1967 mandato,
1716 1934 1772 1957 seu
1801 1934 1856 1970 per
1888 1921 2031 1957 locorum

1277 1972 1456 2008 ordinarios
1477 1971 1525 2007 vel
1543 1971 1621 2007 alios
1635 1984 1691 2019 pro
1706 1979 1849 2019 tempore
1865 1971 2033 2020 imposito-

1279 2035 1346 2058 rum
1371 2035 1432 2058 non
1456 2029 1649 2064 tenetentum
1669 2031 1786 2064 tamen,
1814 2029 1847 2057 ut
1874 2021 1933 2070 ipsi
1953 2021 2034 2057 desi-

1278 2076 1441 2122 derabant,
1458 2088 1513 2125 pro
1529 2075 1640 2112 maiori
1655 2088 1766 2112 eorum
1790 2076 1908 2125 quiete,
1921 2088 2032 2125 recep-

1278 2131 1649 2178 tionem,subiecti0nem
1662 2131 1931 2179 etexemptionem
1947 2143 2034 2179 prae-

1279 2185 1380 2222 dictas
1392 2198 1427 2222 ac
1442 2186 1584 2234 singulas
1593 2185 1732 2234 desuper
1740 2185 1899 2222 confectas
1914 2185 2031 2228 literas,

1278 2252 1350 2276 eum
1370 2240 1519 2276 omnibus
1546 2247 1577 2276 et
1594 2241 1729 2288 singulis
1756 2240 1787 2275 in
1807 2240 1854 2275 eis
1875 2239 2032 2276 contentis

1279 2295 1441 2342 clausulis,
1469 2295 1653 2331 auctoritate
1675 2294 1861 2343 apostolica,
1882 2306 1920 2331 ex
1946 2302 2031 2331 certa

1280 2350 1486 2399 scientia,per
1495 2362 1568 2385 suas
1580 2350 1686 2387 literas
1699 2349 1894 2398 approbavit,
1915 2361 1952 2385 ac
1966 2361 2032 2398 per·

1280 2413 1391 2452 petuae
1413 2412 1443 2440 et
1471 2404 1659 2440 inviolabilis
1681 2404 1838 2440 firmitatis
1860 2403 1958 2441 robur
1971 2403 2030 2440 ob-

1280 2460 1378 2495 tinere
1394 2459 1544 2496 decrevit.
1556 2459 1596 2494 Et
1611 2458 1830 2505 nihilominus,
1842 2471 1900 2508 pro
1915 2458 2027 2507 potiori

1280 2514 1412 2560 cautela,
1427 2514 1628 2560 monasteria,
1650 2513 1730 2560 loca,
1747 2514 1886 2550 membra
1900 2522 1930 2550 et
1946 2513 2029 2550 bona

1281 2569 1386 2605 omnia
1402 2568 1598 2611 huiusmodi,
1610 2577 1684 2605 tunc
1695 2569 1857 2617 praesentia
1871 2576 1900 2604 et
1915 2568 2030 2614 futura,

1279 2623 1418 2669 abbates,
1446 2623 1632 2670 abbatissas,
1655 2635 1827 2669 monacos,
1855 2622 2030 2666 moniales,

1284 2677 1446 2721 vassallos
1461 2678 1606 2715 subditos
1628 2686 1658 2715 et
1679 2678 1851 2715 servientes
1865 2677 2032 2728 praefatos,
