2281 3251
154 244 194 267 λιι,
215 242 323 267 1Ϊ1Ἰὸ1

164 948 242 966 tuusne
273 946 332 965 liuius

151 977 316 996 constitutur-nis.

166 1485 283 1506 nectarium
301 1486 335 1506 (do

153 1525 190 1544 qua
203 1525 221 1538 ιιι
235 1519 327 1539 rubri-w

391 230 411 261 4
941 233 1127 258 secuntum
1155 231 1317 255 nomisma

343 293 637 330 clara-dilectorum
675 291 809 326 liliorum
839 288 1092 336 congregationis

345 356 548 379 monacorum
581 343 619 377 dc
641 341 848 375 Olisvrvantia
883 340 917 374 S.
941 339 1092 379 Iustinae,

344 394 475 429 Ordinis
496 393 530 427 S.
554 391 729 432 Benedicti.
758 390 865 424 merita
890 399 1092 423 recensemus

347 446 423 478 intra
439 452 562 477 nostrae
579 441 825 481 inentisarcana,
839 447 867 471 ct
882 439 1092 471 adt-ominen-

346 493 476 531 dabiles,
512 491 628 538 quilius
664 502 772 524 corum
808 487 990 521 ministeriis
1020 498 1092 531 erga

347 542 446 576 Deum
464 550 491 576 et
510 540 654 574 homines
676 539 891 572 indesinenter
910 535 1093 573 exuberant,

346 592 466 626 l'ructus
487 590 579 634 digne
597 598 718 622 nostros
741 585 947 620 dill'undimus
973 584 1093 631 cogita-

348 639 761 683 tus,votisillorumgratum
783 635 915 670 libenter
931 634 1095 668 offerimus

346 689 502 731 anditum,
526 701 578 735 per
597 699 675 734 quae
699 686 838 732 ipsorum
862 685 954 718 statui
977 695 1013 718 ac
1045 684 1095 717 in·

346 738 571 774 dernnitatibus
604 735 724 771 consuli
767 733 880 780 possit,
920 744 1094 780 eorumque

347 789 456 834 religio
484 786 617 822 salubria
657 784 768 831 iugiter
802 782 951 830 suscipiat
985 782 1095 817 incre—

347 846 462 872 menta.

395 891 410 929 ξ
432 889 460 920 1.
485 884 566 919 Cum
591 884 706 930 itaque,
730 881 811 916 sicut
838 879 975 915 exhibita
1005 880 1097 915 nobis

349 948 448 982 nuper
465 947 519 981 pro
535 941 621 981 parte
641 931 896 977 congregationis
912 929 1095 964 huiusmodi

349 985 456 1031 petitio
478 981 672 1021 continebat,
695 981 738 1015 eis
760 981 882 1014 diversa
911 979 1098 1014 donationes

347 1043 377 1067 ct
396 1034 496 1080 legata
516 1032 593 1067 sacta
615 1031 743 1073 suerint,
772 1030 913 1076 ipsorum
938 1037 1099 1063 monaste-

349 1085 402 1117 riis
424 1084 488 1117 sire
512 1082 588 1116 locis
611 1092 671 1114 non
695 1079 864 1125 expressis,
884 1086 914 1112 et
933 1085 1097 1125 propterea

348 1133 386 1167 ab
409 1131 566 1179 aliquibus
601 1129 785 1167 haesitatur,
820 1140 858 1162 an
895 1128 1097 1174 congregatio

351 1181 519 1229 praedicta.
544 1191 616 1215 cum
640 1178 724 1213 illius
746 1177 922 1224 singulares
945 1188 1098 1223 personae

350 1231 547 1279 proprietatis
570 1230 731 1274 incapaces
752 1227 827 1270 sint,
845 1226 1026 1274 praemissa,
1042 1238 1099 1261 su-

351 1294 406 1327 per
427 1291 559 1327 quornm
584 1277 743 1325 aliquibus
763 1277 801 1311 lis
817 1276 954 1311 indecisa
971 1275 1099 1322 pendet,

349 1339 379 1364 ct
406 1341 484 1374 quae
512 1329 662 1374 deinceps
684 1327 740 1364 cis,
764 1333 926 1360 annuente
948 1325 1099 1366 Domino,

351 1380 424 1413 lient
439 1378 625 1413 donationes
639 1385 667 1410 et
680 1376 779 1422 legata
793 1375 915 1410 valeant
925 1383 1098 1421 acceptare.

399 1431 418 1473 g
445 1430 477 1461 2.
497 1427 561 1461 Nos
583 1438 709 1461 omnem
726 1437 821 1471 super
837 1425 874 1459 iis
887 1424 1100 1470 ambiguitatis

351 1478 510 1511 materiam
534 1487 707 1518 semovere,
731 1486 853 1509 necnon
882 1473 1101 1509 conscientia-

351 1538 418 1560 rum
447 1526 605 1572 scrupulis
639 1525 764 1559 obviare
791 1523 969 1570 cupientes,
1002 1523 1102 1570 ipsius

351 1575 606 1621 congregationis
635 1576 664 1608 in
690 1574 746 1608 liae
770 1581 856 1620 parte
891 1572 1101 1620 supplicatio-

352 1624 446 1659 nibus
460 1625 611 1663 inclinati‚
623 1623 708 1670 quod
725 1622 928 1669 congregatio
944 1621 1101 1668 praedicta

352 1674 537 1708 donationes
552 1681 582 1707 et
605 1674 704 1720 legata
729 1671 907 1706 liuiusmodi
927 1678 1101 1718 acceptare,

354 1734 475 1758 necnon
500 1723 566 1770 ipsa
583 1722 629 1756 vel
652 1722 723 1757 eius
739 1721 916 1756 visitatores
939 1733 995 1768 pro
1010 1732 1102 1768 prae-

354 1772 460 1806 missis
487 1780 515 1806 et
543 1772 636 1806 etiam
671 1782 751 1817 quae
775 1770 867 1805 dictis
903 1770 1103 1805 monasteriis

354 1833 389 1855 ac
412 1820 488 1856 locis
511 1820 664 1855 hactenns
679 1819 755 1854 facta
769 1818 909 1864 suerunt,
922 1827 953 1853 et
969 1819 999 1854 in
1013 1827 1103 1854 antea

355 1870 420 1904 lieri
461 1870 639 1916 contigerit,
666 1868 889 1904 donationibus
930 1868 1104 1916 legatisque

354 1918 553 1953 vindicandis
587 1930 622 1953 ac
642 1917 844 1966 recipiendis,
862 1917 1023 1966 syndicos,
1038 1919 1104 1952 sive

355 1976 574 2015 procuratores
596 1968 789 2003 constituere
812 1975 841 2001 et
854 1967 1017 2013 deputare,
1034 1979 1105 2002 nee·

354 2030 416 2065 non
435 2018 622 2053 donationes
646 2026 675 2053 et
699 2017 796 2063 legata
818 2017 987 2065 praedicta,
1009 2017 1102 2051 etiam

354 2080 575 2115 quaecumque
618 2076 648 2103 et
689 2068 933 2115 qualiacumque
976 2067 1104 2112 fuerint,

356 2127 448 2165 prout
475 2118 612 2164 generali
643 2118 817 2164 praedictae
851 2117 1105 2163 congregationis

356 2168 495 2215 capitulo
517 2168 582 2202 sive
611 2167 705 2202 dictis
721 2167 935 2202 visitatoribus
951 2179 1006 2214 pro
1023 2176 1106 2202 tem-

358 2229 433 2263 pore
446 2217 612 2256 videbitur,
627 2218 706 2251 inter
719 2216 902 2251 huiusmodi
916 2217 1104 2251 monasteria

357 2275 449 2313 atque
473 2266 551 2306 loca,
580 2267 769 2313 illorumque
794 2277 956 2312 personas.
978 2274 1010 2300 et
1031 2266 1107 2300 alias

358 2318 387 2350 in
411 2316 512 2351 dictae
529 2317 780 2361 congregationis
795 2328 883 2356 usus,
898 2327 933 2350 ac
951 2327 1007 2363 pro
1022 2314 1105 2349 felici

357 2367 426 2401 eius
447 2374 529 2401 statu
557 2377 586 2401 et
610 2366 783 2400 directione
806 2365 996 2413 dispensari,
1028 2376 1106 2400 con-

359 2417 433 2451 verti
457 2426 486 2452 et
508 2415 654 2451 distribui
671 2417 752 2450 licite
768 2417 901 2463 possint,
919 2414 1106 2451 auctoritate

357 2466 528 2514 apostolica
551 2465 751 2500 decernimus
773 2474 802 2500 et
830 2465 1030 2512 indulgemus
1053 2477 1106 2513 per

358 2523 550 2563 praesentes.

408 2568 481 2613 βῆ.
511 2565 579 2600 Non
613 2564 815 2599 obstantibus
848 2564 910 2598 litis
939 2564 1106 2611 pendentia

357 2615 542 2652 huiusmodi
570 2627 604 2650 ac
620 2614 901 2651 constitutionibus
913 2614 1107 2664 apostolicis,

1137 299 1258 322 necnon
1278 285 1402 321 statutis
1424 292 1454 320 et
1468 282 1758 320 consuetudinibus
1787 294 1893 318 mona·

1135 337 1317 374 steriorum,
1341 335 1483 370 locorum
1507 342 1537 368 ct
1558 332 1690 368 Ordinis
1714 331 1892 381 praedicto-

1137 399 1218 426 rum,
1243 388 1432 425 iuramento,
1455 382 1694 418 confirmatione
1721 381 1892 428 apostolica

1139 436 1183 469 vel
1212 435 1324 482 quavis
1351 435 1410 468 alia
1439 431 1585 467 firmitate
1608 431 1777 476 roboratis,
1804 439 1891 467 cete-

1137 486 1243 530 risque
1265 483 1433 519 contrariis
1455 481 1723 530 quibuscumque.

1188 533 1270 568 Nulli
1294 545 1370 576 ergo
1391 541 1443 567 ecc.

1186 583 1302 618 Datum
1326 581 1446 617 Romae
1475 581 1557 628 apud
1581 580 1614 616 S.
1643 579 1788 624 Petrum,
1810 590 1893 614 anno

1139 632 1367 667 lucarnationis
1383 631 1561 667 dominicae
1583 632 1690 670 1431,
1713 628 1817 664 idibus
1843 640 1894 663 no-

1140 682 1289 723 vembris,
1313 681 1516 730 pontificatus
1539 680 1636 716 nostri
1666 691 1750 714 auno
1779 678 1892 726 primo.

1175 743 1235 774 Dat.
1252 744 1299 774 die
1318 743 1354 773 13
1370 742 1539 774 novembris
1554 742 1641 779 1431,
1657 745 1738 781 pont.
1756 749 1833 771 anno
1846 748 1864 770 ι.

1490 935 1543 971 tlt.

1140 1020 1322 1054 Declaracio
1359 1025 1385 1051 et
1420 1017 1574 1061 masquefa
1596 1017 1732 1061 Regulao
1762 1018 1897 1060 fratrum

1190 1070 1230 1102 B.
1255 1069 1380 1101 Mariae
1401 1068 1438 1100 de
1458 1067 1563 1100 Moneo
1592 1065 1742 1104 Carmelo,
1771 1066 1810 1099 ab
1834 1065 1897 1099 Ho-

1192 1119 1280 1151 norio
1305 1117 1360 1151 ΙΙΙ
1379 1117 1523 1150 hactenus
1543 1116 1738 1161 approbatae
1764 1117 1822 1156 (1).

1413 1192 1629 1225 SUMMARIUM

1141 1266 1308 1297 Exordium.
1327 1281 1365 1287 ——
1385 1265 1410 1294 1.
1434 1263 1575 1294 instantia
1594 1261 1714 1293 Ordinis
1740 1271 1792 1302 pro
1816 1263 1899 1293 miti·

1182 1311 1297 1349 gatione
1316 1309 1446 1348 Regulae
1468 1309 1499 1338 in
1514 1307 1668 1338 nonnullis
1687 1306 1846 1347 capitibus.
1861 1324 1900 1330 —

1181 1355 1208 1384 ⁹2.
1231 1353 1345 1384 Causae
1364 1352 1400 1383 ad
1424 1351 1596 1392 petitionem
1620 1351 1793 1382 huiusmodi
1814 1352 1901 1382 indu-

1182 1403 1292 1429 centes.
1302 1413 1341 1420 —-
1356 1396 1384 1427 3.
1397 1395 1436 1426 De
1449 1396 1584 1426 carnium
1596 1403 1660 1431 esu;
1674 1395 1750 1426 —4.
1765 1395 1804 1425 De
1817 1404 1901 1426 man-

1181 1444 1264 1473 sione
1282 1446 1311 1472 et
1325 1440 1564 1471 deambulatione
1591 1440 1621 1470 in
1639 1439 1790 1470 claustris.
1817 1456 1857 1463 -
1872 1440 1900 1470 5.

1182 1487 1300 1518 Fratres
1315 1486 1351 1516 ad
1367 1484 1586 1516 observantiam
1602 1484 1759 1514 anterioris
1771 1483 1900 1523 [tegulae

1184 1541 1241 1562 non
1264 1534 1410 1561 tenentur.
1433 1546 1472 1553 -
1493 1529 1520 1560 6.
1543 1528 1702 1558 Concessis
1725 1537 1792 1559 vero
1816 1533 1899 1560 antea

1184 1575 1348 1616 privilegiis
1372 1574 1509 1614 gaudent.
1541 1589 1580 1596 —
1608 1573 1634 1602 7.
1656 1571 1899 1603 Consessarium-

1183 1629 1240 1660 que
1264 1619 1322 1650 sibi
1345 1628 1378 1649 ex
1400 1619 1464 1658 ipso
1490 1617 1600 1648 Ordine
1630 1621 1756 1656 possunt
1780 1617 1900 1657 eligere.

1907 228 1958 256 Αιι.
1977 227 2007 255 C.
2022 227 2091 254 ΜΞΞ

1933 293 2091 314 Contrariorum

1907 325 2025 351 derogatio.

1185 1683 1222 1687 —
1241 1664 1268 1694 8.
1291 1663 1330 1693 De
1349 1663 1488 1703 relapsis.
1505 1679 1544 1685 —
1562 1661 1589 1692 9.
1612 1661 1652 1691 De
1671 1661 1784 1691 ieiunio
1803 1666 1901 1691 sextae
1941 1688 1943 1691 .

1185 1710 1286 1740 feriae.

1189 1783 1325 1819 lugemus
1342 1782 1484 1819 episeopus
1511 1788 1608 1812 servus
1635 1787 1774 1811 sorvorum
1793 1781 1854 1814 Det.

1280 1833 1314 1862 ad
1346 1833 1507 1869 perpetuam
1529 1831 1570 1860 ret
1597 1830 1765 1860 memoriam.

1196 1907 1331 1944 Romani
1359 1907 1524 1943 Pontificis
1548 1905 1742 1953 providentia
1769 1906 1902 1941 circum-

1146 1966 1254 2006 specta
1278 1968 1519 2004 nonnumquam
1547 1969 1595 1999 ea,
1617 1968 1700 2004 quae
1722 1955 1760 1990 ad
1786 1967 1902 2003 propa-

1147 2009 1305 2056 gationem
1329 2008 1530 2056 Religionum
1559 2019 1849 2055 quarumcumque,
1871 2015 1902 2042 et

1148 2063 1178 2096 in
1206 2060 1321 2096 divinis
1334 2059 1498 2106 obsequiis
1521 2058 1770 2105 mancipatarum
1791 2069 1902 2105 perso—

1149 2123 1259 2147 narum
1289 2122 1477 2158 prosperum
1501 2119 1618 2146 statum
1634 2109 1901 2151 conservandum,

1147 2173 1183 2197 ac
1194 2161 1369 2196 animarum
1384 2161 1518 2195 salutem
1535 2160 1718 2195 earumdem
1734 2159 1902 2195 salubriter

1149 2211 1289 2245 instituta
1334 2210 1480 2249 suerunt,
1520 2218 1552 2244 nt
1591 2210 1727 2245 fructum
1771 2209 1902 2244 afferant

1148 2268 1346 2307 exoptatum,
1370 2260 1517 2295 reformat
1541 2268 1571 2294 et
1593 2258 1785 2295 moderatur.
1804 2259 1856 2300 Et,
1870 2267 1902 2294 ut

1150 2310 1319 2357 religiones
1342 2311 1440 2356 ipsae,
1464 2309 1649 2357 praesertim
1672 2321 1687 2343 a
1710 2308 1794 2344 Sede
1816 2308 1901 2355 Apo-

1149 2361 1258 2396 stolica
1281 2359 1483 2407 approbatae,
1511 2360 1542 2394 in
1570 2371 1629 2395 suo
1652 2359 1759 2406 vigore
1781 2358 1902 2406 perdu-

1150 2419 1231 2455 rent,
1255 2418 1347 2458 prout
1367 2409 1521 2457 temporis
1543 2416 1672 2456 pensata
1695 2409 1846 2456 qualitate
1871 2409 1902 2443 in

1185 2491 1225 2526 (1)
1242 2491 1315 2517 Hanc
1329 2490 1455 2526 Regulam
1465 2489 1627 2526 approbavit
1638 2489 1773 2517 Honorius
1785 2489 1830 2522 ΙΙΙ,
1841 2496 1902 2524 sup.

1151 2540 1216 2564 tom.
1254 2544 1303 2568 ιιι,
1334 2536 1426 2564 Const.
1448 2544 1555 2563 nxvrn
1569 2557 1576 2568 ,
1608 2543 1676 2571 pag,
1694 2534 1768 2567 4¹5,
1793 2541 1906 2570 eamque

1151 2582 1238 2617 primo
1268 2582 1397 2616 mitigavit
1425 2581 1513 2608 lnnoc.
1542 2581 1588 2612 tv,
1617 2579 1700 2613 ibid„
1726 2579 1818 2607 Const.
1846 2587 1905 2611 xiv,

1150 2634 1208 2661 pag.
1230 2626 1292 2659 525,
1308 2627 1380 2661 Quae
1392 2629 1528 2655 honorem.

1947 1916 2065 1938 Exordium.
