2281 3251
93 275 142 302 An.
161 274 190 301 C,
210 275 277 302 tti72

103 479 224 506 Tranmmp.
237 480 274 500 hu-

90 510 197 532 tusbuttne
215 510 272 531 credi

90 541 153 562 lubet.

97 2011 163 2033 cau-n
184 2018 208 2033 co
212 2018 223 2032 u
227 2013 267 2034 nit-

85 2043 178 2063 tuttoniu.

945 274 1057 297 stX'rt‘s

291 330 375 366 tibus
391 329 552 366 annuatim
571 329 800 376 quinquaginta
822 341 920 363 annos
943 337 972 363 et
995 337 1041 362 to-

290 379 387 414 tidem
420 377 637 426 quadragenas
664 378 703 413 de
725 377 873 413 iniunctis
895 378 941 412 eis
964 390 1040 425 poe-

290 428 430 463 nitentiis
457 427 646 463 relaxamus.

337 482 353 521 ἓ
377 481 408 513 5.
432 476 549 512 Verum
573 478 644 524 quia
672 476 797 511 difficile
830 476 920 516 foret,
949 488 1040 523 prae-

287 536 393 562 sentes
419 526 524 562 literas
552 529 679 570 (caetera
714 534 805 571 prout
827 527 989 571 superius).

336 575 420 612 Nulli
444 587 518 620 ergo
539 584 592 610 etc.

335 625 450 660 Datum
473 624 592 660 Romae
615 624 698 671 apud
726 624 760 659 S.
787 624 928 668 Petrum,
957 637 1039 659 anno

287 674 515 709 lncarnationis
548 673 725 708 dominicae
763 674 931 708 millesimo
959 686 1038 720 qua-

286 724 537 770 dringentesimo
584 723 816 770 septuagesimo
872 723 1011 758 secundo
1030 751 1037 763 ,

285 773 395 819 quinto
419 784 517 807 nonas
539 772 688 816 octobris,
711 772 913 819 pontificatus
939 773 1037 807 nostri

284 833 367 856 anno
389 820 542 856 secundo.

338 882 399 912 Dat.
417 882 465 913 die
481 883 498 912 3
514 882 643 912 octobris
660 882 747 919 1472,
765 887 843 922 pont.
860 891 936 912 anno
952 891 981 911 ιι.

602 955 726 963 ——-—

611 1039 653 1074 vt
680 1043 733 1083 (t).

285 1116 491 1161 Privileqium
510 1116 676 1150 curialium
697 1123 759 1148 tam
776 1116 925 1149 laieorum
942 1127 1034 1159 quam

333 1166 613 1203 ecclesiasticorum,
633 1166 724 1198 libere
737 1165 930 1209 disponendi,
945 1165 1036 1197 etiam

333 1216 376 1248 ad
407 1216 545 1259 favorem
570 1215 788 1258 incapacium,
821 1215 857 1247 de
891 1215 976 1247 bonis
1004 1215 1037 1245 in

333 1265 417 1298 alma
453 1264 530 1297 Urbe
569 1271 595 1297 et
626 1264 712 1307 infra
744 1264 843 1296 decem
867 1263 1033 1300 milliaria,

332 1314 472 1358 quamvis
497 1325 536 1346 ex
556 1313 704 1357 fructibus
729 1313 877 1346 bonorum
897 1313 1036 1345 ecclesia-

332 1363 477 1396 sticarum
503 1363 672 1408 acquisitis.

554 1440 768 1471 SUMMARIUM

282 1501 375 1532 Causa
405 1502 632 1532 constitutionis.
653 1519 693 1524 —
715 1502 741 1531 1.
764 1501 954 1540 Privilegium
984 1511 1036 1530 cu-

321 1545 439 1575 rialium
459 1545 635 1584 disponendi
657 1545 750 1575 libere
774 1546 809 1575 de
828 1546 982 1585 acquisitis
1005 1545 1035 1574 in

321 1589 398 1620 Urbe
427 1594 456 1619 et
476 1589 550 1619 infra
575 1590 676 1620 decem
699 1590 848 1625 milliaria,
876 1590 1035 1619 dummodo

321 1638 373 1664 ete.
393 1650 432 1655 —
449 1633 476 1663 2.
497 1633 687 1672 privilegium
711 1634 922 1673 proximiorum
947 1634 1034 1663 etiam

321 1678 543 1717 illegitimorum
573 1679 602 1707 in
625 1678 686 1707 illis
708 1678 743 1707 ab
768 1679 904 1707 intestato
928 1687 1034 1707 succe-

321 1722 420 1752 dendi.
441 1738 481 1744 -
503 1722 529 1751 3.
552 1721 715 1752 Prohibitio
741 1731 790 1751 eos
814 1723 941 1761 desuper
969 1731 1033 1751 mo-

315 1766 457 1796 lestandi.

355 1837 451 1866 smus
469 1837 611 1874 episcopus
633 1845 729 1867 servus
753 1845 893 1867 servorum
905 1838 961 1871 Dei.

416 1892 451 1919 ad
477 1893 640 1927 perpetuam
671 1892 713 1920 rei
731 1891 900 1920 memoriam.

333 1958 398 1992 Etsi
421 1958 578 1993 universis
596 1958 759 1993 Romanae
795 1957 958 1992 Ecclesiae
977 1957 1035 1991 do-

283 2008 384 2043 minio
403 2008 568 2054 temporali
597 2007 748 2042 subiectis
770 2007 958 2050 ciritatibus,
980 2020 1034 2052 pro

282 2069 392 2092 eorum
407 2064 490 2091 statu
522 2069 673 2103 prospero
690 2064 721 2091 et
742 2056 946 2091 incrementis
967 2056 1035 2089 l'eli-

283 2106 396 2149 eibus,
425 2106 596 2152 apostoliea
632 2118 690 2140 nos
718 2106 825 2140 deceat
854 2105 1035 2151 provisione

282 2156 461 2195 consulere,
477 2154 691 2189 almaetamen
714 2154 792 2188 Urbi
816 2163 953 2198 nostrae,
967 2167 1036 2189 san-

283 2214 406 2240 ctorum
429 2204 647 2251 apostolorum
677 2203 763 2239 Petri
788 2212 817 2238 et
840 2203 928 2237 Pauli
957 2216 1035 2238 mar·

283 2255 364 2302 tyrio
385 2262 588 2288 consecratae
600 2256 693 2301 (quae
707 2253 808 2300 ipsius
822 2252 905 2287 Petri
922 2252 1035 2297 Sedes,

282 2302 452 2338 sacerdotii
476 2303 673 2350 principatus
714 2311 744 2338 et
773 2302 963 2337 christianae
987 2315 1036 2337 re-

283 2352 412 2399 ligionis
433 2361 526 2399 caput
552 2356 623 2397 est),
648 2364 686 2386 eo
713 2364 770 2386 nos
793 2353 941 2386 convenit
968 2364 1036 2386 am-

283 2401 381 2448 pliora
405 2413 480 2437 cura
514 2403 698 2449 prospice-re
715 2429 723 2439 ,
751 2413 813 2448 quo
836 2401 903 2448 ipsa
930 2413 1037 2436 sacer-

284 2451 398 2486 dotalis
420 2450 542 2495 civitas,
570 2451 696 2486 cunctis
718 2450 787 2485 aliis
811 2450 959 2498 praelata,
979 2462 1037 2484 no-

285 2500 396 2547 bisque
409 2499 579 2546 peculiaris
604 2500 667 2535 filia
683 2509 714 2535 et
729 2509 856 2547 paterna
868 2498 1037 2535 dilectione

284 2558 454 2584 coniuncta
471 2558 590 2584 existit.

318 2614 358 2650 (i)
386 2615 455 2642 Haec
481 2615 550 2642 bulla
580 2615 629 2642 sub
656 2623 729 2642 num.
758 2623 784 2641 ix
806 2615 830 2641 in
860 2615 936 2641 itum.
966 2614 1037 2641 Edit.

282 2654 376 2691 tegitur
395 2655 432 2691 (n.
453 2655 503 2691 T.).

1709 262 1773 295 ΞΗ
1849 273 1899 298 An.
1917 272 1946 298 C.
1962 271 2026 299 tint

1131 330 1151 375 ᾗ
1180 331 1210 362 1.
1234 327 1587 374 Cupientesigitur‚pi·o
1604 326 1830 362 instauratione
1844 332 1978 359 Privssceium
1994 340 2029 353 cu·

1082 377 1184 413 dietae
1213 377 1316 417 urbis,
1338 388 1435 423 quae,
1466 376 1670 411 causantibus
1696 376 1829 410 sinistris
1844 364 2029 414 ἑ’ἒ,1,ᾚῖ”ἰ.ι,ἑί“ἓρ3ᾇ

1082 427 1258 471 eventibus,
1282 427 1310 460 in
1334 425 1467 466 civibus,
1492 425 1604 460 incolis
1627 433 1658 460 et
1679 424 1829 459 aedificiis
1843 423 2030 475 ;{q‡{’³l¹lssfj¹··t}]fj

1084 478 1252 523 plurimum
1281 476 1433 510 diminuta
1461 482 1520 518 est,
1535 482 1580 515 ut,
1596 484 1756 509 annuente
1778 474 1830 508 At·
1844 492 1889 507 cem
1916 468 2028 507 mutim.

1082 526 1223 567 tissimo,
1262 527 1396 560 virorum
1425 524 1514 571 copia
1551 524 1764 565 instauretur,
1799 531 1829 558 et
1844 518 1954 538 ‘¹⁰¹¹'¹¹¹‘'‘'⁰
1971 522 2010 536 ‘'¹‘'

1081 585 1198 622 quanto
1212 576 1305 610 citius
1321 575 1420 622 ipsius
1439 580 1615 608 structurae
1641 581 1672 608 et
1686 571 1829 607 aedificia

1083 625 1284 660 refectionem
1300 633 1330 659 et
1349 623 1590 671 reparationem,
1608 635 1662 668 pro
1689 621 1758 656 eius
1777 633 1830 656 ve-

1082 683 1202 709 nustate
1218 683 1247 709 et
1270 674 1395 712 decore,
1424 680 1676 717 cousequantur,
1698 671 1830 717 suisque

1080 724 1172 758 statui
1201 732 1229 758 et
1253 721 1429 758 necessitati
1464 721 1651 766 opportunis
1680 719 1830 754 remediis

1081 772 1273 812 consulatur,
1299 772 1337 805 de
1362 769 1589 804 venerabilium
1613 769 1743 804 fratrum
1772 780 1829 802 uo-

1079 830 1216 856 strorum
1237 821 1270 855 S.
1299 821 1337 854 tt.
1362 820 1398 854 Ε.
1418 819 1621 853 cardinalium
1649 817 1782 853 consilio
1798 825 1830 851 et

1079 883 1220 914 assensu,
1249 870 1306 903 liae
1336 876 1487 915 perpetuo
1516 868 1646 902 valitura
1673 866 1829 902 constitu-

1080 920 1176 963 tione,
1191 919 1358 953 statuimus
1374 926 1403 952 et
1420 915 1605 950 ordinamus
1618 916 1702 963 quod
1718 927 1829 950 omnes

1079 977 1105 1002 et
1131 968 1258 1013 singuli,
1287 975 1349 1001 tam
1367 966 1464 1000 nostri
1492 965 1626 999 curiales
1651 964 1827 999 Romanam

1079 1017 1205 1051 Curiam
1220 1025 1502 1063 sequentes‚qua1n
1517 1014 1580 1055 alii,
1596 1014 1827 1059 cuiuscumque

1079 1066 1249 1111 dignitatis,
1271 1073 1382 1107 status,
1409 1062 1536 1109 gradus,
1569 1062 1699 1103 ordinis,
1728 1074 1828 1109 praee-

1079 1115 1250 1149 niiuentiae
1274 1115 1319 1148 vet
1335 1112 1528 1148 conditionis
1550 1112 1692 1152 existant,
1706 1111 1826 1146 etiamsi

1078 1163 1290 1198 cardinalatus
1306 1164 1439 1205 bonore,
1461 1169 1515 1195 aut
1539 1160 1752 1207 patriarchali,
1776 1172 1828 1194 ar-

1078 1213 1329 1259 chiepiscopali,
1363 1210 1561 1258 episcopali,
1595 1209 1757 1244 abbatiali·
1779 1208 1828 1243 vel

1077 1262 1186 1308 quavis
1198 1262 1256 1296 alia
1266 1260 1476 1296 ecclesiastiea
1488 1267 1541 1293 aut
1555 1259 1714 1293 mundana
1727 1257 1828 1304 digni-

1079 1320 1140 1345 tate
1163 1311 1389 1357 praefulgeant,
1409 1316 1440 1343 et
1467 1308 1503 1351 (si
1523 1307 1682 1353 regulares
1701 1307 1827 1351 suerint)

1077 1360 1382 1394 administrationem
1394 1366 1447 1393 aut
1460 1357 1644 1402 dignitatem
1656 1356 1829 1400 obtineant,

1077 1409 1130 1454 qni
1154 1409 1278 1456 palatia,
1302 1409 1426 1452 domos,
1441 1407 1555 1442 casalia
1577 1407 1642 1441 sive
1664 1406 1723 1441 alia
1741 1405 1830 1440 aedi·

1078 1459 1146 1493 licia
1192 1459 1311 1493 urbana
1352 1458 1399 1491 vel
1436 1457 1552 1491 rustica
1596 1455 1830 1490 aedificaverint

1077 1516 1129 1541 aut
1157 1507 1381 1547 aedificabunt,
1409 1518 1464 1540 seu
1493 1504 1616 1539 fundari
1650 1513 1680 1539 et
1714 1503 1830 1538 aedifi-

1077 1557 1136 1591 cari
1162 1557 1303 1591 fecerunt
1334 1555 1382 1590 rel
1406 1555 1536 1589 fecerint
1553 1553 1583 1588 iu
1608 1554 1762 1598 futurum,
1776 1561 1830 1587 aut

1077 1606 1238 1641 aedificata
1284 1614 1315 1640 ct
1365 1612 1544 1639 constructa
1588 1610 1733 1638 emerunt
1776 1610 1828 1636 aut

1077 1656 1211 1690 emerint
1240 1668 1294 1689 seu
1318 1662 1448 1696 ement,
1476 1662 1529 1689 aut
1557 1652 1606 1687 illa
1641 1652 1690 1686 vel
1713 1663 1829 1686 census

1077 1718 1211 1745 ammos,
1235 1705 1302 1739 iura
1334 1713 1365 1739 et
1388 1704 1517 1750 quaeris
1539 1701 1714 1736 immobilia
1735 1701 1829 1744 bona,

1078 1755 1107 1787 iu
1136 1755 1217 1788 dieta
1242 1754 1320 1788 urbe
1349 1754 1396 1787 rel
1424 1761 1521 1792 extra,
1555 1760 1608 1786 aut
1632 1763 1730 1798 prope
1760 1762 1829 1785 eain

1077 1804 1113 1837 atel
1139 1804 1282 1837 milliaria
1315 1803 1438 1841 decem,
1473 1811 1502 1836 et
1525 1801 1585 1835 alio
1607 1801 1719 1847 quovis
1746 1800 1831 1834 iusto

1078 1853 1178 1895 titulo7
1203 1861 1264 1886 tam
1288 1865 1326 1886 ex
1355 1852 1444 1885 bouis
1463 1858 1493 1885 et
1515 1851 1661 1897 pecuniis
1684 1848 1830 1896 propriis,

1077 1915 1169 1947 quam
1185 1914 1222 1936 ex
1246 1902 1418 1940 fruetuum,
1436 1899 1618 1934 reddituum
1642 1907 1672 1932 et
1694 1909 1831 1945 proven-

1078 1960 1168 1985 tuum
1203 1951 1488 1985 ecclesiasticorum
1526 1947 1755 1982 beneficiorum
1792 1945 1829 1980 ad

1077 2014 1131 2034 eos
1160 2001 1368 2046 spectantium
1406 1997 1611 2045 proventibus
1651 1995 1831 2043 acquisive-

1078 2051 1138 2083 riut
1164 2050 1318 2083 liat-tenus
1340 2048 1387 2082 rel
1411 2047 1575 2094 aequit-ent
1604 2046 1632 2079 iu
1654 2053 1830 2092 posterum,

1077 2103 1115 2136 ‹le
1147 2102 1266 2137 eisdem
1296 2102 1466 2144 casulibus,
1492 2099 1666 2143 domibus,
1694 2097 1830 2145 palatiis,

1077 2156 1241 2195 aediliciis,
1265 2155 1426 2198 censibus,
1455 2154 1577 2188 iuribus
1601 2164 1658 2187 nec
1681 2164 1743 2186 non
1768 2160 1831 2186 tet·-

1079 2211 1206 2254 ritoriis,
1228 2209 1342 2253 feudis,
1372 2207 1644 2242 iurisdictionibus
1677 2214 1707 2241 et
1738 2205 1831 2240 bonis

1078 2264 1147 2298 :iliis
1169 2262 1363 2310 quibuslibet
1385 2261 1568 2304 (dummodo
1590 2261 1629 2296 ad
1658 2259 1830 2300 Ecclesias,

1078 2317 1269 2352 monasteria
1292 2326 1322 2351 et
1350 2316 1409 2351 alia
1445 2315 1494 2363 pia
1518 2315 1596 2359 loca,
1619 2315 1708 2350 aliter
1735 2325 1828 2361 quam

1078 2384 1115 2406 ex
1131 2371 1287 2407 fructibus
1305 2382 1428 2414 eorum,
1444 2377 1479 2404 ut
1501 2369 1686 2416 praefertur,
1706 2368 1745 2403 de
1765 2367 1831 2414 qui-

1079 2426 1150 2464 bus,
1166 2426 1204 2461 ad
1219 2425 1365 2461 effectum
1385 2424 1614 2471 praesentium,
1630 2422 1724 2457 licere
1738 2422 1830 2457 volu-

1080 2493 1150 2515 mus
1171 2480 1218 2515 eis
1253 2492 1309 2526 pro
1336 2485 1408 2513 voto
1431 2477 1613 2525 disponere,
1638 2489 1700 2511 nou
1730 2476 1829 2523 perti-

1079 2537 1197 2579 neant),
1219 2534 1252 2568 in
1267 2534 1327 2568 rita
1342 2533 1484 2578 ipsorum
1499 2539 1529 2566 et
1552 2532 1663 2567 mortis
1685 2529 1829 2573 articulo,

1081 2597 1175 2635 prout
1207 2588 1253 2623 eis
1281 2586 1457 2630 ridebitur,
1491 2585 1673 2633 disponere,
1710 2584 1830 2626 testari,

1079 2641 1267 2686 codicillari,
1290 2652 1389 2687 eaque,
1418 2640 1533 2686 legare,
1562 2639 1750 2685 relinquere,
1773 2648 1828 2672 seu

1084 275 1117 296 lV
1143 275 1188 296 tw.
