2281 3251
244 241 292 267 Αη.
312 241 340 268 C.
356 242 422 269 ¹5¹0

245 1244 424 1271 necturanoquoa

245 1276 363 1301 praedictae
392 1277 426 1296 in-

244 1307 363 1331 dulgentiae
387 1308 427 1327 sul-

243 1337 321 1362 lragcn.
346 1339 426 1358 anima-

245 1369 282 1388 bus
298 1370 316 1389 in
331 1373 427 1395 purgatu-

246 1407 275 1421 [ιο
291 1401 410 1421 μικιυιιιιῐι.

486 232 554 265 488
997 241 1183 264 nouarum

437 305 544 333 vocato
565 296 602 332 ad
626 296 698 340 hoc,
720 297 744 331 si
762 308 843 344 opus
862 296 963 336 fuerit,
981 296 1094 331 auxilio
1110 295 1181 330 bra-

437 346 691 386 chiisaecularis‚
707 358 907 393 compescere
928 355 957 380 et
981 345 1180 392 compellere;

437 406 467 432 et
495 397 709 445 processiones
727 396 850 443 publice
872 396 908 430 ad
928 395 1074 429 effectum
1093 407 1182 441 prae-

438 448 567 482 missum
588 446 664 485 lieri,
686 454 715 480 et
737 445 888 493 populum
919 457 974 491 pro
997 444 1179 479 huiusmodi

437 496 585 544 operibus
608 496 793 542 peragendis
815 495 852 530 ad
869 507 983 530 sonum
1011 506 1182 541 campanae

437 545 602 582 convocari
630 545 741 586 facere,
764 553 794 580 et
821 557 836 579 a
858 545 1000 580 censuris
1028 554 1058 579 et
1074 544 1183 591 poenis

439 595 615 643 praedictiS,
635 595 844 630 satisfactione
859 595 995 642 praevia,
1010 593 1182 635 absolvere,

438 655 467 680 ot
491 646 557 681 illas
580 645 749 689 remittere,
770 657 805 680 ac
828 644 1053 691 suspensiones
1071 644 1184 679 liuius-

440 695 522 731 modi
552 695 817 741 indulgentiarum
849 695 997 730 relaxare.
1025 694 1183 741 Quodque

438 746 530 782 etiam
559 745 764 791 transumptis
790 753 819 779 et
842 743 1126 780 confessionalibus
1153 744 1182 777 in

438 796 529 831 «lictis
551 795 735 842 provinciis,
761 795 872 830 insulis
900 804 929 829 et
958 794 1086 835 finibus,
1113 794 1185 841 qui-

439 845 546 881 busvis
573 845 718 892 personis
748 857 802 892 per
831 844 1002 891 praefatum
1031 844 1183 879 nuncium

439 904 467 931 et
489 895 738 930 commissarium
760 895 807 929 vel
823 894 1021 942 deputandos
1043 903 1096 928 aut
1114 894 1186 929 sub-

439 944 628 992 delegandos
639 944 677 980 ab
691 957 738 985 eo,
760 945 948 992 subscriptis
963 953 991 979 et
1011 956 1067 978 suo
1081 943 1185 991 sigillo

439 997 600 1031 dumtaxat
623 995 753 1030 munitis
780 995 858 1029 fides
889 994 1094 1037 adhibeatur,
1123 1006 1186 1028 au-

439 1046 581 1081 ctoritate
597 1045 780 1093 apostolica,
795 1053 901 1080 tenore
918 1044 1128 1091 praesentium
1146 1043 1186 1078 li-

440 1096 574 1132 centiam
602 1103 633 1130 et
660 1094 838 1130 facultatem
866 1094 1070 1129 concedimus
1092 1101 1186 1141 atque

441 1146 585 1182 volumus
610 1154 640 1181 et
667 1144 865 1180 mandamns.

488 1196 508 1243 ἓ
529 1197 587 1230 25.
613 1194 652 1230 Et
675 1203 709 1229 ut
730 1195 903 1230 animarum
924 1193 1009 1229 salus
1026 1206 1064 1229 eo
1084 1193 1187 1240 potius

442 1254 638 1293 procuretur,
657 1257 720 1293 quo
739 1245 837 1291 magis
858 1244 990 1279 aliorum
1012 1251 1106 1291 egent
1121 1243 1187 1278 suf-

441 1296 560 1343 fragiis,
583 1303 613 1331 et
639 1307 702 1343 quo
722 1295 827 1330 minus
854 1294 912 1329 sibi
937 1294 1013 1341 ipsis
1035 1293 1188 1341 proficere

441 1346 564 1391 valent,
585 1346 767 1381 auctoritate
797 1343 932 1392 praefata
950 1371 958 1389 ,
980 1343 1019 1379 de
1041 1344 1187 1378 thesauro

440 1395 574 1431 Sanctae
588 1395 695 1430 Matris
714 1394 864 1430 Ecclesiae
879 1393 1044 1429 animabus
1062 1394 1092 1428 in
1110 1406 1187 1441 pur-

439 1446 559 1492 gatorio
581 1444 799 1485 existentibus,
827 1456 906 1492 qnae
929 1456 982 1491 per
1005 1444 1186 1478 charitatem

439 1496 479 1531 ab
499 1496 558 1531 hac
583 1495 654 1530 luce
675 1494 801 1530 Christo
829 1495 933 1529 unitae
962 1493 1187 1537 decesserunt,

441 1555 471 1581 et
485 1558 577 1593 quae,
592 1545 668 1580 dum
692 1545 842 1584 viverent,
867 1544 938 1589 sibi,
954 1551 985 1578 ut
1008 1543 1187 1578 huiusmodi

441 1596 634 1643 indulgentia
657 1594 892 1641 suffragaretur,
916 1602 1111 1633 mernerunt,
1135 1606 1189 1640 pa-

442 1655 531 1681 terno
553 1646 784 1693 compatientes
806 1644 917 1679 affectu
935 1671 944 1688 ,
971 1652 1088 1691 quanto
1116 1655 1188 1678 curn

442 1696 509 1731 Deo
533 1708 712 1743 possumuS,
739 1706 923 1730 succurrere
951 1694 1127 1741 cupientes,
1151 1693 1189 1728 de

443 1746 546 1781 divina
575 1745 787 1780 misericordia
814 1756 850 1779 ac
884 1744 1077 1791 apostolicae
1101 1752 1191 1791 pote—

443 1796 532 1831 statis
568 1794 779 1842 plenitudine,
802 1794 948 1829 volumus
982 1802 1012 1829 et
1038 1793 1191 1829 coneedi-

443 1859 515 1881 mus
543 1853 588 1886 ut,
610 1845 635 1880 si
663 1845 716 1891 qui
746 1851 901 1891 parentes,
924 1843 1014 1878 amici
1042 1852 1095 1878 aut
1116 1844 1190 1879 certi

443 1894 663 1931 christifideles
691 1895 804 1942 pietate
828 1894 1004 1933 commoti,
1033 1906 1088 1941 pro
1117 1894 1192 1941 ipsis

443 1945 606 1981 animabus
640 1945 670 1979 in
707 1945 886 1991 purgatorio
922 1956 977 1990 pro
1013 1944 1192 1990 expiatione

445 2008 615 2043 poenarum
639 1994 771 2039 eisdem,
794 1993 972 2028 seeundum
995 1993 1132 2028 divinam
1150 1993 1194 2027 iu-

445 2046 559 2080 stitiam
587 2044 762 2080 debitarum
786 2043 928 2087 retentis,
948 2043 1081 2078 ‹lui-ante
1103 2055 1192 2078 coni-

446 2099 596 2135 missione
623 2098 728 2133 nuncii
748 2107 777 2134 et
805 2097 1028 2138 commissarii,
1056 2097 1092 2132 ad
1117 2110 1195 2144 opus

447 2154 580 2189 fabricae
593 2153 773 2188 huiusmodi
795 2153 933 2200 aliquam
950 2151 1195 2199 eleemosynam,

449 2210 529 2244 iuxta
557 2208 663 2243 nuncii
686 2216 717 2243 et
737 2207 943 2243 commissarii
966 2219 1002 2241 ae
1025 2207 1194 2254 deputandi

449 2272 479 2298 et
505 2262 734 2309 subdelegandi
757 2262 795 2297 ab
823 2274 872 2307 eo,
895 2261 1012 2309 quibus
1029 2262 1111 2296 vices
1123 2273 1195 2296 snas

449 2317 682 2364 commiserintf,
709 2317 956 2361 ordinationem,
983 2316 1197 2363 erogaverint,

451 2373 515 2420 ipsa
543 2372 725 2419 plenissima
758 2371 951 2419 indulgentia
979 2383 1034 2418 per
1069 2370 1196 2404 modum

451 2426 589 2473 suffragii
613 2426 777 2461 animabus
792 2426 867 2473 ipsis
882 2426 912 2460 in
937 2425 1114 2472 purgatorio
1131 2425 1196 2459 cxi-

452 2480 620 2525 stentibus,
653 2493 708 2528 pro
735 2480 850 2527 quibus
877 2480 990 2515 dictam
1019 2479 1199 2526 eleemosy-

455 2548 525 2571 nam
550 2535 602 2583 pie
628 2535 846 2581 erogaverint,
869 2543 901 2569 ut
925 2533 1098 2581 praefertur
1113 2561 1122 2577 ,
1146 2545 1200 2580 pro

456 2602 629 2637 poenarum
646 2589 833 2624 relaxatione
855 2589 1055 2635 suffragetur.
1077 2587 1122 2622 Ac
1140 2599 1200 2621 oin·

458 2658 512 2680 nes
548 2653 577 2680 et
611 2644 752 2691 singulos
787 2643 1008 2679 christifideles
1042 2642 1202 2689 utriusque
1247 2640 1339 2675 multa
1363 2639 1532 2674 homicidia
1559 2639 1597 2674 ab
1623 2646 1693 2673 octo
1717 2637 1885 2685 praecipue
1903 2648 1994 2671 annis

1212 241 1279 264 ROM
1283 241 1373 264 ANUM

1222 308 1328 336 sexus,
1352 304 1413 330 tam
1436 295 1637 332 ecclesiastici
1667 307 1760 344 quam
1784 295 1971 337 saeculares,

1223 346 1261 381 de
1291 346 1402 380 similis
1425 346 1586 393 potestatis
1615 346 1812 393 plenitudine
1841 354 1870 381 et
1892 345 1973 381 libe-

1225 396 1354 435 ralitate,
1376 396 1429 442 qui
1450 408 1562 430 manus
1580 396 1748 432 adiutrices
1770 396 1808 431 ad
1831 408 1911 443 opus
1933 395 1974 431 fa-

1225 446 1326 480 bricae
1355 445 1540 480 huiusmodi
1565 447 1778 492 porrexerint,
1800 458 1836 481 ac
1861 457 1972 481 omnes

1224 504 1254 529 et
1275 494 1416 541 singulos
1437 496 1620 530 eorumdem
1638 505 1780 543 parentes
1807 495 1971 531 defunctos

1226 544 1451 588 benefactores,
1478 545 1530 591 qui
1553 557 1625 579 cum
1649 545 1796 581 charitate
1817 545 1971 581 decesse-

1227 603 1310 639 runt,
1325 594 1355 629 in
1372 593 1520 630 omnibus
1536 594 1694 642 precibus,
1709 595 1879 641 suffragiis,
1892 595 1972 630 elee-

1227 645 1374 693 mosynis,
1398 644 1534 685 ieiuniis,
1550 644 1756 690 orationibus,
1779 645 1897 690 missis,
1915 645 1973 680 bo-

1227 696 1268 729 ris
1281 694 1452 733 canonicis.
1468 693 1652 741 disciplinis,
1667 694 1973 741 peregrinationibus

1226 753 1255 779 ct
1269 745 1381 779 ceteris
1394 743 1543 778 omnibus
1558 743 1774 791 spiritualibus
1790 744 1890 785 bonis.
1903 756 1974 791 quae

1228 794 1304 829 liunt
1335 803 1366 829 et
1393 793 1459 829 fieri
1489 802 1635 840 poterunt
1662 794 1692 828 in
1716 802 1777 829 tota
1803 794 1971 829 universali

1227 852 1423 879 sacrosancta
1439 843 1580 879 Ecclesia
1603 843 1756 879 militante
1777 852 1807 878 et
1825 843 1975 879 omnibus

1228 894 1377 929 membris
1403 894 1543 929 eiusdem
1567 921 1575 939 ,
1603 893 1770 942 participes
1798 894 1828 928 in
1858 905 1975 942 perpe-

1228 954 1316 979 tuum
1340 944 1425 979 fiant.

1275 994 1373 1041 324.
1402 994 1472 1029 Νοη
1507 993 1704 1028 obstantibus
1733 993 1914 1041 praemissis
1939 1005 1974 1029 ac

1228 1043 1506 1079 constitutionibus
1532 1043 1713 1090 apostolicis
1742 1051 1794 1078 etc.
1830 1042 1948 1078 Verum
1970 1072 1978 1085 ,

1228 1094 1299 1140 quia
1322 1093 1447 1129 difficile
1474 1094 1552 1128 foret
1573 1101 1624 1128 etc.
1648 1092 1730 1127 Nulli
1752 1105 1826 1139 ergo
1846 1093 1974 1129 omnino

1230 1144 1392 1178 liominum
1416 1144 1507 1179 liceat
1528 1143 1607 1178 hane
1622 1143 1766 1190 paginam
1781 1151 1832 1177 etc.
1856 1142 1888 1178 Si
1905 1143 1976 1190 quis

1228 1202 1331 1229 autem
1355 1194 1415 1228 lioe
1436 1201 1588 1228 attentare
1613 1200 1667 1227 etc.

1277 1243 1393 1278 Datum
1427 1243 1560 1285 Romae,
1583 1242 1634 1277 die
1650 1242 1817 1278 undecima
1834 1242 1978 1288 ianuarii,

1230 1293 1431 1341 pontificatus
1453 1293 1550 1328 nostri
1573 1305 1656 1328 anno
1680 1293 1827 1340 septimo.

1270 1351 1329 1382 Dat.
1345 1352 1392 1382 die
1409 1351 1441 1381 11
1460 1350 1585 1382 ianuarii
1606 1350 1688 1387 1510,
1704 1354 1782 1390 pont.
1799 1359 1874 1380 anno
1891 1358 1939 1380 vn.

1548 1472 1661 1507 XXIX.

1233 1539 1413 1574 Ilomt'cidae
1434 1545 1459 1571 et
1485 1538 1620 1571 aliorum
1641 1537 1686 1570 rei
1711 1536 1888 1575 criminum,
1906 1547 1982 1582 quo-

1278 1601 1348 1623 rum
1366 1600 1466 1633 poena
1487 1589 1520 1621 in
1538 1587 1699 1632 provincia
1727 1587 1887 1620 Marchiae
1907 1594 1979 1621 esset

1280 1639 1422 1684 capitalis
1443 1639 1488 1671 vel
1508 1638 1669 1682 sanyuinis
1684 1665 1694 1676 ‚
1720 1649 1782 1670 non
1809 1637 1981 1671 audiantur

1986 240 2037 268 An.
2053 239 2083 268 C.
2099 240 2166 268 1510

2001 1003 2112 1029 berngario
2127 1007 2176 1023 con-

1991 1039 2110 1056 trariorum.

1279 1691 1337 1722 nist
1355 1690 1442 1733 prius
1460 1689 1493 1721 in
1506 1688 1676 1721 carceribus
1687 1687 1852 1720 constituti.
1868 1687 1909 1720 Et
1924 1687 1982 1720 ho·
2011 1700 2014 1704 ·

1281 1740 1408 1772 micidae
1441 1739 1620 1782 attinqentes
1654 1749 1770 1771 artuum
1804 1737 1984 1781 vi'yest'mum

1278 1801 1337 1834 pro
1347 1789 1515 1822 maioribus
1528 1788 1780 1832 viqesimoqut'nio
1799 1787 1981 1820 habeantur.

1502 1857 1716 1888 SUMMARIUM

1234 1914 1326 1944 Causa
1356 1913 1444 1942 liuius
1473 1911 1700 1942 constitutionis
1726 1928 1765 1932 —
1784 1911 1809 1941 1.
1833 1909 1926 1940 Delati
1956 1910 1986 1940 in

1274 1954 1421 1994 provincia
1439 1952 1584 1982 Marchiae
1603 1952 1638 1982 de
1651 1951 1775 1981 crimine
1794 1951 1880 1980 cuius
1894 1959 1985 1989 poena

1275 1995 1313 2024 sit
1335 1993 1468 2031 capitalis
1496 1993 1539 2022 vel
1563 1991 1715 2029 sanguinis
1743 2000 1801 2021 non
1829 1991 1988 2021 audiantur

1275 2039 1353 2064 extra
1379 2042 1524 2070 carceres3
1546 2050 1583 2054 —
1610 2032 1639 2062 12.
1670 2031 1703 2062 Et
1725 2041 1758 2061 ex
1783 2040 1873 2061 causa
1895 2031 1988 2061 auditi

1277 2083 1394 2113 semper
1413 2074 1447 2103 ad
1467 2082 1600 2103 carceres
1616 2073 1745 2102 revocari
1767 2072 1890 2111 possint.
1907 2087 1946 2094 —
1960 2071 1987 2101 3.

1277 2115 1397 2144 (iratiati
1416 2114 1451 2144 de
1475 2113 1634 2143 homicidio
1657 2112 1764 2142 debent
1785 2121 1882 2141 corani
1906 2120 1989 2150 prae-

1277 2157 1341 2185 side
1361 2163 1531 2193 comparere
1550 2158 1576 2183 et
1595 2153 1704 2192 gratias
1719 2152 1891 2182 iustificare.
1905 2168 1945 2174 --
1958 2152 1987 2181 4.

1278 2196 1439 2232 Homicida,
1458 2195 1605 2231 attingens
1623 2202 1730 2223 annum
1743 2191 1925 2227 20‚11abetur
1937 2200 1989 2232 pro

1279 2236 1398 2266 maiore.
1419 2252 1458 2257 —
1476 2236 1503 2265 5.
1526 2234 1678 2272 Derogatio
1701 2233 1923 2263 contrariorum.
1951 2248 1990 2255 —

1278 2278 1306 2307 6.
1327 2276 1420 2306 lussio
1443 2275 1614 2315 publicandi
1634 2275 1707 2303 banc
1729 2272 1853 2303 bullam.

1239 2344 1323 2373 lulius
1342 2344 1483 2380 episcopus
1502 2349 1597 2372 servus
1617 2348 1756 2370 servorum
1770 2340 1828 2374 Dei.
1841 2340 1991 2370 venei-abui

1284 2389 1371 2418 fratri
1394 2389 1507 2418 Antonio
1530 2388 1622 2416 Plures
1652 2386 1852 2422 archiepiscopo
1870 2385 1990 2414 avinion-

1284 2435 1438 2472 provinciae
1457 2434 1568 2462 nostrae
1582 2431 1716 2461 marchiae
1736 2431 1922 2467 gubernatori.
1940 2430 1992 2459 Vo-

1287 2481 1417 2509 nerabitis
1436 2472 1677 2512 fratensalutem
1700 2478 1729 2506 et
1747 2476 1926 2513 apostolicam
1942 2476 1990 2504 bo-

1286 2526 1474 2554 nedictionem.

1293 2590 1473 2636 Fidedigna
1494 2589 1642 2624 relatione
1669 2599 1768 2634 nuper
1790 2586 1993 2634 percepimus

2028 2592 2094 2613 Causa
2110 2591 2170 2612 huius

1969 2635 1975 2641 ·
2016 2623 2182 2644 constitutionis.

2257 389 2275 466 ’ἂι-ἰ

2277 1140 2279 1149 -
2260 1033 2279 1101 ‘see-⁴
2261 939 2278 1025 ξω
2259 647 2278 934 aon-ummo
2264 598 2277 641 ‘aa
2266 535 2277 591 -eui-
2262 504 2276 526 ,-
2264 482 2271 498 ⁴-
