2281 3251
225 232 317 260 An.c.
335 232 396 259 ¹501

469 221 538 254 592

416 287 484 324 Deo
509 286 698 322 sacrificium
723 286 824 321 laudis
848 298 902 333 pro
926 286 1090 322 immensis
1110 286 1167 321 be-

416 337 548 382 neficiis,
571 336 728 373 orationes
748 335 875 371 devotas
894 335 1064 383 quotidie'
1058 349 1167 372 immo-

415 388 485 424 late:
510 399 566 436 pro
594 386 748 421 matutino
765 385 920 430 xideticet,
939 385 1050 421 decem
1075 388 1167 421 Pater

415 446 515 473 noster
536 445 566 473 et
589 435 717 471 totidem
747 436 811 470 Ate
839 436 959 476 Μανια;
985 449 1039 482 pro
1062 436 1166 471 landi-

416 489 486 533 bus,
514 487 668 535 quinque;
686 498 742 532 pro
772 486 884 532 prima,
907 486 1010 530 tertia,
1031 494 1116 521 sexta
1137 494 1166 521 et

416 550 509 578 nona,
538 548 593 584 pro
615 535 753 583 qualibet
777 535 900 570 illarum
926 536 1086 580 horarum,
1111 537 1165 571 tria

417 590 509 622 Pater
536 594 634 621 noster
661 593 691 620 et
714 593 758 621 tot
785 588 847 619 Ave
875 587 1005 627 Maria,⁴
1029 598 1084 633 pro
1114 599 1167 621 ve-

414 637 526 685 speris,
548 645 668 683 septem
692 644 721 670 et
742 648 798 684 pro
811 636 1018 682 completorio
1042 648 1165 671 novem.

416 688 454 722 Et
469 686 619 734 quoniam
648 694 753 720 sancta
767 694 792 720 et
805 687 938 721 salubris
964 694 1004 720 est
1023 688 1167 731 coyitati'o

412 749 470 783 pro
501 737 649 782 defunctis
677 748 807 770 exorare
837 744 870 770 ut
896 748 915 770 a
938 738 1068 781 peccatis
1098 738 1167 771 sol-

414 793 539 828 vantur,
562 785 735 834 quinquies
760 788 853 820 Pater
866 794 966 820 noster
984 794 1012 820 et
1037 786 1165 821 totidem

415 840 477 872 Ave
505 838 613 872 Maria
637 848 693 884 pro
720 835 900 875 defunctis,
930 836 1027 871 semel
1056 836 1087 870 in
1116 836 1167 872 die

415 891 593 940 persolvite.
617 890 652 926 ln
671 898 771 926 morte
789 890 903 936 fratris,
925 902 1036 926 omnes
1059 890 1167 926 fratres

413 954 442 981 et
469 957 593 981 sorores
616 945 801 982 illiusvillae
818 944 863 980 vel
880 945 1001 993 oppidi,
1026 944 1167 980 ubicum-

413 1013 475 1048 que
488 999 614 1048 sepeliri
630 1000 810 1047 contigerit,
822 1012 902 1047 quos
921 1000 1058 1046 legitima
1073 1012 1166 1035 cansa

414 1068 476 1091 non
504 1062 644 1095 excuset,
667 1054 836 1090 convenire
858 1054 1006 1094 habeant,
1029 1063 1058 1089 et
1088 1055 1165 1090 infra

414 1118 484 1145 octo
510 1110 579 1145 dies
612 1117 783 1156 sequentes
809 1109 1038 1156 quinquaginta
1076 1110 1168 1143 Pater

414 1172 512 1199 noster
534 1172 564 1199 et
597 1171 642 1198 tot
669 1165 734 1197 Ave
762 1164 871 1198 Maria
910 1175 966 1210 pro
993 1162 1167 1198 decedente

416 1218 594 1266 persolvere
609 1230 671 1253 non
688 1217 848 1258 omittan13
873 1217 954 1252 idem
980 1217 1093 1252 saciant
1112 1230 1166 1264 pro

414 1272 548 1319 singulis
571 1271 718 1308 fratribus
741 1272 857 1307 nostris
879 1271 1110 1307 decedentibus
1135 1273 1165 1306 in

414 1326 596 1375 proximiori
619 1326 700 1370 loco,
723 1325 778 1361 ubi
803 1325 933 1361 fratrum
953 1326 997 1361 vel
1021 1338 1164 1361 sorornm

413 1381 615 1429 congregatio
638 1381 795 1417 habetur:
821 1382 852 1415 in
881 1381 931 1415 die
959 1380 1167 1416 Commemo-

414 1436 542 1472 rationis
564 1435 752 1471 Animarum
773 1435 856 1470 idem
873 1435 925 1470 fiat
948 1447 1004 1483 pro
1019 1435 1168 1471 omnibus

413 1491 588 1527 defunctis:
610 1490 688 1525 infra
711 1500 853 1526 sanctam
877 1490 1167 1537 quadragesimam,

412 1554 540 1581 centum
563 1547 657 1581 Pater
684 1553 783 1580 noster
815 1553 845 1580 et
877 1553 921 1580 tot
952 1547 1016 1580 Ave
1038 1546 1168 1583 Maria,-

414 1600 491 1636 inl'ra
514 1600 696 1636 Adventum
719 1599 848 1635 Domini
873 1609 903 1635 et
925 1599 1065 1647 qnalibet
1087 1609 1168 1635 octa-

413 1667 521 1690 varum
544 1654 758 1702 sequentium,
773 1654 919 1690 videlicet
935 1654 1066 1694 Pascha,
1082 1654 1167 1689 Pen-

414 1717 562 1749 tecostes,
585 1707 737 1756 Corporis
759 1708 903 1753 Christi,
929 1709 1168 1755 Assumptionis

413 1763 554 1811 Virginis
575 1763 705 1807 Mariae,
728 1762 836 1798 Sancti
857 1763 1033 1801 Michaelis,
1054 1763 1169 1798 Nativi-

415 1818 486 1853 tatis
507 1817 646 1857 Domini,
671 1817 795 1864 triginta
821 1819 914 1852 Pater
941 1826 1041 1852 noster
1067 1826 1098 1852 et
1126 1826 1170 1853 to-

415 1872 512 1908 tidem
536 1873 598 1907 Ave
622 1873 730 1907 Maria
747 1873 925 1920 persolvere
949 1885 1005 1920 pro
1022 1872 1170 1907 fratribus

416 1935 446 1963 et
468 1926 642 1969 sororibus,
671 1935 701 1962 et
728 1926 877 1962 omnibus
904 1926 1064 1961 defunctis
1088 1940 1169 1961 sum-

417 1994 546 2031 mopere
572 1990 692 2018 curent.
722 1981 755 2017 In
779 1981 906 2017 laudem
934 1981 1075 2028 Virginis
1102 1982 1170 2017 Ma-

415 2038 491 2081 riae,
514 2037 544 2072 in
568 2037 718 2073 exercitio
741 2049 815 2072 suae
843 2048 990 2081 coronae,
1013 2048 1093 2083 quae
1118 2049 1171 2072 se-

417 2091 541 2139 xaginta
567 2092 622 2127 tria
650 2093 714 2127 Ave
742 2092 851 2126 Maria
875 2099 904 2126 et
926 2099 1047 2138 septem
1078 2093 1171 2126 Pater

416 2155 516 2182 noster
537 2147 690 2188 continet,
713 2147 848 2182 maxime
865 2145 894 2180 in
911 2145 1023 2181 diebus
1041 2145 1170 2188 festivis,

418 2214 474 2250 pro
496 2201 602 2248 gratiis
625 2201 758 2237 diversis
773 2200 990 2249 impetrandis,
1011 2200 1121 2236 crebro
1137 2213 1170 2236 se

417 2265 588 2304 occupent;
605 2256 643 2291 ad
658 2256 811 2292 honorem
825 2256 987 2292 Trinitatis
1010 2264 1038 2290 et
1063 2255 1171 2291 beatae

417 2311 535 2347 Mariae
558 2310 720 2358 Virginis,
744 2311 785 2356 ii,
807 2311 860 2359 qui
889 2310 991 2357 legere
1014 2319 1171 2352 noscunt,

419 2366 524 2401 dicant
546 2365 750 2413 antiphonam
773 2365 811 2400 de
833 2365 998 2406 Trinitate,
1016 2364 1170 2400 videlicet:

422 2421 588 2455 Benedicta
609 2421 647 2454 sit
674 2421 792 2455 Sancta
819 2420 971 2465 Trinitas,
993 2427 1070 2464 etc„
1099 2432 1170 2455 cum

421 2487 515 2510 versu
538 2475 758 2510 Benedicamus
787 2476 911 2509 Patrem
940 2481 1013 2520 etc.,
1040 2486 1172 2522 respon-

423 2529 506 2565 sorio
533 2530 706 2564 Laudemus
728 2537 753 2564 et
779 2531 1036 2575 superexaltemus
1055 2537 1128 2575 etc.,
1144 2538 1173 2565 et

424 2584 564 2619 oratione
583 2584 793 2630 Omnipotens,
811 2586 987 2630 sempiterne
1010 2585 1103 2624 Deus,
1122 2586 1176 2630 qui

425 2640 534 2674 dedisti
553 2640 680 2685 ¹famulis
709 2640 768 2674 tuis
792 2640 823 2674 in
840 2641 1024 2686 consessione
1046 2647 1106 2675 etc.

1008 231 1107 254 Bsl.LA
1114 231 1194 254 nim!
1220 231 1286 255 ROB
1293 232 1378 255 ..txt‘st

1185 288 1190 357 1
1506 288 1584 324 Csi
1614 288 1664 323 ΙΙΙ

1259 359 1278 405 Ε
1304 361 1362 394 25.
1392 360 1472 403 Quia
1496 360 1584 395 lesus
1603 361 1784 396 Nazarenus
1809 369 1893 396 totus
1907 362 1965 396 sso-

1211 408 1308 447 iidus
1331 410 1421 445 cuius
1443 410 1572 445 deliciae
1600 419 1674 445 sunt
1701 423 1770 446 esse
1792 424 1865 447 cnm
1894 411 1999 458 liliis,a

1209 458 1386 500 hominum,
1415 460 1444 494 in
1476 460 1624 494 virtutum
1661 460 1791 495 [loribus
1820 438 1999 496 (mecm—ia

1209 517 1271 549 tur,
1286 509 1401 544 idcirco
1424 509 1528 544 decori
1551 511 1760 545 conscientiae
1779 511 1961 547 contessio-

1210 571 1281 593 nem
1296 559 1555 594 sacramentalem
1573 559 1806 595 confessoribus
1825 574 1880 608 per
1897 574 1963 596 cor-

1210 616 1348 643 rectores
1378 609 1588 656 provinciales
1601 609 1757 655 deputatis
1779 610 1892 654 facere,
1907 611 1959 645 filii

1209 658 1399 702 charissimi,
1423 670 1484 694 non
1509 659 1678 705 negligatis
1700 668 1820 705 quater,
1836 660 1874 695 ad
1900 662 1962 695 mi-

1211 720 1281 752 nus,
1304 709 1335 743 in
1363 721 1457 752 aimo,
1478 709 1623 744 videlieet
1646 709 1675 743 in
1694 708 1827 754 Natalis,
1846 709 1961 745 Resur-

1211 758 1360 794 rectionis
1388 759 1530 796 Domini.
1558 759 1762 794 Pentecostes
1789 771 1825 794 ac
1854 759 1962 795 beatae

1210 807 1349 855 Virginis
1378 808 1494 844 Mariae
1518 809 1753 855 Assumptionis
1784 809 1963 844 festivitati-

1211 857 1281 898 bus,
1304 858 1413 893 saltem
1443 859 1540 893 semel
1570 859 1600 892 in
1628 870 1724 898 anuo,
1747 858 1961 894 Communio—

1210 919 1280 942 nem
1305 908 1343 943 de
1367 921 1460 943 manu
1485 909 1585 943 curati
1601 908 1712 943 devote
1727 918 1757 943 et
1780 917 1964 944 reverenter

1209 958 1401 1004 suscepturi,
1424 958 1492 993 aliis
1520 970 1592 993 vero
1621 959 1832 1005 temporibus,
1853 959 1892 994 ab
1908 971 1963 994 eo-

1210 1020 1278 1042 rum
1302 1008 1431 1043 Ordinis
1456 1008 1612 1048 ministro,
1635 1008 1660 1043 si
1684 1009 1850 1050 voluerint,
1878 1009 1964 1044 salvo

1209 1070 1335 1104 semper
1358 1058 1423 1093 inre
1452 1058 1646 1092 decimarum
1683 1066 1713 1093 et
1747 1059 1963 1103 oblationum,

1209 1108 1389 1143 seeundum
1427 1120 1546 1143 morem
1572 1108 1760 1155 parochialis
1794 1108 1964 1153 ecclesiae,

1209 1158 1326 1192 curatis
1354 1167 1383 1193 et
1408 1158 1586 1204 pastoribus
1609 1167 1661 1192 aut
1689 1170 1797 1192 eorum
1827 1159 1962 1199 vicariis,

1211 1207 1344 1242 fideliter
1359 1208 1650 1254 persolvendarum.
1670 1208 1783 1243 Missas
1799 1221 1870 1244 vero
1889 1221 1964 1255 quo-

1211 1258 1285 1292 tidie
1312 1257 1422 1292 audire
1444 1258 1483 1291 sit
1507 1257 1594 1292 vobis
1624 1270 1680 1304 pro
1707 1258 1824 1293 salubri
1853 1259 1963 1293 consi-

1210 1307 1263 1346 lio,
1288 1317 1320 1342 ut
1349 1308 1504 1354 passionis
1531 1307 1662 1347 Christi,
1695 1320 1775 1354 quae
1803 1308 1833 1342 in
1869 1308 1961 1343 missa

1210 1357 1371 1398 recolitur,
1387 1358 1482 1392 armis
1497 1358 1620 1397 muniti,
1638 1357 1732 1392 sortes
1750 1357 1818 1392 sitis
1833 1366 1863 1392 et
1882 1358 1960 1392 sirmi

1211 1407 1239 1441 in
1269 1407 1468 1442 observantia
1492 1407 1712 1442 mandatorum
1736 1407 1815 1446 Dei;
1851 1408 1964 1442 missas

1209 1456 1370 1492 audiendo
1397 1457 1492 1491 oretis
1509 1484 1517 1500 ,
1541 1465 1570 1491 et
1599 1465 1631 1491 ut
1666 1469 1750 1491 mors
1777 1456 1896 1492 Christi
1924 1460 1964 1491 sit

1211 1509 1270 1542 rita
1295 1515 1415 1551 vestra,
1443 1507 1481 1541 sit
1505 1507 1680 1554 mitigatio,
1706 1506 1793 1542 labor
1817 1519 1889 1542 vero
1912 1520 1963 1542 re-

1210 1558 1302 1606 quies
1324 1557 1528 1604 sempiterna.

1507 1629 1588 1665 Car.
1613 1628 1664 1665 IV.

1260 1702 1279 1749 g
1301 1704 1358 1736 ⁶21.
1383 1703 1486 1736 Nolite
1500 1704 1625 1755 ditigyqeie
1640 1704 1798 1747 mttndum,
1818 1715 1911 1749 neque
1930 1716 1965 1738 ea

1211 1765 1288 1807 quae
1309 1765 1342 1786 m
1369 1754 1483 1786 mundo
1509 1760 1589 1791 sunt,
1621 1752 1661 1786 ait
1689 1752 1865 1799 discipulus
1882 1766 1962 1789 amo-

1212 1803 1266 1857 iis,
1294 1814 1387 1836 verus
1414 1810 1534 1837 amator
1555 1801 1685 1842 Christi,
1710 1802 1855 1838 loannes:
1879 1815 1967 1847 nam,

1212 1853 1264 1899 qui
1288 1852 1410 1886 amicus
1423 1859 1469 1886 est
1484 1851 1578 1886 liuius
1601 1852 1724 1896 mundi,
1745 1853 1892 1888 inimicus
1909 1853 1965 1888 Dei

1212 1902 1427 1942 constituitur,
1456 1911 1660 1950 quapropter,
1688 1903 1740 1949 qui
1763 1902 1846 1937 hanc
1874 1903 1965 1938 vitain

1212 1952 1356 1999 accipere
1393 1952 1595 1989 desiderant,
1620 1951 1720 1986 officia
1749 1952 1909 1988 mundalia
1937 1961 1968 1988 et

1213 2001 1336 2048 publica
1357 2002 1468 2048 exequi
1494 2002 1625 2037 minime
1649 2011 1862 2048 praesumant,
1882 2015 1967 2038 arma

1214 2052 1348 2086 invasiva
1364 2079 1372 2095 ,
1401 2052 1460 2086 nisi
1484 2051 1547 2087 sint
1571 2064 1626 2099 pro
1650 2052 1812 2087 Ecclesiae
1836 2053 1968 2088 tuitione

1213 2109 1242 2136 et
1257 2101 1326 2136 fidei
1347 2102 1542 2145 defensione,
1559 2114 1620 2137 non
1640 2101 1793 2143 deferant,
1816 2103 1967 2150 nuptialia

1214 2152 1407 2196 communia,
1426 2151 1481 2186 nisi
1504 2151 1567 2186 sint
1586 2152 1910 2199 consanguineorum,
1926 2151 1968 2187 fu-

1214 2207 1310 2254 giant;
1335 2208 1497 2252 vanitates,
1525 2207 1673 2252 bonores,
1697 2220 1850 2249 rumores,
1880 2221 1969 2255 pom-

1215 2274 1284 2309 pam
1302 2289 1309 2301 ,
1333 2261 1463 2309 gloriam
1501 2261 1634 2296 labentis
1662 2261 1757 2296 huius
1789 2262 1907 2297 saeculi
1937 2270 1968 2296 et

1216 2316 1371 2364 perituras
1401 2328 1477 2364 opes
1505 2323 1676 2363 respuant,
1708 2315 1797 2351 ludos
1822 2316 1966 2364 publicos

1217 2370 1390 2418 prohibitos
1412 2379 1442 2406 et
1456 2370 1668 2412 scandalosos,
1692 2383 1726 2405 ac
1749 2383 1970 2419 quoscumque

1216 2426 1329 2470 licitos,
1353 2425 1409 2460 nisi
1440 2425 1562 2460 lucrum
1591 2433 1738 2472 erogetur
1762 2425 1966 2473 pauperibus,

1216 2476 1387 2515 declinent,
1412 2484 1441 2510 et
1462 2475 1732 2510 immarcescibilis
1755 2475 1872 2522 gloriae
1899 2475 1967 2522 pal-

1216 2543 1298 2565 mam
1322 2539 1352 2566 et
1376 2543 1504 2577 regnum
1522 2529 1643 2565 decoris
1666 2529 1703 2564 de
1723 2542 1815 2565 manu
1837 2530 1967 2565 Domini

1219 2587 1410 2634 percipiant:
1434 2586 1529 2632 gloria
1559 2585 1640 2620 enim
1675 2585 1783 2620 mundi
1817 2584 1907 2620 fallax
1938 2593 1968 2619 et

1217 2641 1342 2676 divitiae
1367 2640 1517 2688 fugaces,
1546 2640 1615 2676 felix
1643 2639 1695 2687 qni
1726 2639 1795 2687 plus
1823 2639 1862 2675 de
1890 2639 1970 2675 bona

1982 232 2032 260 An.
2051 233 2079 260 C.
2098 233 2159 261 1501

1990 376 2017 396 De
2028 382 2052 396 cn
2056 376 2112 427 utcu:

1982 412 2020 427 Μ’
2031 414 2076 427 Dfflss

2045 416 2082 458 ia'l

1989 1712 2017 1733 Dr*
2028 1713 2091 1732 unit⁴
2103 1715 2167 1731 mun-

1981 1745 2000 1765 di
2015 1744 2120 1770 tugieadu.
