<?xml version="1.0" encoding="UTF-8"?>
<!DOCTYPE html PUBLIC "-//W3C//DTD XHTML 1.0 Transitional//EN"
    "http://www.w3.org/TR/xhtml1/DTD/xhtml1-transitional.dtd">
<html xmlns="http://www.w3.org/1999/xhtml" xml:lang="en" lang="en">
 <head>
  <title>
</title>
<meta http-equiv="Content-Type" content="text/html;charset=utf-8" />
  <meta name='ocr-system' content='tesseract 3.04.00' />
  <meta name='ocr-capabilities' content='ocr_page ocr_carea ocr_par ocr_line ocrx_word'/>
</head>
<body>
  <div class='ocr_page' id='page_1' title='image "./bullarumdiplomat05cath/bullarumdiplomat05cath_0702.png"; bbox 0 0 2281 3251; ppageno 0'>
   <div class='ocr_carea' id='block_1_1' title="bbox 540 247 610 281">
    <p class='ocr_par' dir='ltr' id='par_1_1' title="bbox 540 247 610 281">
     <span class='ocr_line' id='line_1_1' title="bbox 540 247 610 281; baseline 0 0"><span class='ocrx_word' id='word_1_1' title='bbox 540 247 610 281; x_wconf 78' lang='grc'>684</span> 
     </span>
    </p>
   </div>
   <div class='ocr_carea' id='block_1_2' title="bbox 486 307 1233 852">
    <p class='ocr_par' dir='ltr' id='par_1_2' title="bbox 489 307 1233 554">
     <span class='ocr_line' id='line_1_2' title="bbox 491 307 1233 359; baseline -0.008 -11"><span class='ocrx_word' id='word_1_2' title='bbox 491 312 653 359; x_wconf 77' lang='lat' dir='ltr'>praelatis,</span> <span class='ocrx_word' id='word_1_3' title='bbox 676 311 767 347; x_wconf 88' lang='lat' dir='ltr'>etiam</span> <span class='ocrx_word' id='word_1_4' title='bbox 790 310 820 344; x_wconf 90' lang='lat' dir='ltr'>in</span> <span class='ocrx_word' id='word_1_5' title='bbox 848 308 923 344; x_wconf 84' lang='lat' dir='ltr'>Mari</span> <span class='ocrx_word' id='word_1_6' title='bbox 945 307 1060 354; x_wconf 81' lang='lat' dir='ltr'>Magno</span> <span class='ocrx_word' id='word_1_7' title='bbox 1087 319 1233 355; x_wconf 89' lang='lat' dir='ltr'>compre·</span> 
     </span>
     <span class='ocr_line' id='line_1_3' title="bbox 490 357 1232 405; baseline -0.007 -9"><span class='ocrx_word' id='word_1_8' title='bbox 490 362 608 405; x_wconf 80' lang='lat' dir='ltr'>Iiensis,</span> <span class='ocrx_word' id='word_1_9' title='bbox 624 373 658 396; x_wconf 93' lang='lat' dir='ltr'>ac</span> <span class='ocrx_word' id='word_1_10' title='bbox 672 361 762 395; x_wconf 84' lang='lat' dir='ltr'>etiam</span> <span class='ocrx_word' id='word_1_11' title='bbox 785 371 800 394; x_wconf 86' lang='lat' dir='ltr'>a</span> <span class='ocrx_word' id='word_1_12' title='bbox 817 358 906 393; x_wconf 87' lang='lat' dir='ltr'>nobis</span> <span class='ocrx_word' id='word_1_13' title='bbox 923 358 1024 392; x_wconf 79' lang='lat' dir='ltr'>forsan</span> <span class='ocrx_word' id='word_1_14' title='bbox 1041 357 1232 405; x_wconf 74' lang='lat' dir='ltr'>approbatiS‚</span> 
     </span>
     <span class='ocr_line' id='line_1_4' title="bbox 490 407 1233 451; baseline -0.005 -6"><span class='ocrx_word' id='word_1_15' title='bbox 490 411 643 445; x_wconf 82' lang='lat' dir='ltr'>innovatis</span> <span class='ocrx_word' id='word_1_16' title='bbox 677 410 720 444; x_wconf 76' lang='lat' dir='ltr'>vel</span> <span class='ocrx_word' id='word_1_17' title='bbox 749 409 840 443; x_wconf 90' lang='lat' dir='ltr'>etiam</span> <span class='ocrx_word' id='word_1_18' title='bbox 872 407 911 442; x_wconf 89' lang='lat' dir='ltr'>de</span> <span class='ocrx_word' id='word_1_19' title='bbox 949 419 1028 441; x_wconf 77' lang='lat' dir='ltr'>novo</span> <span class='ocrx_word' id='word_1_20' title='bbox 1057 407 1233 451; x_wconf 75' lang='lat' dir='ltr'>concessis,</span> 
     </span>
     <span class='ocr_line' id='line_1_5' title="bbox 489 456 1233 508; baseline -0.004 -14"><span class='ocrx_word' id='word_1_21' title='bbox 489 472 581 508; x_wconf 79' lang='lat' dir='ltr'>qnae,</span> <span class='ocrx_word' id='word_1_22' title='bbox 609 459 709 507; x_wconf 90' lang='lat' dir='ltr'>quoad</span> <span class='ocrx_word' id='word_1_23' title='bbox 734 459 809 502; x_wconf 84' lang='lat' dir='ltr'>Iioc,</span> <span class='ocrx_word' id='word_1_24' title='bbox 832 457 980 492; x_wconf 88' lang='lat' dir='ltr'>nolumus</span> <span class='ocrx_word' id='word_1_25' title='bbox 1002 457 1048 492; x_wconf 89' lang='lat' dir='ltr'>eis</span> <span class='ocrx_word' id='word_1_26' title='bbox 1074 456 1105 491; x_wconf 91' lang='lat' dir='ltr'>in</span> <span class='ocrx_word' id='word_1_27' title='bbox 1128 456 1233 504; x_wconf 91' lang='lat' dir='ltr'>aliquo</span> 
     </span>
     <span class='ocr_line' id='line_1_6' title="bbox 489 510 661 554; baseline -0.012 -9"><span class='ocrx_word' id='word_1_28' title='bbox 489 510 661 554; x_wconf 74' lang='lat' dir='ltr'>suffragari.</span> 
     </span>
    </p>

    <p class='ocr_par' dir='ltr' id='par_1_3' title="bbox 536 559 797 603">
     <span class='ocr_line' id='line_1_7' title="bbox 536 559 797 603; baseline -0.008 -11"><span class='ocrx_word' id='word_1_29' title='bbox 536 559 620 593; x_wconf 76' lang='lat' dir='ltr'>Nulli</span> <span class='ocrx_word' id='word_1_30' title='bbox 645 570 718 603; x_wconf 71' lang='lat' dir='ltr'>ergo</span> <span class='ocrx_word' id='word_1_31' title='bbox 744 565 797 591; x_wconf 87' lang='lat' dir='ltr'>etc.</span> 
     </span>
    </p>

    <p class='ocr_par' dir='ltr' id='par_1_4' title="bbox 486 604 1233 852">
     <span class='ocr_line' id='line_1_8' title="bbox 536 604 1230 654; baseline -0.006 -12"><span class='ocrx_word' id='word_1_32' title='bbox 536 607 648 643; x_wconf 88' lang='lat' dir='ltr'>Datum</span> <span class='ocrx_word' id='word_1_33' title='bbox 672 607 791 642; x_wconf 86' lang='lat' dir='ltr'>Romae</span> <span class='ocrx_word' id='word_1_34' title='bbox 820 606 849 640; x_wconf 92' lang='lat' dir='ltr'>in</span> <span class='ocrx_word' id='word_1_35' title='bbox 873 605 998 654; x_wconf 85' lang='lat' dir='ltr'>publica</span> <span class='ocrx_word' id='word_1_36' title='bbox 1026 604 1178 645; x_wconf 75' lang='lat' dir='ltr'>sessione,</span> <span class='ocrx_word' id='word_1_37' title='bbox 1202 604 1230 638; x_wconf 92' lang='lat' dir='ltr'>in</span> 
     </span>
     <span class='ocr_line' id='line_1_9' title="bbox 487 654 1233 693; baseline -0.007 0"><span class='ocrx_word' id='word_1_38' title='bbox 487 658 686 693; x_wconf 83' lang='lat' dir='ltr'>Lateranensi</span> <span class='ocrx_word' id='word_1_39' title='bbox 711 665 906 691; x_wconf 87' lang='lat' dir='ltr'>sacrosancta</span> <span class='ocrx_word' id='word_1_40' title='bbox 934 655 1060 690; x_wconf 90' lang='lat' dir='ltr'>basilica</span> <span class='ocrx_word' id='word_1_41' title='bbox 1083 654 1233 689; x_wconf 87' lang='lat' dir='ltr'>solemni—</span> 
     </span>
     <span class='ocr_line' id='line_1_10' title="bbox 488 704 1231 745; baseline -0.007 -3"><span class='ocrx_word' id='word_1_42' title='bbox 488 716 533 742; x_wconf 90' lang='lat' dir='ltr'>ter</span> <span class='ocrx_word' id='word_1_43' title='bbox 547 707 713 745; x_wconf 72' lang='lat' dir='ltr'>celebrata,</span> <span class='ocrx_word' id='word_1_44' title='bbox 725 705 1043 741; x_wconf 87' lang='lat' dir='ltr'>annolncarnationis</span> <span class='ocrx_word' id='word_1_45' title='bbox 1056 704 1231 738; x_wconf 83' lang='lat' dir='ltr'>dominicae</span> 
     </span>
     <span class='ocr_line' id='line_1_11' title="bbox 487 755 1232 803; baseline -0.007 -11"><span class='ocrx_word' id='word_1_46' title='bbox 487 756 651 792; x_wconf 89' lang='lat' dir='ltr'>millesimo</span> <span class='ocrx_word' id='word_1_47' title='bbox 665 756 916 803; x_wconf 76' lang='lat' dir='ltr'>quingentesimo</span> <span class='ocrx_word' id='word_1_48' title='bbox 938 755 1162 794; x_wconf 80' lang='lat' dir='ltr'>decimosexto,</span> <span class='ocrx_word' id='word_1_49' title='bbox 1177 765 1232 788; x_wconf 80' lang='lat' dir='ltr'>xlv</span> 
     </span>
     <span class='ocr_line' id='line_1_12' title="bbox 486 804 1230 852; baseline -0.003 -12"><span class='ocrx_word' id='word_1_50' title='bbox 486 806 633 841; x_wconf 78' lang='lat' dir='ltr'>kalendas</span> <span class='ocrx_word' id='word_1_51' title='bbox 657 806 796 846; x_wconf 84' lang='lat' dir='ltr'>ianuarii,</span> <span class='ocrx_word' id='word_1_52' title='bbox 825 804 933 852; x_wconf 85' lang='lat' dir='ltr'>pontif.</span> <span class='ocrx_word' id='word_1_53' title='bbox 962 804 1059 839; x_wconf 78' lang='lat' dir='ltr'>nostri</span> <span class='ocrx_word' id='word_1_54' title='bbox 1088 815 1230 839; x_wconf 81' lang='lat' dir='ltr'>annelv.</span> 
     </span>
    </p>
   </div>
   <div class='ocr_carea' id='block_1_3' title="bbox 510 866 1209 906">
    <p class='ocr_par' dir='ltr' id='par_1_5' title="bbox 510 866 1209 906">
     <span class='ocr_line' id='line_1_13' title="bbox 510 866 1209 906; baseline -0.003 -8"><span class='ocrx_word' id='word_1_55' title='bbox 510 867 570 898; x_wconf 82' lang='lat' dir='ltr'>Dat.</span> <span class='ocrx_word' id='word_1_56' title='bbox 585 868 631 898; x_wconf 90' lang='lat' dir='ltr'>die</span> <span class='ocrx_word' id='word_1_57' title='bbox 650 868 684 898; x_wconf 77' lang='lat'>19</span> <span class='ocrx_word' id='word_1_58' title='bbox 701 866 867 898; x_wconf 86' lang='lat' dir='ltr'>decembris</span> <span class='ocrx_word' id='word_1_59' title='bbox 885 866 970 903; x_wconf 81' lang='lat'>1516,</span> <span class='ocrx_word' id='word_1_60' title='bbox 988 871 1066 906; x_wconf 88' lang='lat' dir='ltr'>pont.</span> <span class='ocrx_word' id='word_1_61' title='bbox 1081 875 1157 897; x_wconf 91' lang='lat' dir='ltr'>anno</span> <span class='ocrx_word' id='word_1_62' title='bbox 1174 875 1209 896; x_wconf 79' lang='lat' dir='ltr'>tv.</span> 
     </span>
    </p>
   </div>
   <div class='ocr_carea' id='block_1_4' title="bbox 295 256 475 286">
    <p class='ocr_par' dir='ltr' id='par_1_6' title="bbox 295 256 475 286">
     <span class='ocr_line' id='line_1_14' title="bbox 295 256 475 286; baseline 0.017 -3"><span class='ocrx_word' id='word_1_63' title='bbox 295 257 346 284; x_wconf 73' lang='grc' dir='ltr'>Αι.</span> <span class='ocrx_word' id='word_1_64' title='bbox 363 256 393 284; x_wconf 74' lang='lat' dir='ltr'>C.</span> <span class='ocrx_word' id='word_1_65' title='bbox 410 258 475 286; x_wconf 74' lang='lat'>¹5¹6</span> 
     </span>
    </p>
   </div>
   <div class='ocr_carea' id='block_1_5' title="bbox 772 947 946 957">
    <p class='ocr_par' dir='ltr' id='par_1_7' title="bbox 772 947 946 957">
     <span class='ocr_line' id='line_1_15' title="bbox 772 947 946 957; baseline 0 0"><span class='ocrx_word' id='word_1_66' title='bbox 772 947 946 957; x_wconf 95' lang='lat' dir='ltr'> </span> 
     </span>
    </p>
   </div>
   <div class='ocr_carea' id='block_1_6' title="bbox 797 1044 913 1080">
    <p class='ocr_par' dir='ltr' id='par_1_8' title="bbox 797 1044 913 1080">
     <span class='ocr_line' id='line_1_16' title="bbox 797 1044 913 1080; baseline -0.009 0"><span class='ocrx_word' id='word_1_67' title='bbox 797 1044 913 1080; x_wconf 80' lang='lat' dir='ltr'>xxm.</span> 
     </span>
    </p>
   </div>
   <div class='ocr_carea' id='block_1_7' title="bbox 484 1126 1233 1323">
    <p class='ocr_par' dir='ltr' id='par_1_9' title="bbox 484 1126 1233 1323">
     <span class='ocr_line' id='line_1_17' title="bbox 484 1126 1233 1175; baseline -0.001 -14"><span class='ocrx_word' id='word_1_68' title='bbox 484 1126 530 1161; x_wconf 86' lang='lat' dir='ltr'>De</span> <span class='ocrx_word' id='word_1_69' title='bbox 557 1129 714 1175; x_wconf 80' lang='lat' dir='ltr'>fidelitatis</span> <span class='ocrx_word' id='word_1_70' title='bbox 735 1130 906 1163; x_wconf 81' lang='lat' dir='ltr'>iuramento</span> <span class='ocrx_word' id='word_1_71' title='bbox 931 1138 988 1173; x_wconf 83' lang='lat' dir='ltr'>per</span> <span class='ocrx_word' id='word_1_72' title='bbox 1009 1134 1166 1172; x_wconf 83' lang='lat' dir='ltr'>promotos</span> <span class='ocrx_word' id='word_1_73' title='bbox 1189 1127 1233 1161; x_wconf 84' lang='lat' dir='ltr'>ad</span> 
     </span>
     <span class='ocr_line' id='line_1_18' title="bbox 532 1178 1230 1224; baseline -0.003 -12"><span class='ocrx_word' id='word_1_74' title='bbox 532 1190 736 1224; x_wconf 80' lang='lat' dir='ltr'>quascumque</span> <span class='ocrx_word' id='word_1_75' title='bbox 757 1179 895 1212; x_wconf 81' lang='lat' dir='ltr'>ecclesias</span> <span class='ocrx_word' id='word_1_76' title='bbox 916 1185 943 1211; x_wconf 84' lang='lat' dir='ltr'>et</span> <span class='ocrx_word' id='word_1_77' title='bbox 963 1178 1127 1222; x_wconf 71' lang='lat' dir='ltr'>dignitates</span> <span class='ocrx_word' id='word_1_78' title='bbox 1140 1188 1230 1222; x_wconf 87' lang='lat' dir='ltr'>prae-</span> 
     </span>
     <span class='ocr_line' id='line_1_19' title="bbox 532 1229 1231 1273; baseline -0.003 -11"><span class='ocrx_word' id='word_1_79' title='bbox 532 1229 654 1271; x_wconf 79' lang='lat' dir='ltr'>stando,</span> <span class='ocrx_word' id='word_1_80' title='bbox 663 1229 829 1273; x_wconf 78' lang='lat' dir='ltr'>poenisque</span> <span class='ocrx_word' id='word_1_81' title='bbox 847 1234 953 1261; x_wconf 84' lang='lat' dir='ltr'>contra</span> <span class='ocrx_word' id='word_1_82' title='bbox 968 1239 1030 1260; x_wconf 80' lang='lat' dir='ltr'>non</span> <span class='ocrx_word' id='word_1_83' title='bbox 1042 1234 1231 1273; x_wconf 76' lang='lat' dir='ltr'>praestantes</span> 
     </span>
     <span class='ocr_line' id='line_1_20' title="bbox 533 1278 786 1323; baseline 0 -12"><span class='ocrx_word' id='word_1_84' title='bbox 533 1278 708 1323; x_wconf 71' lang='lat' dir='ltr'>infit&#39;yendis</span> <span class='ocrx_word' id='word_1_85' title='bbox 730 1280 786 1322; x_wconf 88' lang='lat' dir='ltr'>(t).</span> 
     </span>
    </p>
   </div>
   <div class='ocr_carea' id='block_1_8' title="bbox 747 1364 961 1396">
    <p class='ocr_par' dir='ltr' id='par_1_10' title="bbox 747 1364 961 1396">
     <span class='ocr_line' id='line_1_21' title="bbox 747 1364 961 1396; baseline -0.005 -1"><span class='ocrx_word' id='word_1_86' title='bbox 747 1364 961 1396; x_wconf 70' lang='lat' dir='ltr'>smtttARtUtt</span> 
     </span>
    </p>
   </div>
   <div class='ocr_carea' id='block_1_9' title="bbox 483 1426 1232 1823">
    <p class='ocr_par' dir='ltr' id='par_1_11' title="bbox 483 1426 1232 1823">
     <span class='ocr_line' id='line_1_22' title="bbox 483 1426 1230 1466; baseline 0.003 -10"><span class='ocrx_word' id='word_1_87' title='bbox 483 1427 509 1456; x_wconf 76' lang='lat'>¹.</span> <span class='ocrx_word' id='word_1_88' title='bbox 533 1426 694 1466; x_wconf 81' lang='lat' dir='ltr'>Perpetuus</span> <span class='ocrx_word' id='word_1_89' title='bbox 721 1428 750 1457; x_wconf 93' lang='lat' dir='ltr'>in</span> <span class='ocrx_word' id='word_1_90' title='bbox 774 1427 905 1458; x_wconf 82' lang='lat' dir='ltr'>Ecclesia</span> <span class='ocrx_word' id='word_1_91' title='bbox 926 1437 1000 1465; x_wconf 87' lang='lat' dir='ltr'>mos,</span> <span class='ocrx_word' id='word_1_92' title='bbox 1022 1432 1054 1458; x_wconf 86' lang='lat' dir='ltr'>ut</span> <span class='ocrx_word' id='word_1_93' title='bbox 1075 1427 1111 1458; x_wconf 90' lang='lat' dir='ltr'>ad</span> <span class='ocrx_word' id='word_1_94' title='bbox 1135 1427 1230 1458; x_wconf 90' lang='lat' dir='ltr'>bene-</span> 
     </span>
     <span class='ocr_line' id='line_1_23' title="bbox 521 1472 1231 1511; baseline 0.003 -10"><span class='ocrx_word' id='word_1_95' title='bbox 521 1472 585 1502; x_wconf 82' lang='lat' dir='ltr'>ficia</span> <span class='ocrx_word' id='word_1_96' title='bbox 610 1473 732 1511; x_wconf 89' lang='lat' dir='ltr'>promoti</span> <span class='ocrx_word' id='word_1_97' title='bbox 753 1473 950 1502; x_wconf 84' lang='lat' dir='ltr'>iuramentum</span> <span class='ocrx_word' id='word_1_98' title='bbox 972 1477 1121 1511; x_wconf 77' lang='lat' dir='ltr'>praestent</span> <span class='ocrx_word' id='word_1_99' title='bbox 1138 1473 1231 1504; x_wconf 84' lang='lat' dir='ltr'>fideli-</span> 
     </span>
     <span class='ocr_line' id='line_1_24' title="bbox 521 1515 1232 1557; baseline 0.003 -12"><span class='ocrx_word' id='word_1_100' title='bbox 521 1517 596 1546; x_wconf 84' lang='lat' dir='ltr'>tatis.</span> <span class='ocrx_word' id='word_1_101' title='bbox 607 1533 646 1538; x_wconf 98' lang='lat'><strong>—</strong></span> <span class='ocrx_word' id='word_1_102' title='bbox 658 1516 685 1545; x_wconf 69' lang='lat'>32.</span> <span class='ocrx_word' id='word_1_103' title='bbox 697 1515 812 1546; x_wconf 84' lang='lat' dir='ltr'>Poenae</span> <span class='ocrx_word' id='word_1_104' title='bbox 825 1521 923 1546; x_wconf 75' lang='lat' dir='ltr'>contra</span> <span class='ocrx_word' id='word_1_105' title='bbox 938 1517 1009 1546; x_wconf 89' lang='lat' dir='ltr'>illud</span> <span class='ocrx_word' id='word_1_106' title='bbox 1021 1522 1171 1557; x_wconf 87' lang='lat' dir='ltr'>praestare</span> <span class='ocrx_word' id='word_1_107' title='bbox 1183 1527 1232 1547; x_wconf 88' lang='lat' dir='ltr'>ne-</span> 
     </span>
     <span class='ocr_line' id='line_1_25' title="bbox 519 1560 1232 1601; baseline 0.004 -11"><span class='ocrx_word' id='word_1_108' title='bbox 519 1560 674 1599; x_wconf 79' lang='lat' dir='ltr'>gligentes.</span> <span class='ocrx_word' id='word_1_109' title='bbox 693 1578 732 1583; x_wconf 97' lang='lat'><strong>—</strong></span> <span class='ocrx_word' id='word_1_110' title='bbox 748 1561 774 1591; x_wconf 88' lang='lat'>3.</span> <span class='ocrx_word' id='word_1_111' title='bbox 793 1561 835 1590; x_wconf 81' lang='lat' dir='ltr'>Ab</span> <span class='ocrx_word' id='word_1_112' title='bbox 855 1571 889 1591; x_wconf 90' lang='lat' dir='ltr'>eo</span> <span class='ocrx_word' id='word_1_113' title='bbox 908 1562 1085 1601; x_wconf 85' lang='lat' dir='ltr'>praestando</span> <span class='ocrx_word' id='word_1_114' title='bbox 1108 1572 1166 1592; x_wconf 92' lang='lat' dir='ltr'>non</span> <span class='ocrx_word' id='word_1_115' title='bbox 1183 1572 1232 1593; x_wconf 86' lang='lat' dir='ltr'>ex-</span> 
     </span>
     <span class='ocr_line' id='line_1_26' title="bbox 520 1605 1230 1646; baseline 0.004 -12"><span class='ocrx_word' id='word_1_116' title='bbox 520 1610 605 1634; x_wconf 87' lang='lat' dir='ltr'>cusat</span> <span class='ocrx_word' id='word_1_117' title='bbox 637 1605 737 1635; x_wconf 79' lang='lat' dir='ltr'>literas</span> <span class='ocrx_word' id='word_1_118' title='bbox 761 1607 938 1645; x_wconf 85' lang='lat' dir='ltr'>apostolicas</span> <span class='ocrx_word' id='word_1_119' title='bbox 965 1607 1142 1646; x_wconf 81' lang='lat' dir='ltr'>provisionis</span> <span class='ocrx_word' id='word_1_120' title='bbox 1172 1617 1230 1637; x_wconf 91' lang='lat' dir='ltr'>non</span> 
     </span>
     <span class='ocr_line' id='line_1_27' title="bbox 520 1649 1230 1691; baseline 0.004 -12"><span class='ocrx_word' id='word_1_121' title='bbox 520 1649 612 1679; x_wconf 78' lang='lat' dir='ltr'>fuisse</span> <span class='ocrx_word' id='word_1_122' title='bbox 632 1651 791 1689; x_wconf 85' lang='lat' dir='ltr'>expeditas.</span> <span class='ocrx_word' id='word_1_123' title='bbox 813 1667 853 1673; x_wconf 93' lang='lat'>—</span> <span class='ocrx_word' id='word_1_124' title='bbox 875 1652 903 1681; x_wconf 76' lang='lat'>4.</span> <span class='ocrx_word' id='word_1_125' title='bbox 922 1651 1035 1682; x_wconf 87' lang='lat' dir='ltr'>Literae</span> <span class='ocrx_word' id='word_1_126' title='bbox 1060 1661 1117 1682; x_wconf 89' lang='lat' dir='ltr'>non</span> <span class='ocrx_word' id='word_1_127' title='bbox 1140 1661 1230 1691; x_wconf 79' lang='lat' dir='ltr'>expe-</span> 
     </span>
     <span class='ocr_line' id='line_1_28' title="bbox 520 1694 1232 1735; baseline 0.006 -12"><span class='ocrx_word' id='word_1_128' title='bbox 520 1694 644 1724; x_wconf 87' lang='lat' dir='ltr'>diendae</span> <span class='ocrx_word' id='word_1_129' title='bbox 665 1697 720 1725; x_wconf 87' lang='lat' dir='ltr'>nisi</span> <span class='ocrx_word' id='word_1_130' title='bbox 741 1696 823 1734; x_wconf 91' lang='lat' dir='ltr'>prius</span> <span class='ocrx_word' id='word_1_131' title='bbox 840 1701 953 1726; x_wconf 87' lang='lat' dir='ltr'>constet</span> <span class='ocrx_word' id='word_1_132' title='bbox 971 1697 1005 1726; x_wconf 88' lang='lat' dir='ltr'>de</span> <span class='ocrx_word' id='word_1_133' title='bbox 1029 1698 1169 1735; x_wconf 87' lang='lat' dir='ltr'>praestito</span> <span class='ocrx_word' id='word_1_134' title='bbox 1186 1699 1232 1728; x_wconf 92' lang='lat' dir='ltr'>iu-</span> 
     </span>
     <span class='ocr_line' id='line_1_29' title="bbox 519 1739 1232 1780; baseline 0.007 -13"><span class='ocrx_word' id='word_1_135' title='bbox 519 1744 660 1768; x_wconf 89' lang='lat' dir='ltr'>ramento.</span> <span class='ocrx_word' id='word_1_136' title='bbox 674 1740 750 1770; x_wconf 83' lang='lat'>—5.</span> <span class='ocrx_word' id='word_1_137' title='bbox 765 1739 964 1780; x_wconf 87' lang='lat' dir='ltr'>Exequutores</span> <span class='ocrx_word' id='word_1_138' title='bbox 982 1741 1071 1771; x_wconf 80' lang='lat' dir='ltr'>liuius</span> <span class='ocrx_word' id='word_1_139' title='bbox 1088 1742 1232 1772; x_wconf 88' lang='lat' dir='ltr'>constitu-</span> 
     </span>
     <span class='ocr_line' id='line_1_30' title="bbox 522 1783 792 1823; baseline 0.004 -10"><span class='ocrx_word' id='word_1_140' title='bbox 522 1783 612 1813; x_wconf 86' lang='lat' dir='ltr'>tionis</span> <span class='ocrx_word' id='word_1_141' title='bbox 635 1784 792 1823; x_wconf 81' lang='lat' dir='ltr'>designati.</span> 
     </span>
    </p>
   </div>
   <div class='ocr_carea' id='block_1_10' title="bbox 759 1860 948 1897">
    <p class='ocr_par' dir='ltr' id='par_1_12' title="bbox 759 1860 948 1897">
     <span class='ocr_line' id='line_1_31' title="bbox 759 1860 948 1897; baseline 0.005 -9"><span class='ocrx_word' id='word_1_142' title='bbox 759 1860 808 1889; x_wconf 81' lang='lat' dir='ltr'>Leo</span> <span class='ocrx_word' id='word_1_143' title='bbox 828 1860 898 1897; x_wconf 80' lang='lat' dir='ltr'>Papa</span> <span class='ocrx_word' id='word_1_144' title='bbox 916 1861 948 1890; x_wconf 82' lang='lat' dir='ltr'>X.</span> 
     </span>
    </p>
   </div>
   <div class='ocr_carea' id='block_1_11' title="bbox 531 1930 1229 1978">
    <p class='ocr_par' dir='ltr' id='par_1_13' title="bbox 531 1930 1229 1978">
     <span class='ocr_line' id='line_1_32' title="bbox 531 1930 1229 1978; baseline 0.01 -14"><span class='ocrx_word' id='word_1_145' title='bbox 531 1930 551 1978; x_wconf 67' lang='grc' dir='ltr'><strong>ἓ</strong></span> <span class='ocrx_word' id='word_1_146' title='bbox 580 1934 611 1965; x_wconf 84' lang='grc'>1.</span> <span class='ocrx_word' id='word_1_147' title='bbox 634 1931 718 1967; x_wconf 89' lang='lat' dir='ltr'>Inter</span> <span class='ocrx_word' id='word_1_148' title='bbox 739 1932 798 1967; x_wconf 87' lang='lat' dir='ltr'>alia</span> <span class='ocrx_word' id='word_1_149' title='bbox 815 1932 981 1968; x_wconf 76' lang='lat' dir='ltr'>laudabilia</span> <span class='ocrx_word' id='word_1_150' title='bbox 1007 1942 1037 1969; x_wconf 86' lang='lat' dir='ltr'>et</span> <span class='ocrx_word' id='word_1_151' title='bbox 1057 1936 1229 1971; x_wconf 87' lang='lat' dir='ltr'>necessaria</span> 
     </span>
    </p>
   </div>
   <div class='ocr_carea' id='block_1_12' title="bbox 286 1979 1232 2088">
    <p class='ocr_par' dir='ltr' id='par_1_14' title="bbox 286 1979 1232 2088">
     <span class='ocr_line' id='line_1_33' title="bbox 304 1979 1232 2028; baseline 0.004 -12"><span class='ocrx_word' id='word_1_152' title='bbox 304 1999 421 2026; x_wconf 55' lang='lat' dir='ltr'>mmm„</span> <span class='ocrx_word' id='word_1_153' title='bbox 449 2000 468 2021; x_wconf 64' lang='grc' dir='ltr'>ιη</span> <span class='ocrx_word' id='word_1_154' title='bbox 482 1979 574 2016; x_wconf 85' lang='lat' dir='ltr'>Sedis</span> <span class='ocrx_word' id='word_1_155' title='bbox 593 1982 790 2028; x_wconf 85' lang='lat' dir='ltr'>Apostolicae</span> <span class='ocrx_word' id='word_1_156' title='bbox 808 1983 942 2027; x_wconf 87' lang='lat' dir='ltr'>decreta,</span> <span class='ocrx_word' id='word_1_157' title='bbox 965 1995 980 2017; x_wconf 90' lang='lat' dir='ltr'>a</span> <span class='ocrx_word' id='word_1_158' title='bbox 996 1983 1138 2019; x_wconf 88' lang='lat' dir='ltr'>Summis</span> <span class='ocrx_word' id='word_1_159' title='bbox 1152 1985 1232 2020; x_wconf 86' lang='lat' dir='ltr'>Pon-</span> 
     </span>
     <span class='ocr_line' id='line_1_34' title="bbox 286 2029 1231 2088; baseline 0.006 -20"><span class='ocrx_word' id='word_1_160' title='bbox 286 2029 621 2088; x_wconf 48' lang='lat' dir='ltr'>}J‘ssjsssflssfffifftiiicibus</span> <span class='ocrx_word' id='word_1_161' title='bbox 645 2036 940 2082; x_wconf 78' lang='lat' dir='ltr'>praedecessoribus</span> <span class='ocrx_word' id='word_1_162' title='bbox 964 2039 1080 2073; x_wconf 89' lang='lat' dir='ltr'>nostris</span> <span class='ocrx_word' id='word_1_163' title='bbox 1098 2039 1178 2074; x_wconf 89' lang='lat' dir='ltr'>edita</span> <span class='ocrx_word' id='word_1_164' title='bbox 1202 2049 1231 2074; x_wconf 87' lang='lat' dir='ltr'>ct</span> 
     </span>
    </p>
   </div>
   <div class='ocr_carea' id='block_1_13' title="bbox 286 2090 1233 2627">
    <p class='ocr_par' dir='ltr' id='par_1_15' title="bbox 286 2090 1232 2245">
     <span class='ocr_line' id='line_1_35' title="bbox 286 2090 1231 2149; baseline 0.008 -28"><span class='ocrx_word' id='word_1_165' title='bbox 286 2094 470 2149; x_wconf 44' lang='lat' dir='ltr'>:ffwgffiffizss</span> <span class='ocrx_word' id='word_1_166' title='bbox 484 2090 569 2123; x_wconf 91' lang='lat' dir='ltr'>omni</span> <span class='ocrx_word' id='word_1_167' title='bbox 586 2098 726 2137; x_wconf 89' lang='lat' dir='ltr'>tempore</span> <span class='ocrx_word' id='word_1_168' title='bbox 735 2090 909 2135; x_wconf 84' lang='lat' dir='ltr'>observata,</span> <span class='ocrx_word' id='word_1_169' title='bbox 923 2091 999 2126; x_wconf 89' lang='lat' dir='ltr'>illud</span> <span class='ocrx_word' id='word_1_170' title='bbox 1014 2092 1135 2128; x_wconf 82' lang='lat' dir='ltr'>videtur</span> <span class='ocrx_word' id='word_1_171' title='bbox 1149 2106 1231 2140; x_wconf 89' lang='lat' dir='ltr'>prae-</span> 
     </span>
     <span class='ocr_line' id='line_1_36' title="bbox 287 2142 1230 2194; baseline 0.011 -21"><span class='ocrx_word' id='word_1_172' title='bbox 287 2154 386 2174; x_wconf 54' lang='lat' dir='ltr'>dam-12</span> <span class='ocrx_word' id='word_1_173' title='bbox 484 2142 627 2190; x_wconf 90' lang='lat' dir='ltr'>cipuum,</span> <span class='ocrx_word' id='word_1_174' title='bbox 649 2145 732 2191; x_wconf 89' lang='lat' dir='ltr'>quod</span> <span class='ocrx_word' id='word_1_175' title='bbox 760 2145 797 2180; x_wconf 90' lang='lat' dir='ltr'>ad</span> <span class='ocrx_word' id='word_1_176' title='bbox 825 2145 974 2181; x_wconf 88' lang='lat' dir='ltr'>ecclesias</span> <span class='ocrx_word' id='word_1_177' title='bbox 997 2147 1230 2194; x_wconf 78' lang='lat' dir='ltr'>patriarchales,</span> 
     </span>
     <span class='ocr_line' id='line_1_37' title="bbox 484 2198 1232 2245; baseline 0.009 -15"><span class='ocrx_word' id='word_1_178' title='bbox 484 2198 740 2245; x_wconf 87' lang='lat' dir='ltr'>metropolitanas</span> <span class='ocrx_word' id='word_1_179' title='bbox 756 2226 764 2239; x_wconf 93' lang='lat'>,</span> <span class='ocrx_word' id='word_1_180' title='bbox 786 2199 980 2235; x_wconf 86' lang='lat' dir='ltr'>cathedrales</span> <span class='ocrx_word' id='word_1_181' title='bbox 1007 2208 1037 2235; x_wconf 90' lang='lat' dir='ltr'>et</span> <span class='ocrx_word' id='word_1_182' title='bbox 1063 2201 1232 2237; x_wconf 88' lang='lat' dir='ltr'>abbatiales</span> 
     </span>
    </p>

    <p class='ocr_par' dir='ltr' id='par_1_16' title="bbox 484 2249 1233 2299">
     <span class='ocr_line' id='line_1_38' title="bbox 484 2249 1233 2299; baseline 0.008 -15"><span class='ocrx_word' id='word_1_183' title='bbox 484 2249 650 2296; x_wconf 79' lang='lat' dir='ltr'>dignitates</span> <span class='ocrx_word' id='word_1_184' title='bbox 664 2253 796 2299; x_wconf 87' lang='lat' dir='ltr'>promoti</span> <span class='ocrx_word' id='word_1_185' title='bbox 810 2254 933 2289; x_wconf 77' lang='lat' dir='ltr'>vinculo</span> <span class='ocrx_word' id='word_1_186' title='bbox 949 2254 1233 2291; x_wconf 88' lang='lat' dir='ltr'>iuramentiastrin-</span> 
     </span>
    </p>

    <p class='ocr_par' dir='ltr' id='par_1_17' title="bbox 484 2307 1232 2400">
     <span class='ocr_line' id='line_1_39' title="bbox 484 2307 1231 2357; baseline 0.011 -18"><span class='ocrx_word' id='word_1_187' title='bbox 484 2313 607 2351; x_wconf 82' lang='lat' dir='ltr'>gantur,</span> <span class='ocrx_word' id='word_1_188' title='bbox 623 2314 655 2340; x_wconf 90' lang='lat' dir='ltr'>ut</span> <span class='ocrx_word' id='word_1_189' title='bbox 670 2307 813 2342; x_wconf 77' lang='lat' dir='ltr'>I‘ontilici</span> <span class='ocrx_word' id='word_1_190' title='bbox 825 2321 880 2355; x_wconf 85' lang='lat' dir='ltr'>pro</span> <span class='ocrx_word' id='word_1_191' title='bbox 890 2317 1031 2357; x_wconf 85' lang='lat' dir='ltr'>tempore</span> <span class='ocrx_word' id='word_1_192' title='bbox 1045 2310 1188 2345; x_wconf 78' lang='lat' dir='ltr'>existenti</span> <span class='ocrx_word' id='word_1_193' title='bbox 1203 2322 1231 2347; x_wconf 89' lang='lat' dir='ltr'>et</span> 
     </span>
     <span class='ocr_line' id='line_1_40' title="bbox 484 2361 1232 2400; baseline 0.009 -7"><span class='ocrx_word' id='word_1_194' title='bbox 484 2361 722 2396; x_wconf 87' lang='lat' dir='ltr'>successoribus</span> <span class='ocrx_word' id='word_1_195' title='bbox 745 2363 810 2397; x_wconf 90' lang='lat' dir='ltr'>suis</span> <span class='ocrx_word' id='word_1_196' title='bbox 824 2365 973 2399; x_wconf 87' lang='lat' dir='ltr'>canonice</span> <span class='ocrx_word' id='word_1_197' title='bbox 994 2364 1180 2400; x_wconf 86' lang='lat' dir='ltr'>intrantibus</span> <span class='ocrx_word' id='word_1_198' title='bbox 1196 2367 1232 2400; x_wconf 79' lang='lat' dir='ltr'>fl-</span> 
     </span>
    </p>

    <p class='ocr_par' dir='ltr' id='par_1_18' title="bbox 483 2414 1231 2468">
     <span class='ocr_line' id='line_1_41' title="bbox 483 2414 1231 2468; baseline 0.011 -20"><span class='ocrx_word' id='word_1_199' title='bbox 483 2414 570 2449; x_wconf 88' lang='lat' dir='ltr'>deles</span> <span class='ocrx_word' id='word_1_200' title='bbox 586 2427 654 2450; x_wconf 90' lang='lat' dir='ltr'>esse</span> <span class='ocrx_word' id='word_1_201' title='bbox 665 2424 694 2450; x_wconf 90' lang='lat' dir='ltr'>et</span> <span class='ocrx_word' id='word_1_202' title='bbox 710 2417 767 2451; x_wconf 86' lang='lat' dir='ltr'>alia</span> <span class='ocrx_word' id='word_1_203' title='bbox 779 2417 944 2454; x_wconf 84' lang='lat' dir='ltr'>observare</span> <span class='ocrx_word' id='word_1_204' title='bbox 961 2427 1138 2460; x_wconf 84' lang='lat' dir='ltr'>teneantur,</span> <span class='ocrx_word' id='word_1_205' title='bbox 1151 2433 1231 2468; x_wconf 86' lang='lat' dir='ltr'>quae</span> 
     </span>
    </p>

    <p class='ocr_par' dir='ltr' id='par_1_19' title="bbox 485 2468 1229 2510">
     <span class='ocr_line' id='line_1_42' title="bbox 485 2468 1229 2510; baseline 0.009 -8"><span class='ocrx_word' id='word_1_206' title='bbox 485 2468 514 2502; x_wconf 89' lang='lat' dir='ltr'>in</span> <span class='ocrx_word' id='word_1_207' title='bbox 538 2469 634 2503; x_wconf 87' lang='lat' dir='ltr'>forma</span> <span class='ocrx_word' id='word_1_208' title='bbox 650 2471 805 2506; x_wconf 87' lang='lat' dir='ltr'>eiusmodi</span> <span class='ocrx_word' id='word_1_209' title='bbox 829 2473 994 2509; x_wconf 88' lang='lat' dir='ltr'>iuramenti</span> <span class='ocrx_word' id='word_1_210' title='bbox 1016 2475 1229 2510; x_wconf 86' lang='lat' dir='ltr'>continentur.</span> 
     </span>
    </p>

    <p class='ocr_par' dir='ltr' id='par_1_20' title="bbox 532 2523 1230 2576">
     <span class='ocr_line' id='line_1_43' title="bbox 532 2523 1230 2576; baseline 0.01 -20"><span class='ocrx_word' id='word_1_211' title='bbox 532 2526 548 2566; x_wconf 66' lang='grc' dir='ltr'><strong>ἓ</strong></span> <span class='ocrx_word' id='word_1_212' title='bbox 570 2525 603 2557; x_wconf 74' lang='lat'>2.</span> <span class='ocrx_word' id='word_1_213' title='bbox 626 2523 734 2571; x_wconf 81' lang='lat' dir='ltr'>Nuper</span> <span class='ocrx_word' id='word_1_214' title='bbox 758 2525 793 2559; x_wconf 85' lang='lat' dir='ltr'>ad</span> <span class='ocrx_word' id='word_1_215' title='bbox 822 2527 962 2562; x_wconf 87' lang='lat' dir='ltr'>notitiam</span> <span class='ocrx_word' id='word_1_216' title='bbox 987 2536 1122 2563; x_wconf 87' lang='lat' dir='ltr'>nostram</span> <span class='ocrx_word' id='word_1_217' title='bbox 1153 2541 1230 2576; x_wconf 83' lang='lat' dir='ltr'>per-</span> 
     </span>
    </p>

    <p class='ocr_par' dir='ltr' id='par_1_21' title="bbox 483 2577 1228 2627">
     <span class='ocr_line' id='line_1_44' title="bbox 483 2577 1228 2627; baseline 0.009 -17"><span class='ocrx_word' id='word_1_218' title='bbox 483 2577 566 2611; x_wconf 86' lang='lat' dir='ltr'>venit</span> <span class='ocrx_word' id='word_1_219' title='bbox 604 2577 742 2625; x_wconf 89' lang='lat' dir='ltr'>aliquos,</span> <span class='ocrx_word' id='word_1_220' title='bbox 784 2588 815 2614; x_wconf 89' lang='lat' dir='ltr'>ut</span> <span class='ocrx_word' id='word_1_221' title='bbox 853 2582 1078 2627; x_wconf 87' lang='lat' dir='ltr'>praemittitur,</span> <span class='ocrx_word' id='word_1_222' title='bbox 1118 2583 1228 2617; x_wconf 77' lang='lat' dir='ltr'>vincu-</span> 
     </span>
    </p>
   </div>
   <div class='ocr_carea' id='block_1_14' title="bbox 521 2645 1010 2683">
    <p class='ocr_par' dir='ltr' id='par_1_22' title="bbox 521 2645 1010 2683">
     <span class='ocr_line' id='line_1_45' title="bbox 521 2645 1010 2683; baseline 0.012 -10"><span class='ocrx_word' id='word_1_223' title='bbox 521 2645 559 2681; x_wconf 83' lang='lat' dir='ltr'>(t)</span> <span class='ocrx_word' id='word_1_224' title='bbox 575 2647 614 2674; x_wconf 83' lang='lat' dir='ltr'>Ex</span> <span class='ocrx_word' id='word_1_225' title='bbox 631 2648 735 2683; x_wconf 82' lang='lat' dir='ltr'>Regest.</span> <span class='ocrx_word' id='word_1_226' title='bbox 755 2649 780 2676; x_wconf 90' lang='lat' dir='ltr'>in</span> <span class='ocrx_word' id='word_1_227' title='bbox 800 2649 909 2678; x_wconf 76' lang='lat' dir='ltr'>Archiv.</span> <span class='ocrx_word' id='word_1_228' title='bbox 928 2652 1010 2679; x_wconf 83' lang='lat' dir='ltr'>Vatic.</span> 
     </span>
    </p>
   </div>
   <div class='ocr_carea' id='block_1_15' title="bbox 1064 248 1442 277">
    <p class='ocr_par' dir='ltr' id='par_1_23' title="bbox 1064 248 1442 277">
     <span class='ocr_line' id='line_1_46' title="bbox 1064 248 1442 277; baseline -0.013 0"><span class='ocrx_word' id='word_1_229' title='bbox 1064 253 1164 277; x_wconf 72' lang='lat' dir='ltr'><strong>BULLA</strong></span> <span class='ocrx_word' id='word_1_230' title='bbox 1170 251 1255 276; x_wconf 71' lang='lat' dir='ltr'>mm!</span> <span class='ocrx_word' id='word_1_231' title='bbox 1279 248 1442 273; x_wconf 70' lang='lat' dir='ltr'>ROMANUM</span> 
     </span>
    </p>
   </div>
   <div class='ocr_carea' id='block_1_16' title="bbox 2041 249 2224 279">
    <p class='ocr_par' dir='ltr' id='par_1_24' title="bbox 2041 249 2224 279">
     <span class='ocr_line' id='line_1_47' title="bbox 2041 249 2224 279; baseline 0.011 -2"><span class='ocrx_word' id='word_1_232' title='bbox 2041 249 2093 277; x_wconf 78' lang='lat' dir='ltr'>An.</span> <span class='ocrx_word' id='word_1_233' title='bbox 2115 250 2224 279; x_wconf 70' lang='grc'>(1.1818</span> 
     </span>
    </p>
   </div>
   <div class='ocr_carea' id='block_1_17' title="bbox 1272 301 2267 2044">
    <p class='ocr_par' dir='ltr' id='par_1_25' title="bbox 1272 301 2267 1946">
     <span class='ocr_line' id='line_1_48' title="bbox 1275 301 2224 351; baseline 0 -12"><span class='ocrx_word' id='word_1_234' title='bbox 1275 305 1340 339; x_wconf 90' lang='lat' dir='ltr'>lum</span> <span class='ocrx_word' id='word_1_235' title='bbox 1365 304 1466 351; x_wconf 85' lang='lat' dir='ltr'>ipsius</span> <span class='ocrx_word' id='word_1_236' title='bbox 1490 303 1676 347; x_wconf 86' lang='lat' dir='ltr'>iuramenti,</span> <span class='ocrx_word' id='word_1_237' title='bbox 1702 301 1784 350; x_wconf 89' lang='lat' dir='ltr'>quod</span> <span class='ocrx_word' id='word_1_238' title='bbox 1807 301 2026 339; x_wconf 86' lang='lat' dir='ltr'>indissolubile</span> <span class='ocrx_word' id='word_1_239' title='bbox 2053 310 2224 333; x_wconf 68' lang='lat' dir='ltr'>Peon-econtr-</span> 
     </span>
     <span class='ocr_line' id='line_1_49' title="bbox 1276 342 2223 400; baseline 0.001 -13"><span class='ocrx_word' id='word_1_240' title='bbox 1276 363 1335 393; x_wconf 69' lang='lat' dir='ltr'>est,</span> <span class='ocrx_word' id='word_1_241' title='bbox 1361 353 1549 395; x_wconf 78' lang='lat' dir='ltr'>declinasse,</span> <span class='ocrx_word' id='word_1_242' title='bbox 1573 352 1602 386; x_wconf 92' lang='lat' dir='ltr'>in</span> <span class='ocrx_word' id='word_1_243' title='bbox 1626 352 1823 388; x_wconf 89' lang='lat' dir='ltr'>decretorum</span> <span class='ocrx_word' id='word_1_244' title='bbox 1848 352 2026 400; x_wconf 88' lang='lat' dir='ltr'>praedicto·</span> <span class='ocrx_word' id='word_1_245' title='bbox 2040 342 2223 400; x_wconf 54' lang='grc' dir='ltr'>ᾞζῗῑςξζῖξῖω</span> 
     </span>
     <span class='ocr_line' id='line_1_50' title="bbox 1275 403 2024 450; baseline 0.001 -13"><span class='ocrx_word' id='word_1_246' title='bbox 1275 416 1345 438; x_wconf 84' lang='lat' dir='ltr'>runi</span> <span class='ocrx_word' id='word_1_247' title='bbox 1374 410 1611 449; x_wconf 83' lang='lat' dir='ltr'>contemptum;</span> <span class='ocrx_word' id='word_1_248' title='bbox 1639 403 1802 450; x_wconf 88' lang='lat' dir='ltr'>cupientes</span> <span class='ocrx_word' id='word_1_249' title='bbox 1834 411 1938 438; x_wconf 87' lang='lat' dir='ltr'>autem</span> <span class='ocrx_word' id='word_1_250' title='bbox 1971 403 2024 438; x_wconf 87' lang='lat' dir='ltr'>tali</span> 
     </span>
     <span class='ocr_line' id='line_1_51' title="bbox 1274 452 2026 500; baseline 0 -12"><span class='ocrx_word' id='word_1_251' title='bbox 1274 452 1459 488; x_wconf 79' lang='lat' dir='ltr'>absurditati</span> <span class='ocrx_word' id='word_1_252' title='bbox 1472 460 1649 500; x_wconf 88' lang='lat' dir='ltr'>opportune</span> <span class='ocrx_word' id='word_1_253' title='bbox 1665 452 1939 500; x_wconf 81' lang='lat' dir='ltr'>providere,motu</span> <span class='ocrx_word' id='word_1_254' title='bbox 1958 465 2026 500; x_wconf 85' lang='lat' dir='ltr'>pro-</span> 
     </span>
     <span class='ocr_line' id='line_1_52' title="bbox 1275 502 2024 550; baseline 0.001 -13"><span class='ocrx_word' id='word_1_255' title='bbox 1275 503 1344 550; x_wconf 91' lang='lat' dir='ltr'>prio</span> <span class='ocrx_word' id='word_1_256' title='bbox 1359 510 1387 537; x_wconf 88' lang='lat' dir='ltr'>et</span> <span class='ocrx_word' id='word_1_257' title='bbox 1404 514 1440 537; x_wconf 79' lang='lat' dir='ltr'>ex</span> <span class='ocrx_word' id='word_1_258' title='bbox 1456 510 1539 537; x_wconf 92' lang='lat' dir='ltr'>certa</span> <span class='ocrx_word' id='word_1_259' title='bbox 1564 511 1667 537; x_wconf 89' lang='lat' dir='ltr'>nostra</span> <span class='ocrx_word' id='word_1_260' title='bbox 1693 502 1834 543; x_wconf 82' lang='lat' dir='ltr'>scientia,</span> <span class='ocrx_word' id='word_1_261' title='bbox 1856 502 1915 537; x_wconf 86' lang='lat' dir='ltr'>hac</span> <span class='ocrx_word' id='word_1_262' title='bbox 1931 514 2024 550; x_wconf 86' lang='lat' dir='ltr'>prae·-</span> 
     </span>
     <span class='ocr_line' id='line_1_53' title="bbox 1275 552 2026 600; baseline 0.001 -14"><span class='ocrx_word' id='word_1_263' title='bbox 1275 552 1353 587; x_wconf 89' lang='lat' dir='ltr'>senti</span> <span class='ocrx_word' id='word_1_264' title='bbox 1382 560 1488 587; x_wconf 90' lang='lat' dir='ltr'>nostra</span> <span class='ocrx_word' id='word_1_265' title='bbox 1512 552 1542 586; x_wconf 93' lang='lat' dir='ltr'>in</span> <span class='ocrx_word' id='word_1_266' title='bbox 1574 560 1762 600; x_wconf 84' lang='lat' dir='ltr'>perpetuum</span> <span class='ocrx_word' id='word_1_267' title='bbox 1791 553 1918 587; x_wconf 86' lang='lat' dir='ltr'>valitura</span> <span class='ocrx_word' id='word_1_268' title='bbox 1947 564 2026 587; x_wconf 90' lang='lat' dir='ltr'>con-</span> 
     </span>
     <span class='ocr_line' id='line_1_54' title="bbox 1274 601 2026 650; baseline 0 -13"><span class='ocrx_word' id='word_1_269' title='bbox 1274 602 1437 637; x_wconf 90' lang='lat' dir='ltr'>stitutione</span> <span class='ocrx_word' id='word_1_270' title='bbox 1477 601 1659 637; x_wconf 89' lang='lat' dir='ltr'>ordinamus</span> <span class='ocrx_word' id='word_1_271' title='bbox 1692 610 1786 650; x_wconf 88' lang='lat' dir='ltr'>atque</span> <span class='ocrx_word' id='word_1_272' title='bbox 1826 601 2026 637; x_wconf 90' lang='lat' dir='ltr'>decernimus</span> 
     </span>
     <span class='ocr_line' id='line_1_55' title="bbox 1276 651 2026 699; baseline 0 -13"><span class='ocrx_word' id='word_1_273' title='bbox 1276 652 1359 699; x_wconf 90' lang='lat' dir='ltr'>quod</span> <span class='ocrx_word' id='word_1_274' title='bbox 1375 653 1568 699; x_wconf 88' lang='lat' dir='ltr'>quicumque</span> <span class='ocrx_word' id='word_1_275' title='bbox 1581 651 1617 686; x_wconf 91' lang='lat' dir='ltr'>ad</span> <span class='ocrx_word' id='word_1_276' title='bbox 1641 651 1778 698; x_wconf 85' lang='lat' dir='ltr'>aliquam</span> <span class='ocrx_word' id='word_1_277' title='bbox 1801 663 1837 686; x_wconf 81' lang='lat' dir='ltr'>ex</span> <span class='ocrx_word' id='word_1_278' title='bbox 1860 651 1953 686; x_wconf 81' lang='lat' dir='ltr'>dictis</span> <span class='ocrx_word' id='word_1_279' title='bbox 1969 651 2026 686; x_wconf 89' lang='lat' dir='ltr'>di-</span> 
     </span>
     <span class='ocr_line' id='line_1_56' title="bbox 1274 700 2027 748; baseline 0 -13"><span class='ocrx_word' id='word_1_280' title='bbox 1274 702 1446 748; x_wconf 80' lang='lat' dir='ltr'>gnitatibus</span> <span class='ocrx_word' id='word_1_281' title='bbox 1468 702 1497 735; x_wconf 87' lang='lat' dir='ltr'>in</span> <span class='ocrx_word' id='word_1_282' title='bbox 1515 701 1654 741; x_wconf 90' lang='lat' dir='ltr'>titulum,</span> <span class='ocrx_word' id='word_1_283' title='bbox 1677 700 1910 745; x_wconf 85' lang='lat' dir='ltr'>commendam,</span> <span class='ocrx_word' id='word_1_284' title='bbox 1929 701 2027 735; x_wconf 86' lang='lat' dir='ltr'>admi-</span> 
     </span>
     <span class='ocr_line' id='line_1_57' title="bbox 1275 750 2026 798; baseline 0 -13"><span class='ocrx_word' id='word_1_285' title='bbox 1275 752 1504 792; x_wconf 87' lang='lat' dir='ltr'>nistrationem,</span> <span class='ocrx_word' id='word_1_286' title='bbox 1519 751 1667 786; x_wconf 91' lang='lat' dir='ltr'>unionem</span> <span class='ocrx_word' id='word_1_287' title='bbox 1679 751 1883 798; x_wconf 84' lang='lat' dir='ltr'>temporalem</span> <span class='ocrx_word' id='word_1_288' title='bbox 1895 758 1925 785; x_wconf 92' lang='lat' dir='ltr'>et</span> <span class='ocrx_word' id='word_1_289' title='bbox 1935 750 2026 785; x_wconf 87' lang='lat' dir='ltr'>coad-</span> 
     </span>
     <span class='ocr_line' id='line_1_58' title="bbox 1276 811 2024 848; baseline 0 -13"><span class='ocrx_word' id='word_1_290' title='bbox 1276 811 1419 835; x_wconf 82' lang='lat' dir='ltr'>iutoriam</span> <span class='ocrx_word' id='word_1_291' title='bbox 1453 812 1525 835; x_wconf 91' lang='lat' dir='ltr'>cum</span> <span class='ocrx_word' id='word_1_292' title='bbox 1555 812 1777 842; x_wconf 80' lang='lat' dir='ltr'>successione,</span> <span class='ocrx_word' id='word_1_293' title='bbox 1799 813 1854 835; x_wconf 91' lang='lat' dir='ltr'>seu</span> <span class='ocrx_word' id='word_1_294' title='bbox 1879 812 2024 848; x_wconf 84' lang='lat' dir='ltr'>quamvis</span> 
     </span>
     <span class='ocr_line' id='line_1_59' title="bbox 1274 850 2023 898; baseline -0.003 -12"><span class='ocrx_word' id='word_1_295' title='bbox 1274 850 1364 886; x_wconf 90' lang='lat' dir='ltr'>aliam</span> <span class='ocrx_word' id='word_1_296' title='bbox 1389 850 1648 898; x_wconf 85' lang='lat' dir='ltr'>dispositionem,</span> <span class='ocrx_word' id='word_1_297' title='bbox 1676 850 1768 885; x_wconf 87' lang='lat' dir='ltr'>ctiam</span> <span class='ocrx_word' id='word_1_298' title='bbox 1795 850 1832 885; x_wconf 89' lang='lat' dir='ltr'>ad</span> <span class='ocrx_word' id='word_1_299' title='bbox 1857 850 2023 885; x_wconf 86' lang='lat' dir='ltr'>ecclesiam</span> 
     </span>
     <span class='ocr_line' id='line_1_60' title="bbox 1274 900 2026 949; baseline 0 -14"><span class='ocrx_word' id='word_1_300' title='bbox 1274 901 1432 935; x_wconf 91' lang='lat' dir='ltr'>titularem</span> <span class='ocrx_word' id='word_1_301' title='bbox 1457 900 1486 934; x_wconf 92' lang='lat' dir='ltr'>in</span> <span class='ocrx_word' id='word_1_302' title='bbox 1511 900 1653 949; x_wconf 83' lang='lat' dir='ltr'>partibus</span> <span class='ocrx_word' id='word_1_303' title='bbox 1677 900 1848 935; x_wconf 79' lang='lat' dir='ltr'>infidelium</span> <span class='ocrx_word' id='word_1_304' title='bbox 1873 900 2026 936; x_wconf 87' lang='lat' dir='ltr'>constitu-</span> 
     </span>
     <span class='ocr_line' id='line_1_61' title="bbox 1274 950 2023 998; baseline 0.001 -14"><span class='ocrx_word' id='word_1_305' title='bbox 1274 958 1350 995; x_wconf 85' lang='lat' dir='ltr'>tam,</span> <span class='ocrx_word' id='word_1_306' title='bbox 1373 959 1535 998; x_wconf 90' lang='lat' dir='ltr'>promotus</span> <span class='ocrx_word' id='word_1_307' title='bbox 1563 950 1669 990; x_wconf 83' lang='lat' dir='ltr'>fuerit,</span> <span class='ocrx_word' id='word_1_308' title='bbox 1684 958 1713 985; x_wconf 91' lang='lat' dir='ltr'>et</span> <span class='ocrx_word' id='word_1_309' title='bbox 1730 951 1796 997; x_wconf 89' lang='lat' dir='ltr'>ipse</span> <span class='ocrx_word' id='word_1_310' title='bbox 1818 962 1970 998; x_wconf 85' lang='lat' dir='ltr'>praesens</span> <span class='ocrx_word' id='word_1_311' title='bbox 1993 950 2023 985; x_wconf 93' lang='lat' dir='ltr'>in</span> 
     </span>
     <span class='ocr_line' id='line_1_62' title="bbox 1273 1000 2024 1042; baseline -0.001 -7"><span class='ocrx_word' id='word_1_312' title='bbox 1273 1000 1416 1036; x_wconf 90' lang='lat' dir='ltr'>Romana</span> <span class='ocrx_word' id='word_1_313' title='bbox 1431 1000 1526 1035; x_wconf 88' lang='lat' dir='ltr'>Curia</span> <span class='ocrx_word' id='word_1_314' title='bbox 1541 1000 1687 1042; x_wconf 83' lang='lat' dir='ltr'>extiterit,</span> <span class='ocrx_word' id='word_1_315' title='bbox 1698 1008 1840 1035; x_wconf 89' lang='lat' dir='ltr'>teneatur</span> <span class='ocrx_word' id='word_1_316' title='bbox 1856 1008 1885 1035; x_wconf 87' lang='lat' dir='ltr'>et</span> <span class='ocrx_word' id='word_1_317' title='bbox 1901 1000 2024 1041; x_wconf 77' lang='lat' dir='ltr'>debeat,</span> 
     </span>
     <span class='ocr_line' id='line_1_63' title="bbox 1273 1049 2024 1098; baseline 0 -13"><span class='ocrx_word' id='word_1_318' title='bbox 1273 1050 1334 1085; x_wconf 90' lang='lat' dir='ltr'>sub</span> <span class='ocrx_word' id='word_1_319' title='bbox 1357 1050 1442 1085; x_wconf 88' lang='lat' dir='ltr'>mille</span> <span class='ocrx_word' id='word_1_320' title='bbox 1465 1050 1663 1091; x_wconf 76' lang='lat' dir='ltr'>ducatorum,</span> <span class='ocrx_word' id='word_1_321' title='bbox 1693 1063 1748 1098; x_wconf 89' lang='lat' dir='ltr'>pro</span> <span class='ocrx_word' id='word_1_322' title='bbox 1770 1050 1937 1085; x_wconf 89' lang='lat' dir='ltr'>medietate</span> <span class='ocrx_word' id='word_1_323' title='bbox 1960 1049 2024 1085; x_wconf 85' lang='lat' dir='ltr'>Ca-</span> 
     </span>
     <span class='ocr_line' id='line_1_64' title="bbox 1274 1100 2024 1148; baseline -0.001 -13"><span class='ocrx_word' id='word_1_324' title='bbox 1274 1112 1378 1135; x_wconf 88' lang='lat' dir='ltr'>merae</span> <span class='ocrx_word' id='word_1_325' title='bbox 1402 1100 1627 1147; x_wconf 81' lang='lat' dir='ltr'>Apostolicae,</span> <span class='ocrx_word' id='word_1_326' title='bbox 1659 1109 1688 1135; x_wconf 84' lang='lat' dir='ltr'>et</span> <span class='ocrx_word' id='word_1_327' title='bbox 1717 1112 1776 1135; x_wconf 89' lang='lat' dir='ltr'>una</span> <span class='ocrx_word' id='word_1_328' title='bbox 1807 1109 1914 1148; x_wconf 88' lang='lat' dir='ltr'>quarta</span> <span class='ocrx_word' id='word_1_329' title='bbox 1939 1107 2024 1148; x_wconf 86' lang='lat' dir='ltr'>parte</span> 
     </span>
     <span class='ocr_line' id='line_1_65' title="bbox 1274 1150 2025 1186; baseline 0 -2"><span class='ocrx_word' id='word_1_330' title='bbox 1274 1151 1397 1185; x_wconf 86' lang='lat' dir='ltr'>dilectis</span> <span class='ocrx_word' id='word_1_331' title='bbox 1420 1150 1492 1185; x_wconf 83' lang='lat' dir='ltr'>liliis</span> <span class='ocrx_word' id='word_1_332' title='bbox 1513 1151 1636 1186; x_wconf 87' lang='lat' dir='ltr'>clericis</span> <span class='ocrx_word' id='word_1_333' title='bbox 1659 1151 1928 1185; x_wconf 87' lang='lat' dir='ltr'>caeremoniarum</span> <span class='ocrx_word' id='word_1_334' title='bbox 1957 1162 2025 1185; x_wconf 91' lang='lat' dir='ltr'>ma-</span> 
     </span>
     <span class='ocr_line' id='line_1_66' title="bbox 1273 1199 2025 1248; baseline 0 -14"><span class='ocrx_word' id='word_1_335' title='bbox 1273 1201 1394 1247; x_wconf 76' lang='lat' dir='ltr'>gistris,</span> <span class='ocrx_word' id='word_1_336' title='bbox 1419 1200 1513 1235; x_wconf 87' lang='lat' dir='ltr'>altera</span> <span class='ocrx_word' id='word_1_337' title='bbox 1537 1213 1608 1235; x_wconf 78' lang='lat' dir='ltr'>vero</span> <span class='ocrx_word' id='word_1_338' title='bbox 1638 1208 1748 1248; x_wconf 90' lang='lat' dir='ltr'>quarta</span> <span class='ocrx_word' id='word_1_339' title='bbox 1778 1208 1863 1247; x_wconf 88' lang='lat' dir='ltr'>parte</span> <span class='ocrx_word' id='word_1_340' title='bbox 1885 1199 2025 1247; x_wconf 89' lang='lat' dir='ltr'>disposi-</span> 
     </span>
     <span class='ocr_line' id='line_1_67' title="bbox 1274 1248 2025 1298; baseline -0.001 -14"><span class='ocrx_word' id='word_1_341' title='bbox 1274 1250 1350 1284; x_wconf 91' lang='lat' dir='ltr'>tioni</span> <span class='ocrx_word' id='word_1_342' title='bbox 1380 1250 1588 1297; x_wconf 84' lang='lat' dir='ltr'>praesidentis</span> <span class='ocrx_word' id='word_1_343' title='bbox 1623 1250 1722 1298; x_wconf 87' lang='lat' dir='ltr'>ipsius</span> <span class='ocrx_word' id='word_1_344' title='bbox 1748 1248 1900 1284; x_wconf 83' lang='lat' dir='ltr'>Gamerae</span> <span class='ocrx_word' id='word_1_345' title='bbox 1921 1248 2025 1297; x_wconf 90' lang='lat' dir='ltr'>appli-</span> 
     </span>
     <span class='ocr_line' id='line_1_68' title="bbox 1273 1298 2024 1340; baseline -0.001 -6"><span class='ocrx_word' id='word_1_346' title='bbox 1273 1298 2024 1340; x_wconf 85' lang='lat' dir='ltr'>candorum,necnonexcommunicationislatae</span> 
     </span>
     <span class='ocr_line' id='line_1_69' title="bbox 1273 1347 2023 1397; baseline -0.001 -13"><span class='ocrx_word' id='word_1_347' title='bbox 1273 1350 1447 1385; x_wconf 87' lang='lat' dir='ltr'>sententiae</span> <span class='ocrx_word' id='word_1_348' title='bbox 1470 1350 1592 1397; x_wconf 83' lang='lat' dir='ltr'>poenis,</span> <span class='ocrx_word' id='word_1_349' title='bbox 1616 1350 1645 1384; x_wconf 88' lang='lat' dir='ltr'>in</span> <span class='ocrx_word' id='word_1_350' title='bbox 1674 1348 1820 1384; x_wconf 87' lang='lat' dir='ltr'>manibus</span> <span class='ocrx_word' id='word_1_351' title='bbox 1841 1349 1945 1384; x_wconf 89' lang='lat' dir='ltr'>dilecti</span> <span class='ocrx_word' id='word_1_352' title='bbox 1967 1347 2023 1383; x_wconf 87' lang='lat' dir='ltr'>filii</span> 
     </span>
     <span class='ocr_line' id='line_1_70' title="bbox 1275 1397 2026 1447; baseline -0.001 -13"><span class='ocrx_word' id='word_1_353' title='bbox 1275 1399 1371 1435; x_wconf 91' lang='lat' dir='ltr'>nostri</span> <span class='ocrx_word' id='word_1_354' title='bbox 1396 1400 1507 1447; x_wconf 88' lang='lat' dir='ltr'>prioris</span> <span class='ocrx_word' id='word_1_355' title='bbox 1535 1399 1740 1435; x_wconf 87' lang='lat' dir='ltr'>diaconorum</span> <span class='ocrx_word' id='word_1_356' title='bbox 1766 1398 1800 1433; x_wconf 89' lang='lat' dir='ltr'>S.</span> <span class='ocrx_word' id='word_1_357' title='bbox 1822 1397 1862 1433; x_wconf 76' lang='lat' dir='ltr'>R.</span> <span class='ocrx_word' id='word_1_358' title='bbox 1890 1397 1926 1433; x_wconf 88' lang='lat' dir='ltr'>E.</span> <span class='ocrx_word' id='word_1_359' title='bbox 1954 1410 2026 1433; x_wconf 89' lang='lat' dir='ltr'>car-</span> 
     </span>
     <span class='ocr_line' id='line_1_71' title="bbox 1272 1447 2023 1498; baseline -0.001 -15"><span class='ocrx_word' id='word_1_360' title='bbox 1272 1449 1425 1484; x_wconf 87' lang='lat' dir='ltr'>dinalium</span> <span class='ocrx_word' id='word_1_361' title='bbox 1464 1462 1520 1497; x_wconf 88' lang='lat' dir='ltr'>pro</span> <span class='ocrx_word' id='word_1_362' title='bbox 1555 1458 1697 1498; x_wconf 84' lang='lat' dir='ltr'>tempore</span> <span class='ocrx_word' id='word_1_363' title='bbox 1728 1448 1907 1493; x_wconf 82' lang='lat' dir='ltr'>existentis,</span> <span class='ocrx_word' id='word_1_364' title='bbox 1944 1447 2023 1483; x_wconf 84' lang='lat' dir='ltr'>infra</span> 
     </span>
     <span class='ocr_line' id='line_1_72' title="bbox 1273 1498 2023 1547; baseline -0.001 -13"><span class='ocrx_word' id='word_1_365' title='bbox 1273 1511 1414 1534; x_wconf 87' lang='lat' dir='ltr'>mensem</span> <span class='ocrx_word' id='word_1_366' title='bbox 1431 1512 1445 1534; x_wconf 89' lang='lat' dir='ltr'>a</span> <span class='ocrx_word' id='word_1_367' title='bbox 1465 1500 1516 1534; x_wconf 93' lang='lat' dir='ltr'>die</span> <span class='ocrx_word' id='word_1_368' title='bbox 1536 1499 1741 1547; x_wconf 87' lang='lat' dir='ltr'>promotionis</span> <span class='ocrx_word' id='word_1_369' title='bbox 1763 1498 2023 1546; x_wconf 84' lang='lat' dir='ltr'>computandum,</span> 
     </span>
     <span class='ocr_line' id='line_1_73' title="bbox 1274 1549 2023 1585; baseline 0.001 -2"><span class='ocrx_word' id='word_1_370' title='bbox 1274 1558 1384 1585; x_wconf 77' lang='lat' dir='ltr'>vocato</span> <span class='ocrx_word' id='word_1_371' title='bbox 1407 1562 1470 1584; x_wconf 91' lang='lat' dir='ltr'>uno</span> <span class='ocrx_word' id='word_1_372' title='bbox 1492 1562 1528 1584; x_wconf 82' lang='lat' dir='ltr'>ex</span> <span class='ocrx_word' id='word_1_373' title='bbox 1548 1549 1641 1584; x_wconf 83' lang='lat' dir='ltr'>dictis</span> <span class='ocrx_word' id='word_1_374' title='bbox 1663 1549 1933 1583; x_wconf 88' lang='lat' dir='ltr'>caeremoniarum</span> <span class='ocrx_word' id='word_1_375' title='bbox 1955 1560 2023 1584; x_wconf 86' lang='lat' dir='ltr'>ma-</span> 
     </span>
     <span class='ocr_line' id='line_1_74' title="bbox 1273 1598 2024 1646; baseline 0 -13"><span class='ocrx_word' id='word_1_376' title='bbox 1273 1599 1392 1646; x_wconf 79' lang='lat' dir='ltr'>gistris,</span> <span class='ocrx_word' id='word_1_377' title='bbox 1413 1599 1497 1634; x_wconf 84' lang='lat' dir='ltr'>iuxta</span> <span class='ocrx_word' id='word_1_378' title='bbox 1513 1599 1776 1634; x_wconf 91' lang='lat' dir='ltr'>consuetudinem</span> <span class='ocrx_word' id='word_1_379' title='bbox 1794 1598 1948 1633; x_wconf 88' lang='lat' dir='ltr'>hactenus</span> <span class='ocrx_word' id='word_1_380' title='bbox 1963 1610 2024 1633; x_wconf 89' lang='lat' dir='ltr'>ser-</span> 
     </span>
     <span class='ocr_line' id='line_1_75' title="bbox 1274 1649 2023 1691; baseline 0.001 -8"><span class='ocrx_word' id='word_1_381' title='bbox 1274 1657 1386 1691; x_wconf 75' lang='lat' dir='ltr'>vatam,</span> <span class='ocrx_word' id='word_1_382' title='bbox 1410 1649 1440 1683; x_wconf 92' lang='lat' dir='ltr'>in</span> <span class='ocrx_word' id='word_1_383' title='bbox 1469 1649 1567 1684; x_wconf 88' lang='lat' dir='ltr'>forma</span> <span class='ocrx_word' id='word_1_384' title='bbox 1589 1650 1679 1684; x_wconf 86' lang='lat' dir='ltr'>solita</span> <span class='ocrx_word' id='word_1_385' title='bbox 1696 1649 1905 1684; x_wconf 89' lang='lat' dir='ltr'>iuramentum</span> <span class='ocrx_word' id='word_1_386' title='bbox 1934 1657 2023 1684; x_wconf 89' lang='lat' dir='ltr'>ante-</span> 
     </span>
     <span class='ocr_line' id='line_1_76' title="bbox 1273 1697 2267 1746; baseline 0 -13"><span class='ocrx_word' id='word_1_387' title='bbox 1273 1699 1391 1734; x_wconf 91' lang='lat' dir='ltr'>dictum</span> <span class='ocrx_word' id='word_1_388' title='bbox 1405 1707 1572 1746; x_wconf 86' lang='lat' dir='ltr'>praestare,</span> <span class='ocrx_word' id='word_1_389' title='bbox 1587 1708 1617 1734; x_wconf 90' lang='lat' dir='ltr'>et</span> <span class='ocrx_word' id='word_1_390' title='bbox 1638 1699 1728 1741; x_wconf 87' lang='lat' dir='ltr'>ultra,</span> <span class='ocrx_word' id='word_1_391' title='bbox 1749 1699 1774 1733; x_wconf 85' lang='lat' dir='ltr'>si</span> <span class='ocrx_word' id='word_1_392' title='bbox 1798 1698 1897 1734; x_wconf 82' lang='lat' dir='ltr'>facere</span> <span class='ocrx_word' id='word_1_393' title='bbox 1913 1697 2024 1745; x_wconf 78' lang='lat' dir='ltr'>negle-</span> <span class='ocrx_word' id='word_1_394' title='bbox 2261 1715 2267 1739; x_wconf 60' lang='grc' dir='ltr'><em>ρ</em></span> 
     </span>
     <span class='ocr_line' id='line_1_77' title="bbox 1273 1747 2022 1794; baseline -0.001 -11"><span class='ocrx_word' id='word_1_395' title='bbox 1273 1749 1364 1794; x_wconf 83' lang='lat' dir='ltr'>xerit,</span> <span class='ocrx_word' id='word_1_396' title='bbox 1378 1749 1525 1784; x_wconf 87' lang='lat' dir='ltr'>omnibus</span> <span class='ocrx_word' id='word_1_397' title='bbox 1540 1749 1692 1785; x_wconf 82' lang='lat' dir='ltr'>fructibus</span> <span class='ocrx_word' id='word_1_398' title='bbox 1717 1749 1868 1784; x_wconf 84' lang='lat' dir='ltr'>ecclesiae</span> <span class='ocrx_word' id='word_1_399' title='bbox 1895 1760 1950 1783; x_wconf 91' lang='lat' dir='ltr'>seu</span> <span class='ocrx_word' id='word_1_400' title='bbox 1970 1747 2022 1783; x_wconf 90' lang='lat' dir='ltr'>ab·</span> 
     </span>
     <span class='ocr_line' id='line_1_78' title="bbox 1274 1798 2024 1847; baseline -0.001 -14"><span class='ocrx_word' id='word_1_401' title='bbox 1274 1799 1388 1844; x_wconf 85' lang='lat' dir='ltr'>batiae,</span> <span class='ocrx_word' id='word_1_402' title='bbox 1411 1799 1447 1834; x_wconf 87' lang='lat' dir='ltr'>ad</span> <span class='ocrx_word' id='word_1_403' title='bbox 1471 1812 1564 1847; x_wconf 89' lang='lat' dir='ltr'>quam</span> <span class='ocrx_word' id='word_1_404' title='bbox 1588 1806 1750 1847; x_wconf 86' lang='lat' dir='ltr'>promotus</span> <span class='ocrx_word' id='word_1_405' title='bbox 1774 1798 1886 1841; x_wconf 81' lang='lat' dir='ltr'>fuerit,</span> <span class='ocrx_word' id='word_1_406' title='bbox 1909 1805 2024 1842; x_wconf 89' lang='lat' dir='ltr'>careat,</span> 
     </span>
     <span class='ocr_line' id='line_1_79' title="bbox 1273 1848 2025 1896; baseline -0.001 -13"><span class='ocrx_word' id='word_1_407' title='bbox 1273 1848 1375 1884; x_wconf 89' lang='lat' dir='ltr'>donec</span> <span class='ocrx_word' id='word_1_408' title='bbox 1402 1849 1612 1884; x_wconf 89' lang='lat' dir='ltr'>iuramentum</span> <span class='ocrx_word' id='word_1_409' title='bbox 1642 1849 1745 1896; x_wconf 85' lang='lat' dir='ltr'>ipsum</span> <span class='ocrx_word' id='word_1_410' title='bbox 1783 1848 1969 1896; x_wconf 83' lang='lat' dir='ltr'>praestiterit</span> <span class='ocrx_word' id='word_1_411' title='bbox 1994 1855 2025 1882; x_wconf 87' lang='lat' dir='ltr'>et</span> 
     </span>
     <span class='ocr_line' id='line_1_80' title="bbox 1274 1897 2023 1946; baseline -0.001 -13"><span class='ocrx_word' id='word_1_412' title='bbox 1274 1911 1405 1946; x_wconf 86' lang='lat' dir='ltr'>poenam</span> <span class='ocrx_word' id='word_1_413' title='bbox 1422 1900 1580 1934; x_wconf 82' lang='lat' dir='ltr'>incursam</span> <span class='ocrx_word' id='word_1_414' title='bbox 1603 1911 1674 1934; x_wconf 89' lang='lat' dir='ltr'>cum</span> <span class='ocrx_word' id='word_1_415' title='bbox 1698 1897 1809 1932; x_wconf 79' lang='lat' dir='ltr'>effectu</span> <span class='ocrx_word' id='word_1_416' title='bbox 1828 1897 2023 1945; x_wconf 80' lang='lat' dir='ltr'>persolverit.</span> 
     </span>
    </p>

    <p class='ocr_par' dir='ltr' id='par_1_26' title="bbox 1274 1948 2224 2044">
     <span class='ocr_line' id='line_1_81' title="bbox 1323 1948 2223 1996; baseline -0.001 -13"><span class='ocrx_word' id='word_1_417' title='bbox 1323 1948 1342 1996; x_wconf 67' lang='lat' dir='ltr'>g</span> <span class='ocrx_word' id='word_1_418' title='bbox 1365 1952 1396 1984; x_wconf 81' lang='lat'>5.</span> <span class='ocrx_word' id='word_1_419' title='bbox 1416 1949 1443 1983; x_wconf 87' lang='grc' dir='ltr'><strong>Α</strong></span> <span class='ocrx_word' id='word_1_420' title='bbox 1458 1948 1573 1996; x_wconf 88' lang='lat' dir='ltr'>quibus</span> <span class='ocrx_word' id='word_1_421' title='bbox 1590 1948 1767 1983; x_wconf 86' lang='lat' dir='ltr'>iuramento</span> <span class='ocrx_word' id='word_1_422' title='bbox 1781 1956 1810 1983; x_wconf 91' lang='lat' dir='ltr'>et</span> <span class='ocrx_word' id='word_1_423' title='bbox 1834 1959 1955 1995; x_wconf 87' lang='lat' dir='ltr'>poenae</span> <span class='ocrx_word' id='word_1_424' title='bbox 1971 1959 2025 1982; x_wconf 94' lang='lat' dir='ltr'>so-</span> <span class='ocrx_word' id='word_1_425' title='bbox 2056 1966 2087 1988; x_wconf 59' lang='lat' dir='ltr'>Ab</span> <span class='ocrx_word' id='word_1_426' title='bbox 2111 1971 2137 1988; x_wconf 52' lang='grc' dir='ltr'>ε,</span> <span class='ocrx_word' id='word_1_427' title='bbox 2159 1970 2223 1994; x_wconf 63' lang='grc' dir='ltr'>μ...</span> 
     </span>
     <span class='ocr_line' id='line_1_82' title="bbox 1274 1996 2224 2044; baseline -0.001 -12"><span class='ocrx_word' id='word_1_428' title='bbox 1274 1998 1395 2033; x_wconf 88' lang='lat' dir='ltr'>lutione</span> <span class='ocrx_word' id='word_1_429' title='bbox 1419 1999 1549 2033; x_wconf 86' lang='lat' dir='ltr'>minime</span> <span class='ocrx_word' id='word_1_430' title='bbox 1571 2010 1604 2033; x_wconf 88' lang='lat' dir='ltr'>se</span> <span class='ocrx_word' id='word_1_431' title='bbox 1627 2010 1778 2033; x_wconf 83' lang='lat' dir='ltr'>excusare</span> <span class='ocrx_word' id='word_1_432' title='bbox 1799 1997 1916 2041; x_wconf 76' lang='lat' dir='ltr'>valeat,</span> <span class='ocrx_word' id='word_1_433' title='bbox 1938 1996 2022 2044; x_wconf 91' lang='lat' dir='ltr'>quod</span> <span class='ocrx_word' id='word_1_434' title='bbox 2039 1999 2113 2019; x_wconf 51' lang='grc' dir='ltr'>ΝΜΟ</span> <span class='ocrx_word' id='word_1_435' title='bbox 2127 2004 2168 2020; x_wconf 77' lang='lat'>⁰⁰¹¹</span> <span class='ocrx_word' id='word_1_436' title='bbox 2185 2004 2224 2020; x_wconf 80' lang='lat'>⁶¹·</span> 
     </span>
    </p>
   </div>
   <div class='ocr_carea' id='block_1_18' title="bbox 1991 2029 2223 2053">
    <p class='ocr_par' dir='ltr' id='par_1_27' title="bbox 1991 2029 2223 2053">
     <span class='ocr_line' id='line_1_83' title="bbox 1991 2029 2223 2053; baseline 0 -3"><span class='ocrx_word' id='word_1_437' title='bbox 1991 2047 1996 2053; x_wconf 86' lang='lat'>.</span> <span class='ocrx_word' id='word_1_438' title='bbox 2039 2032 2099 2050; x_wconf 78' lang='lat' dir='ltr'>cusat</span> <span class='ocrx_word' id='word_1_439' title='bbox 2114 2029 2187 2051; x_wconf 71' lang='lat' dir='ltr'>litans</span> <span class='ocrx_word' id='word_1_440' title='bbox 2197 2036 2223 2050; x_wconf 75' lang='lat' dir='ltr'>a·</span> 
     </span>
    </p>
   </div>
   <div class='ocr_carea' id='block_1_19' title="bbox 1273 2047 2281 2631">
    <p class='ocr_par' dir='ltr' id='par_1_28' title="bbox 1273 2047 2281 2631">
     <span class='ocr_line' id='line_1_84' title="bbox 1274 2047 2223 2097; baseline -0.001 -15"><span class='ocrx_word' id='word_1_441' title='bbox 1274 2047 1379 2083; x_wconf 86' lang='lat' dir='ltr'>literas</span> <span class='ocrx_word' id='word_1_442' title='bbox 1402 2048 1611 2096; x_wconf 83' lang='lat' dir='ltr'>promotionis</span> <span class='ocrx_word' id='word_1_443' title='bbox 1633 2060 1708 2083; x_wconf 88' lang='lat' dir='ltr'>suae</span> <span class='ocrx_word' id='word_1_444' title='bbox 1731 2060 1794 2083; x_wconf 91' lang='lat' dir='ltr'>non</span> <span class='ocrx_word' id='word_1_445' title='bbox 1818 2047 2024 2095; x_wconf 81' lang='lat' dir='ltr'>expediverit,</span> <span class='ocrx_word' id='word_1_446' title='bbox 2038 2060 2153 2096; x_wconf 62' lang='lat' dir='ltr'>„pn-2110.-</span> <span class='ocrx_word' id='word_1_447' title='bbox 2171 2067 2223 2097; x_wconf 56' lang='grc' dir='ltr'>ρῳ-</span> 
     </span>
     <span class='ocr_line' id='line_1_85' title="bbox 1273 2092 2224 2151; baseline 0 -15"><span class='ocrx_word' id='word_1_448' title='bbox 1273 2114 1329 2136; x_wconf 88' lang='lat' dir='ltr'>seu</span> <span class='ocrx_word' id='word_1_449' title='bbox 1357 2102 1394 2137; x_wconf 90' lang='lat' dir='ltr'>ad</span> <span class='ocrx_word' id='word_1_450' title='bbox 1425 2102 1493 2137; x_wconf 85' lang='lat' dir='ltr'>illas</span> <span class='ocrx_word' id='word_1_451' title='bbox 1521 2102 1734 2150; x_wconf 83' lang='lat' dir='ltr'>expediendas</span> <span class='ocrx_word' id='word_1_452' title='bbox 1755 2102 1890 2150; x_wconf 87' lang='lat' dir='ltr'>aliquam</span> <span class='ocrx_word' id='word_1_453' title='bbox 1919 2100 2022 2137; x_wconf 81' lang='lat' dir='ltr'>forsan</span> <span class='ocrx_word' id='word_1_454' title='bbox 2038 2092 2224 2151; x_wconf 53' lang='lat' dir='ltr'>1¹0⁸&#39;ss&#39;2&#39;13ffl122m&#39;&#39;</span> 
     </span>
     <span class='ocr_line' id='line_1_86' title="bbox 1273 2155 2024 2192; baseline 0 -1"><span class='ocrx_word' id='word_1_455' title='bbox 1273 2168 1288 2191; x_wconf 90' lang='lat' dir='ltr'>a</span> <span class='ocrx_word' id='word_1_456' title='bbox 1313 2157 1405 2191; x_wconf 88' lang='lat' dir='ltr'>nobis</span> <span class='ocrx_word' id='word_1_457' title='bbox 1428 2156 1472 2192; x_wconf 86' lang='lat' dir='ltr'>vel</span> <span class='ocrx_word' id='word_1_458' title='bbox 1502 2156 1740 2192; x_wconf 85' lang='lat' dir='ltr'>successoribus</span> <span class='ocrx_word' id='word_1_459' title='bbox 1767 2156 1882 2191; x_wconf 89' lang='lat' dir='ltr'>nostris</span> <span class='ocrx_word' id='word_1_460' title='bbox 1904 2155 2024 2191; x_wconf 88' lang='lat' dir='ltr'>dilatio-</span> 
     </span>
     <span class='ocr_line' id='line_1_87' title="bbox 1275 2210 2024 2259; baseline -0.001 -13"><span class='ocrx_word' id='word_1_461' title='bbox 1275 2222 1346 2246; x_wconf 88' lang='lat' dir='ltr'>nem</span> <span class='ocrx_word' id='word_1_462' title='bbox 1361 2211 1545 2256; x_wconf 85' lang='lat' dir='ltr'>obtinuerit,</span> <span class='ocrx_word' id='word_1_463' title='bbox 1557 2224 1619 2259; x_wconf 91' lang='lat' dir='ltr'>qua</span> <span class='ocrx_word' id='word_1_464' title='bbox 1641 2211 1790 2246; x_wconf 85' lang='lat' dir='ltr'>dilatione</span> <span class='ocrx_word' id='word_1_465' title='bbox 1811 2210 1947 2257; x_wconf 84' lang='lat' dir='ltr'>gaudere</span> <span class='ocrx_word' id='word_1_466' title='bbox 1961 2211 2024 2245; x_wconf 91' lang='lat' dir='ltr'>mi-</span> 
     </span>
     <span class='ocr_line' id='line_1_88' title="bbox 1275 2264 2024 2312; baseline 0.003 -14"><span class='ocrx_word' id='word_1_467' title='bbox 1275 2266 1359 2300; x_wconf 89' lang='lat' dir='ltr'>nime</span> <span class='ocrx_word' id='word_1_468' title='bbox 1375 2266 1484 2312; x_wconf 86' lang='lat' dir='ltr'>possit,</span> <span class='ocrx_word' id='word_1_469' title='bbox 1503 2265 1562 2300; x_wconf 92' lang='lat' dir='ltr'>nisi</span> <span class='ocrx_word' id='word_1_470' title='bbox 1579 2265 1727 2311; x_wconf 78' lang='lat' dir='ltr'>obligatio</span> <span class='ocrx_word' id='word_1_471' title='bbox 1745 2265 1775 2298; x_wconf 85' lang='lat' dir='ltr'>in</span> <span class='ocrx_word' id='word_1_472' title='bbox 1790 2264 1920 2300; x_wconf 90' lang='lat' dir='ltr'>Camera</span> <span class='ocrx_word' id='word_1_473' title='bbox 1938 2277 2024 2312; x_wconf 89' lang='lat' dir='ltr'>prae·</span> 
     </span>
     <span class='ocr_line' id='line_1_89' title="bbox 1273 2318 2281 2380; baseline 0.001 -27"><span class='ocrx_word' id='word_1_474' title='bbox 1273 2319 1353 2354; x_wconf 89' lang='lat' dir='ltr'>dicta</span> <span class='ocrx_word' id='word_1_475' title='bbox 1369 2319 1528 2355; x_wconf 81' lang='lat' dir='ltr'>bancliarii</span> <span class='ocrx_word' id='word_1_476' title='bbox 1554 2319 1656 2354; x_wconf 87' lang='lat' dir='ltr'>idonei</span> <span class='ocrx_word' id='word_1_477' title='bbox 1678 2319 1715 2354; x_wconf 87' lang='lat' dir='ltr'>de</span> <span class='ocrx_word' id='word_1_478' title='bbox 1735 2318 1835 2354; x_wconf 87' lang='lat' dir='ltr'>bullas</span> <span class='ocrx_word' id='word_1_479' title='bbox 1851 2319 2024 2367; x_wconf 80' lang='lat' dir='ltr'>expedien-</span> <span class='ocrx_word' id='word_1_480' title='bbox 2278 2346 2281 2380; x_wconf 53' lang='lat'>1</span> 
     </span>
     <span class='ocr_line' id='line_1_90' title="bbox 1273 2372 2281 2418; baseline 0.003 -11"><span class='ocrx_word' id='word_1_481' title='bbox 1273 2372 1325 2418; x_wconf 84' lang='lat' dir='ltr'>do,</span> <span class='ocrx_word' id='word_1_482' title='bbox 1338 2382 1366 2408; x_wconf 88' lang='lat' dir='ltr'>et</span> <span class='ocrx_word' id='word_1_483' title='bbox 1382 2374 1446 2408; x_wconf 88' lang='lat' dir='ltr'>iura</span> <span class='ocrx_word' id='word_1_484' title='bbox 1462 2386 1516 2409; x_wconf 88' lang='lat' dir='ltr'>sua</span> <span class='ocrx_word' id='word_1_485' title='bbox 1534 2373 1685 2409; x_wconf 84' lang='lat' dir='ltr'>Gamerae</span> <span class='ocrx_word' id='word_1_486' title='bbox 1707 2381 1737 2408; x_wconf 90' lang='lat' dir='ltr'>et</span> <span class='ocrx_word' id='word_1_487' title='bbox 1759 2372 1946 2408; x_wconf 84' lang='lat' dir='ltr'>officialibus</span> <span class='ocrx_word' id='word_1_488' title='bbox 1959 2373 2024 2409; x_wconf 84' lang='lat' dir='ltr'>Ro-</span> <span class='ocrx_word' id='word_1_489' title='bbox 2280 2381 2281 2390; x_wconf 67' lang='lat'>¹</span> 
     </span>
     <span class='ocr_line' id='line_1_91' title="bbox 1273 2427 2021 2474; baseline 0.001 -13"><span class='ocrx_word' id='word_1_490' title='bbox 1273 2438 1383 2462; x_wconf 88' lang='lat' dir='ltr'>manae</span> <span class='ocrx_word' id='word_1_491' title='bbox 1410 2427 1524 2462; x_wconf 91' lang='lat' dir='ltr'>Curiae</span> <span class='ocrx_word' id='word_1_492' title='bbox 1552 2427 1702 2462; x_wconf 72' lang='lat' dir='ltr'>solvendo</span> <span class='ocrx_word' id='word_1_493' title='bbox 1730 2428 1943 2474; x_wconf 85' lang='lat' dir='ltr'>praecesserit,</span> <span class='ocrx_word' id='word_1_494' title='bbox 1973 2427 2021 2463; x_wconf 79' lang='lat' dir='ltr'>vel</span> 
     </span>
     <span class='ocr_line' id='line_1_92' title="bbox 1273 2482 2020 2530; baseline 0.004 -15"><span class='ocrx_word' id='word_1_495' title='bbox 1273 2482 1356 2527; x_wconf 90' lang='lat' dir='ltr'>quod</span> <span class='ocrx_word' id='word_1_496' title='bbox 1382 2483 1612 2530; x_wconf 87' lang='lat' dir='ltr'>possessionem</span> <span class='ocrx_word' id='word_1_497' title='bbox 1643 2495 1703 2517; x_wconf 93' lang='lat' dir='ltr'>non</span> <span class='ocrx_word' id='word_1_498' title='bbox 1728 2482 1818 2518; x_wconf 78' lang='lat' dir='ltr'>suerit</span> <span class='ocrx_word' id='word_1_499' title='bbox 1845 2491 2020 2524; x_wconf 86' lang='lat' dir='ltr'>assecutus,</span> 
     </span>
     <span class='ocr_line' id='line_1_93' title="bbox 1274 2536 1890 2584; baseline 0.003 -15"><span class='ocrx_word' id='word_1_500' title='bbox 1274 2546 1330 2569; x_wconf 89' lang='lat' dir='ltr'>nec</span> <span class='ocrx_word' id='word_1_501' title='bbox 1352 2537 1477 2583; x_wconf 87' lang='lat' dir='ltr'>assequi</span> <span class='ocrx_word' id='word_1_502' title='bbox 1501 2536 1603 2572; x_wconf 80' lang='lat' dir='ltr'>forsan</span> <span class='ocrx_word' id='word_1_503' title='bbox 1634 2549 1724 2584; x_wconf 84' lang='lat' dir='ltr'>posse</span> <span class='ocrx_word' id='word_1_504' title='bbox 1743 2536 1890 2572; x_wconf 84' lang='lat' dir='ltr'>confidat.</span> 
     </span>
     <span class='ocr_line' id='line_1_94' title="bbox 1322 2590 2216 2631; baseline 0.003 -8"><span class='ocrx_word' id='word_1_505' title='bbox 1322 2594 1336 2631; x_wconf 64' lang='lat' dir='ltr'>g</span> <span class='ocrx_word' id='word_1_506' title='bbox 1362 2592 1395 2623; x_wconf 71' lang='lat'>4.</span> <span class='ocrx_word' id='word_1_507' title='bbox 1419 2590 1457 2624; x_wconf 83' lang='lat' dir='ltr'>Et</span> <span class='ocrx_word' id='word_1_508' title='bbox 1486 2591 1691 2626; x_wconf 83' lang='lat' dir='ltr'>nihilominus</span> <span class='ocrx_word' id='word_1_509' title='bbox 1722 2590 1846 2626; x_wconf 89' lang='lat' dir='ltr'>dilectis</span> <span class='ocrx_word' id='word_1_510' title='bbox 1873 2590 1946 2626; x_wconf 85' lang='lat' dir='ltr'>filiis</span> <span class='ocrx_word' id='word_1_511' title='bbox 1968 2603 2021 2626; x_wconf 93' lang='lat' dir='ltr'>cu·</span> <span class='ocrx_word' id='word_1_512' title='bbox 2041 2604 2216 2628; x_wconf 71' lang='lat' dir='ltr'>nien-nonu-</span> 
     </span>
    </p>
   </div>
   <div class='ocr_carea' id='block_1_20' title="bbox 1273 2638 2216 2681">
    <p class='ocr_par' dir='ltr' id='par_1_29' title="bbox 1273 2638 2216 2681">
     <span class='ocr_line' id='line_1_95' title="bbox 1273 2638 2216 2681; baseline 0.001 -6"><span class='ocrx_word' id='word_1_513' title='bbox 1273 2643 1353 2676; x_wconf 85' lang='lat' dir='ltr'>stodi</span> <span class='ocrx_word' id='word_1_514' title='bbox 1391 2643 1602 2680; x_wconf 86' lang='lat' dir='ltr'>Cancellariae</span> <span class='ocrx_word' id='word_1_515' title='bbox 1634 2653 1756 2681; x_wconf 90' lang='lat' dir='ltr'>nostrae</span> <span class='ocrx_word' id='word_1_516' title='bbox 1778 2657 1814 2681; x_wconf 88' lang='lat' dir='ltr'>ac</span> <span class='ocrx_word' id='word_1_517' title='bbox 1836 2646 2018 2681; x_wconf 86' lang='lat' dir='ltr'>summistae</span> <span class='ocrx_word' id='word_1_518' title='bbox 2034 2638 2159 2665; x_wconf 69' lang='lat'>⁹⁸⁶⁵⁹¹¹⁸¹¹‘’</span> <span class='ocrx_word' id='word_1_519' title='bbox 2175 2638 2216 2659; x_wconf 76' lang='lat'>”¹¹¹</span> 
     </span>
    </p>
   </div>
  </div>
 </body>
</html>
