2281 3251
200 241 250 267 An.
268 240 295 267 C.
318 240 384 268 thO

201 1576 340 1603 Ιι.ιει-Ι,1ιιι-Λκ
350 1583 377 1596 ιι·-

243 1623 246 1626 .
271 1609 375 1633 volentes,

192 1640 375 1665 qui-prnleiiide·

212 2296 222 2307 u
247 2290 371 2309 «mimide-

448 228 519 261 276

398 294 487 329 ritate
509 302 538 329 et
562 302 713 340 potestate
734 293 902 328 statuimus
937 292 1019 338 quod
1045 304 1149 327 came-

398 343 498 379 rarius
519 352 549 378 et
578 342 717 389 magistri
742 342 869 389 praelati
899 341 1019 388 possint
1041 349 1071 375 et
1093 341 1149 376 de-

397 392 490 428 beant
536 392 684 427 dominos
726 391 892 426 domorum
935 390 1144 437 quarumlibet

397 441 492 477 locari
509 445 582 485 (non
605 450 709 476 autem
729 453 783 488 per
799 442 946 487 ipsosmet
971 439 1147 483 inhabitari)

396 492 572 530 solitarum,
587 491 815 525 ecclesiasticos
829 498 859 524 et
873 489 1062 532 saeculares,
1075 501 1148 534 qua-

396 553 534 587 cumque
561 541 711 586 dignitate
739 540 919 585 sungeutes,
958 537 1147 584 compellere

395 590 435 627 ad
466 590 665 625 vendendum
693 587 966 624 conservatoribus
987 599 1042 622 seu
1070 599 1145 634 syn-

395 639 466 674 dico
488 639 629 674 ciusdem
654 638 740 672 urhis
761 637 888 677 domus,
910 649 987 683 quas
1005 648 1146 671 camera-

396 689 461 723 rius
487 697 518 723 et
545 688 687 734 magistri
717 687 864 734 praefati,
892 686 1084 721 necessarias
1118 695 1144 720 et

399 738 490 772 utiles
528 749 598 772 esse
635 737 841 783 cognoverint
875 748 930 781 pro
965 735 1145 770 huiusmodi

395 787 505 833 plateis
541 786 580 821 de
616 798 698 821 novo
730 785 925 825 ordinandis
948 793 979 819 et
1006 785 1146 840 antiquis

393 835 602 870 reformandis
637 844 667 870 et
694 835 895 882 ampliandis,
920 846 975 880 pro
1009 835 1091 869 iusto
1117 844 1144 869 et

395 885 571 920 ΓῧΙΙΟΠὸΙ)ΙΙΙ
597 885 707 931 ΙΙΓΘΙΙΟ,
732 893 763 918 ΙΙΙ
793 883 1014 930 [ΙΙὶΙΟΪΙ]ΙΙΙΙΙΙΙΙ“,
1038 885 1146 931 llsspo-

395 934 510 969 neudo.
533 933 573 968 Et
595 934 740 968 similiter
762 934 799 967 ad
820 933 1018 967 vendendum
1035 933 1146 968 domos

394 983 643 1029 huiusmodiper
656 995 711 1018 eos
735 982 901 1017 inhabitari
922 983 1052 1017 minime
1069 982 1146 1017 soli-

395 1042 452 1073 tas,
474 1033 529 1067 sed
553 1033 662 1075 locari,
684 1044 764 1079 quas
787 1032 878 1067 utiles
901 1040 931 1066 et
955 1032 1146 1067 necessarias

393 1094 462 1117 esse
496 1082 690 1128 putaverint,
731 1093 787 1128 pro
822 1080 963 1127 palatiis,
997 1081 1146 1116 domibus

392 1144 446 1166 seu
470 1130 540 1166 aliis
563 1131 715 1166 aedificiis
732 1158 740 1171 ,
775 1138 835 1165 tam
861 1130 1030 1177 prophanis
1052 1143 1143 1177 quain

392 1180 636 1221 ecclesiasticis,
672 1180 702 1214 in
737 1179 847 1214 cadem
890 1179 965 1213 urbe.
1000 1179 1039 1214 de
1066 1192 1146 1214 novo

392 1229 628 1273 construendis,
641 1242 697 1263 scu
715 1231 774 1264 iam
791 1229 982 1264 constructis
992 1229 1143 1275 amplian-

392 1279 452 1322 dis,
466 1280 611 1326 persouis
627 1278 817 1313 habentibus
837 1279 917 1313 iuxta
934 1278 1003 1313 illas
1013 1278 1143 1312 domuin

392 1340 449 1363 seu
473 1328 576 1363 solum
591 1336 645 1363 aut
667 1328 769 1362 locum
790 1328 897 1367 alium,
914 1336 944 1362 et
967 1327 1145 1362 volentibus

394 1377 469 1411 inibi
486 1377 524 1412 de
539 1390 619 1412 novo
633 1376 746 1412 domos
767 1377 812 1411 vel
829 1376 940 1423 palatia
950 1384 1143 1412 construere.

392 1438 447 1461 seu
471 1426 532 1461 iam
556 1435 736 1461 constructa
754 1426 916 1472 ampliare,
941 1438 997 1472 pro
1017 1426 1097 1460 iusto
1115 1435 1143 1459 et

391 1475 569 1510 rationabili
594 1475 707 1522 pretio,
735 1482 767 1509 ut
790 1474 974 1521 praefertur,
998 1475 1141 1509 taxando,

440 1526 515 1568 §6.
544 1524 585 1559 Et
624 1525 706 1559 iuter
745 1524 826 1558 duos
873 1536 927 1559 seu
958 1523 1064 1570 plures
1098 1525 1142 1559 sic

391 1573 557 1609 aedificare
588 1585 642 1608 seu
670 1573 822 1620 ampliare
852 1573 1002 1613 volentes,
1030 1581 1061 1608 et
1088 1586 1143 1620 pro

392 1622 573 1658 huiusmodi
597 1623 777 1657 venditione
800 1623 845 1657 eis
869 1622 982 1663 fienda,
1009 1622 1046 1657 ad
1067 1622 1144 1657 elfe-

390 1680 475 1706 ctum
499 1673 708 1719 praemissum
738 1673 900 1711 instantes,
924 1672 1074 1718 illamque
1097 1673 1142 1706 eis

391 1721 456 1756 fieri
474 1729 627 1768 petentes,
650 1721 700 1755 ille
725 1721 926 1768 praeferatur,
950 1722 998 1755 cni
1015 1722 1140 1756 domus.

390 1770 491 1817 platea
506 1783 560 1806 seu
587 1771 687 1809 locus,
700 1770 738 1804 de
759 1771 850 1805 cuius
874 1771 1052 1805 venditione
1068 1782 1140 1816 age-

390 1828 485 1858 retur,
509 1820 608 1866 magis
630 1819 799 1857 adiacet-ei,
814 1832 868 1853 seu
893 1820 946 1865 qui
972 1819 1025 1853 illo
1042 1821 1141 1865 inagis

390 1868 556 1916 indigeret,
569 1877 653 1904 etex
667 1869 759 1903 cuius
774 1868 918 1902 aedilicio
942 1870 1011 1915 plus
1033 1868 1138 1904 decori

388 1918 530 1953 eiusdem
560 1918 646 1952 urbis
678 1917 800 1952 consuli
831 1927 1020 1963 speraretur.
1049 1918 1086 1952 Et
1115 1919 1138 1951 si

389 1967 418 2001 in
440 1967 590 2002 omuibus
614 1967 730 2014 paritas
752 1966 843 2010 soret,
864 1966 954 2001 liceat
968 1968 1140 2001 camerario

387 2027 416 2050 et
444 2016 602 2062 magistris
624 2016 768 2063 praefatis
791 2015 1002 2050 venditionem
1027 2016 1139 2050 huius-

388 2070 471 2105 modi
489 2083 543 2118 pro
563 2078 649 2118 parte
669 2071 721 2104 uni
738 2079 767 2105 et
783 2082 838 2117 pro
853 2079 939 2117 parte
960 2071 1047 2104 alteri
1072 2070 1136 2104 sieri

387 2124 546 2165 mandare,
572 2131 625 2159 aut
653 2136 762 2159 eorum
790 2123 901 2164 alteri,
936 2131 1027 2170 prout
1054 2124 1138 2158 vide—

388 2177 480 2212 bitur.

436 2237 451 2276 5
481 2237 511 2266 7.
538 2232 576 2266 Et
597 2232 627 2266 in
650 2231 785 2278 singulis
806 2231 933 2266 casibus
956 2230 1136 2278 praedietis,

388 2286 417 2322 in
444 2286 560 2333 quibus
587 2286 731 2320 volumus
763 2285 846 2332 quod
883 2284 1073 2319 camerarius
1107 2294 1134 2319 et

215 2385 244 2401 NJ
279 2387 287 2400 1
314 2326 345 2401 Ῐιζιῖ
360 2368 370 2401 ⁰.
388 2340 524 2386 magistri
541 2338 1135 2386 praelaticoinpellerepossintaliquos

187 2389 225 2400 ιἰι
250 2390 260 2400 ιι
292 2388 326 2400 cni
349 2388 357 2401 Γ

188 2416 318 2432 [(ῚῚΙδΙΠΙθΙ,

386 2394 423 2428 ad
448 2393 662 2437 vendendum,
681 2394 705 2428 si
727 2394 782 2437 illi,
797 2393 835 2428 ad
851 2405 931 2439 quos
953 2393 1134 2440 pertineret

387 2447 495 2482 moniti
511 2455 541 2482 et
563 2447 719 2494 requisiti,
735 2460 787 2493 per
801 2447 1007 2482 camerarium
1021 2454 1051 2481 et
1067 2458 1135 2480 uia-

385 2501 499 2547 gistros
529 2501 695 2548 prael'atOS,
723 2500 770 2535 bis
796 2512 867 2535 cnm
893 2500 1027 2534 termino
1058 2512 1135 2534 con-

387 2555 534 2598 venienti,
552 2566 660 2589 eorum
676 2554 806 2588 arbitrio
830 2553 1036 2593 moderando,
1060 2566 1135 2587 vcn-

386 2608 460 2643 dere
474 2608 694 2650 recusaverint,
708 2616 761 2643 aut
776 2607 930 2643 malitiose
945 2606 1134 2645 distulerint,

973 238 1158 261 nt'LtAntcn

1187 238 1348 261 nonum
1957 237 2006 263 An.
2025 236 2054 264 C.
2072 237 2140 263 ¹1:80

1194 292 1320 338 praelati
1349 292 1541 327 camerarius
1562 299 1592 326 et
1627 291 1764 338 magistri
1794 290 1941 328 debeant,

1192 342 1255 375 vice
1287 350 1316 376 et
1341 342 1469 376 nomine
1504 341 1628 375 illorum
1652 340 1695 375 sic
1718 341 1940 387 requisitorum

1190 398 1218 424 et
1242 391 1454 425 recusantium
1472 390 1763 429 veldill'ercntium,
1787 390 1942 423 venditio-

1191 452 1261 473 nem
1286 440 1470 474 huiusmodi
1496 440 1610 483 facere,
1632 451 1704 473 cum
1721 439 1942 486 promissioni-

1189 487 1260 532 hus,
1283 489 1540 534 obligationibus,
1570 488 1699 535 poenis,
1723 488 1942 522 renunciatio-

1190 537 1293 578 nibus,
1314 538 1501 576 iuramento„
1526 538 1624 584 pactis
1645 545 1675 571 et
1697 537 1848 572 clausulis
1862 549 1941 572 con-

1188 587 1298 626 suetis,
1313 595 1342 621 et
1359 587 1493 633 pretium
1509 587 1582 621 inde
1600 587 1789 633 proveniens
1801 587 1940 633 recipere

1171 643 1218 669 ·et
1243 647 1340 682 penes
1356 636 1465 670 aedem
1493 648 1627 675 sacram,
1642 644 1696 669 aut
1720 635 1779 670 [ide
1794 644 1824 670 et
1840 635 1938 670 sacul-

1190 685 1305 719 tatihus
1318 685 1460 720 idoneam
1475 697 1639 732 personam
1653 684 1822 730 deponere,
1835 684 1940 719 domi-

1190 734 1236 768 nis
1247 735 1361 769 doinus
1377 747 1430 769 seu
1445 734 1574 769 alterius
1589 734 1647 768 loci
1675 733 1720 768 sic
1748 746 1803 780 per
1816 746 1870 769 eos
1884 746 1940 781 pro

1189 791 1330 830 tempore
1368 783 1482 818 venditi
1511 784 1545 826 (si
1587 782 1798 817 venditionem
1840 783 1938 830 ipsam

1189 841 1284 867 iatam
1310 833 1424 867 hahere
1451 841 1482 867 et
1505 832 1707 867 fideiussores
1729 831 1768 866 de
1786 832 1939 867 evictione

1190 891 1346 927 praestare
1383 882 1537 916 voluerint
1565 890 1594 917 et
1629 893 1692 915 non
1720 881 1806 919 aliast
1834 882 1940 916 consi-

1187 931 1368 976 g;uanduni
1403 931 1602 978 habeantque
1625 931 1849 965 v'euditiones
1843 943 1939 977 ipsae

1188 993 1266 1026 quas
1304 982 1348 1015 sie
1384 993 1438 1027 per
1465 981 1671 1015 camerarium
1707 989 1738 1015 et
1774 980 1940 1026 magistros

1190 1030 1225 1063 tit·
1220 1029 1254 1063 ·ri
1277 1031 1485 1075 contingeret,
1505 1038 1533 1064 et
1557 1029 1741 1063 traditiones
1754 1029 1893 1063 locorum
1909 1039 1939 1064 et

1187 1078 1352 1114 domorum
1377 1080 1422 1114 sic
1451 1078 1648 1113 venditorum
1674 1079 1795 1124 plenam
1818 1078 1940 1113 roboris

1189 1128 1379 1169 firmitatem,
1402 1141 1436 1163 ac
1451 1129 1476 1162 si
1498 1140 1552 1174 per
1576 1128 1654 1167 illos,
1678 1127 1716 1162 ad
1731 1140 1810 1174 quos
1825 1127 1939 1162 domus

1189 1177 1273 1223 ipsae
1296 1186 1369 1213 tuuc
1393 1177 1604 1224 pertinebant,
1627 1177 1938 1216 sierent2eteosdem

1189 1227 1312 1272 penitus
1325 1236 1352 1261 et
1367 1227 1496 1261 omnino
1508 1235 1680 1272 operentur
1701 1225 1842 1271 effectus,
1859 1238 1939 1273 quos

1187 1285 1405 1322 operarentur,
1427 1277 1451 1309 si
1481 1276 1589 1309 tierent
1606 1275 1645 1310 ab
1667 1275 1799 1310 eisdem.

1235 1332 1250 1367 g
1278 1330 1310 1359 8.
1335 1325 1524 1359 provideant
1553 1334 1656 1359 antem
1692 1325 1885 1359 camerarius
1908 1333 1936 1359 et
1967 1338 2074 1358 imai-w
2100 1345 2124 1357 v..

1187 1375 1325 1420 magistri
1362 1374 1508 1420 praefati,
1537 1374 1565 1407 in
1595 1374 1720 1408 casibus
1757 1369 2136 1421 praedietis,{f}¹,¹¹fj‚m{⁸}fspff¹¹¹

1188 1424 1217 1457 iu
1241 1423 1356 1469 quihus
1383 1425 1550 1457 statuimus
1568 1424 1688 1469 aliquos
1710 1423 1856 1468 compelli
1879 1423 1938 1457 de-

1187 1472 1261 1507 bere
1289 1473 1324 1506 ad
1360 1472 1559 1506 vendendum
1586 1472 1837 1518 proponentibus
1860 1484 1938 1506 nova

1185 1521 1327 1556 aedilicia
1365 1530 1565 1560 construere,
1593 1533 1648 1556 seu
1678 1521 1736 1555 iatn
1761 1529 1937 1556 constructa

1185 1571 1335 1617 ampliare
1351 1571 1439 1611 velle,
1451 1579 1482 1604 ut
1497 1570 1571 1605 tales
1584 1571 1628 1604 sic
1643 1577 1853 1616 proponentes
1866 1578 1937 1604 ante

1185 1621 1289 1654 onmia
1309 1632 1341 1654 se
1364 1620 1501 1666 obligent
1517 1619 1554 1654 ad
1584 1619 1797 1654 inchoandum
1815 1627 1844 1654 et
1859 1631 1938 1666 per-

1186 1669 1356 1704 ficiendum
1371 1669 1556 1704 huiusmodi
1582 1680 1660 1703 nova
1676 1668 1817 1703 aedilicia
1833 1668 1937 1704 modis

1184 1726 1213 1752 ct
1235 1719 1355 1759 l'ormis,
1380 1731 1414 1753 ac
1435 1718 1511 1752 infra
1536 1728 1664 1764 tenipus
1680 1726 1709 1752 et
1731 1717 1791 1752 sub
1814 1718 1936 1765 poenis.

1183 1767 1222 1801 de
1256 1768 1372 1815 quibus
1407 1768 1481 1814 ipsis
1508 1768 1679 1802 camerario
1713 1775 1743 1802 et
1779 1768 1936 1813 magistris

1185 1819 1404 1861 (personarum
1434 1825 1464 1851 et
1485 1817 1702 1852 aedificiorum
1726 1816 1876 1871 qualitate
1893 1816 1934 1851 iu·

1183 1870 1300 1911 specta)
1328 1866 1493 1906 videbitur,
1517 1875 1546 1900 et
1575 1866 1614 1900 ab
1638 1866 1708 1909 iltis,
1744 1866 1797 1913 qui
1826 1865 1872 1900 sic
1899 1878 1934 1900 se

1182 1915 1409 1961 obliwavcrint,
1437 1924 1467 1949 et
1490 1915 1660 1970 praeniissa
1685 1926 1746 1949 nou
1769 1914 1933 1961 adimple—

1185 1965 1296 2005 v·etiut,
1317 1977 1434 2011 poenas
1449 1965 1575 2010 exigant
1591 1972 1790 2005 ineiuoratas;
1810 1972 1841 1998 et
1854 1964 1934 1998 nihi-

1182 2013 1321 2048 lominus
1343 2026 1397 2048 eos
1419 2014 1610 2060 compellant
1637 2014 1675 2048 ad
1699 2011 1930 2048 observandum

1182 2068 1350 2113 praemissa
1364 2080 1495 2115 percos,
1511 2068 1559 2103 vel
1577 2080 1654 2115 quas
1673 2067 1758 2114 prins
1777 2067 1931 2102 habebant

1180 2130 1209 2156 et
1243 2121 1335 2156 etiam
1373 2131 1536 2168 propterea
1571 2122 1616 2157 eis
1653 2121 1792 2155 venditas
1819 2120 1932 2155 domos

1179 2176 1246 2210 aliis
1265 2175 1430 2210 aedificare
1451 2174 1628 2210 volentibus
1657 2173 1859 2209 vendendum
1875 2185 1931 2220 pro

1181 2230 1262 2264 iusto
1289 2238 1319 2262 et
1347 2229 1524 2263 rationabili
1542 2229 1655 2276 pretio,
1684 2236 1717 2262 ut
1745 2227 1930 2275 praefertur,

1180 2283 1384 2318 moderando.

1227 2340 1300 2377 ξ9.
1324 2337 1363 2371 Et
1385 2337 1456 2383 quia
1483 2335 1639 2370 interdum
1670 2334 1823 2381 contingit
1844 2334 1928 2382 quod
1945 2377 1949 2397 Ι
1966 2345 2078 2397 ‘find‘ssff
2090 2352 2128 2397 '1⁰'

1952 2383 1977 2396 (ῚΙ
2005 2386 2020 2401 ,
2041 2383 2051 2397 e

1180 2390 1328 2425 hahentes
1347 2391 1470 2431 domos,
1485 2389 1550 2424 sive
1572 2389 1740 2423 domorum
1763 2388 1928 2431 sedimina,
1943 2410 2032 2428 ..0³02OE
2048 2408 2128 2428 vom-

1943 2444 1965 2458 re
1977 2438 2002 2457 vii
1999 2438 2060 2463 riuis,
2072 2437 2124 2458 ulla·

1177 2444 1311 2480 claustra
1339 2457 1394 2479 seu
1423 2444 1488 2478 loca
1517 2444 1546 2477 in
1569 2443 1678 2478 eadem
1704 2442 1780 2477 urbe
1815 2449 1845 2476 et
1878 2441 2058 2490 mauruntum
2084 2469 2125 2489 „m

1179 2499 1314 2533 vendere
1342 2498 1490 2537 volentes
1506 2497 1598 2532 variis
1621 2496 1808 2544 plerumque
1823 2495 1927 2530 modis
1940 2500 2128 2551 231113033520232

1177 2561 1207 2587 et
1229 2552 1446 2587 occasionibus
1469 2551 1518 2585 illa
1542 2550 1674 2585 vendere
1698 2557 1843 2585 recusant
1861 2549 1924 2584 ha-
1941 2566 1979 2582 se
1981 2564 2035 2582 mur.

1178 2606 1325 2641 bentibus
1347 2606 1470 2650 domos,
1492 2603 1658 2647 sediuiina,
1671 2604 1803 2639 claustra
1814 2611 1843 2638 et
1858 2602 1926 2638 loca

2254 750 2264 771 --
2250 702 2262 739 ἰν
2243 462 2265 687 ;.«;·φο-“ἢί.·ιυ”.“
2250 421 2264 453 ,(-

2256 1176 2267 1199 κ
2259 1163 2263 1167 -
2247 780 2267 1147 ..υλωᾼοώδι-ὂμιω-εώ

2263 1929 2269 1938 s
2263 1886 2269 1913 a&
2259 1822 2269 1863 02.
2252 1722 2269 1801 -ae-Ja-
2260 1687 2268 1709 ¹—
2252 1647 2266 1671 -’
