2281 3251
910 306 1011 329 mnnx
1034 305 1145 329 aarum
1677 294 1747 327 793

358 364 472 411 pellare
496 370 658 409 nequeunt
684 363 713 396 in
737 361 841 397 causis
868 360 1095 399 criminalibus,
1124 360 1183 395 nisi
1199 359 1279 395 sacto
1294 360 1437 406 deposito
1454 371 1571 405 poenae
1588 360 1795 405 pecuniariae,

357 415 426 448 417
451 414 478 447 b.
502 412 713 459 Praeceptum
737 412 795 446 bac
817 412 855 445 (le
879 423 910 445 re
931 410 1196 457 gubernatoribus
1214 418 1242 443 et
1262 410 1330 444 aliis
1357 409 1542 444 osticialilins
1561 410 1661 445 datur,
1688 411 1748 442 118
1766 423 1793 442 (1.

258 463 436 509 Margarita,
458 461 637 496 Britanniae
660 461 796 496 ducissa.
824 462 859 495 1⁷.
887 460 1090 504 Franciscus,
1116 459 1298 494 Britanniae
1325 459 1398 493 dux.

258 513 373 548 Mariae
397 510 457 555 (Β.)
481 510 519 545 de
541 510 699 554 Mercede,
720 509 962 557 Redemptionis
989 510 1196 556 captivorum,
1220 508 1328 543 fratres
1343 508 1378 541 ad
1394 506 1533 542 Ordines
1547 506 1795 542 Mendicantium

357 560 487 596 transire
515 572 576 594 non
602 569 747 606 possunt,
776 562 832 593 141
863 561 879 593 b
901 567 931 593 et
955 571 1013 604 seq.

259 611 374 645 Mariae
397 610 457 654 (B.)
481 609 518 644 de
545 610 651 644 Monte
679 609 824 644 Carmelo
848 608 974 642 fratrum
1000 607 1159 652 mitigatur
1185 606 1306 652 Regula
1323 633 1331 649 ,
1360 608 1381 640 ὃ
1410 619 1440 640 α.
1484 604 1689 640 01)»οννοηά3
1717 606 1797 640 circa

355 660 494 694 carnium
520 671 620 703 esum,
634 660 723 696 ibid:
739 659 932 692 mansionem
957 665 985 691 et
1005 656 1292 691 (leambulationem
1311 655 1340 688 in
1361 654 1518 698 claustris,
1532 656 1607 688 ibid.
1626 657 1652 689 b.
1670 654 1798 689 Fratres

355 709 391 743 ad
416 709 645 742 observantiam
675 707 863 754 antiquioris
885 705 1025 752 Regulae
1049 718 1109 739 non
1135 713 1292 743 tenentur,
1317 706 1403 744 ibid.;
1426 704 1586 738 concessis
1607 713 1698 738 autea
1728 704 1799 749 pri-

356 759 475 803 vilegiis
498 759 649 804 gaudent,
671 759 759 797 2'bt'‹l.;
783 756 1007 791 confessarium
1032 768 1067 788 ex
1098 755 1164 799 ipso
1182 753 1302 788 Ordine
1324 754 1384 787 sibi
1408 754 1538 797 eligunt,
1558 754 1633 787 ibid.
1652 752 1799 787 Facultas

357 807 539 841 huiusmodi
564 819 624 841 nou
649 807 836 851 suffragatur
855 804 1077 843 relabentibus,
1107 806 1127 837 (3
1149 816 1178 837 α.
1196 803 1399 837 Observanda
1422 804 1504 836 eirca
1522 802 1674 837 ieiunium
1693 810 1799 836 sextae

358 857 462 900 seriae,
485 858 561 890 ibid.
589 856 716 891 Fratres
737 856 776 889 ab
798 867 906 889 corum
931 854 1069 900 generali
1093 852 1266 899 dispensari
1286 861 1415 899 possunt
1439 863 1534 897 super
1557 852 1672 885 ieiunio
1695 860 1723 885 et
1741 864 1796 886 esu

356 906 510 946 carnium,
538 908 609 939 ⁶245
636 919 666 940 a.
694 904 890 940 Eorumdem
923 903 1052 937 facultas
1087 902 1298 935 consessorem
1337 909 1420 936 extra
1455 901 1608 935 Ordinem
1637 900 1799 947 eligendi,

359 956 522 1003 ipsiusque
541 963 692 1002 potestas,
718 956 793 989 ibid.
821 956 850 987 b.

257 1007 372 1042 Mariae
394 1005 454 1049 (B.)
468 1005 584 1039 Montis
607 1004 732 1043 Oliveti,
755 1003 883 1038 Ordinis
905 1002 938 1037 S.
966 1001 1141 1044 Benedicti,
1171 1000 1313 1034 monachi
1343 1000 1569 1035 confirmantur
1606 1000 1636 1034 in
1659 1000 1798 1047 antiquis

358 1054 538 1101 privilegii&
560 1062 589 1088 et
614 1054 701 1088 novis
720 1053 890 1095 donantur,
908 1053 976 1086 169
999 1053 1028 1084 b.
1057 1051 1184 1085 Eisdem
1209 1060 1444 1085 conservatores
1464 1049 1668 1096 deputantur,
1695 1058 1724 1083 ct
1747 1060 1800 1083 eo-

358 1117 425 1138 rum
449 1104 620 1137 auctoritasv
649 1103 843 1149 praefinitur,
871 1103 940 1135 41⁶.)
956 1103 983 1134 b.
999 1100 1164 1134 Monacbis
1179 1099 1237 1133 sibi
1253 1107 1489 1133 conservatores
1511 1099 1645 1144 eligendi
1668 1098 1799 1132 facultas

357 1153 461 1197 (latur,
478 1154 546 1186 414
564 1165 592 1186 a.
612 1152 653 1186 Et
674 1152 860 1199 ampliatur,
882 1152 956 1184 ibid.
982 1149 1141 1183 Institutio
1175 1148 1311 1181 duorum
1341 1161 1376 1182 ex
1402 1148 1546 1194 praelatis
1581 1148 1799 1193 congregatio·

358 1203 407 1236 nis
430 1203 510 1236 circa
535 1201 760 1243 venditionem,
783 1200 968 1234 locationem
1004 1206 1033 1232 et
1063 1198 1325 1244 permutationem
1356 1197 1510 1231 bonorum
1539 1197 1710 1233 stabilium.
1730 1198 1801 1230 445

356 1254 384 1286 b.
407 1251 533 1286 Fratres
561 1251 671 1284 iterum
695 1249 920 1285 confirmantur
955 1248 984 1281 in
1013 1247 1150 1292 antiquis
1177 1247 1301 1290 gratiis,
1329 1248 1400 1280 445
1428 1259 1457 1280 α.
1482 1246 1699 1290 Interpretatio
1726 1257 1800 1290 gra-

358 1303 470 1336 tiarum
496 1301 524 1333 in
555 1299 690 1334 favorem
718 1297 971 1344 congregationis
995 1296 1056 1335 liat,
1079 1298 1154 1330 ibid.
1177 1297 1204 1328 b.
1228 1294 1441 1341 Congregatio
1475 1304 1520 1329 est
1556 1307 1616 1328 una
1659 1295 1800 1327 omnium

359 1350 599 1389 monachorum,
621 1350 696 1382 ibid.
726 1348 758 1382 ln
782 1347 919 1394 capitulo
941 1346 1077 1391 generali
1102 1352 1214 1378 statuta
1244 1345 1308 1377 lieri
1338 1352 1489 1390 possunt,
1522 1344 1597 1377 ibid.
1633 1342 1802 1384 Quomodo

359 1399 516 1448 praelatus
540 1399 766 1432 monasterium
796 1397 963 1430 reformare
989 1395 1096 1441 possit,
1119 1397 1189 1429 446
1212 1406 1241 1427 α.
1270 1393 1400 1427 Praelati
1431 1392 1577 1427 obediant
1613 1392 1714 1425 abbati
1731 1419 1739 1434 ,
1773 1400 1803 1425 et

359 1449 408 1484 alii
429 1447 573 1483 monachi
598 1447 753 1493 praelatis,
775 1448 851 1480 ibid.
875 1444 1053 1492 Appellatio
1075 1456 1090 1478 a
1125 1442 1287 1490 praelitiS,
1321 1443 1458 1489 capitulo
1495 1450 1525 1476 et
1560 1441 1671 1476 abbate
1704 1440 1802 1474 dene-

359 1508 462 1546 getur,
490 1499 565 1532 ibid.
588 1496 762 1532 Translatio
791 1497 1017 1529 monachorum
1042 1494 1078 1528 ad
1102 1493 1194 1528 aliam
1210 1491 1410 1537 Religionem
1427 1492 1464 1525 (le
1479 1491 1581 1538 Papae
1597 1491 1720 1525 licentia
1736 1499 1804 1523 tan-

362 1559 425 1583 tum
450 1548 514 1592 fiat,
535 1549 611 1581 ibid.
639 1549 667 1581 b.
690 1546 911 1592 Apostatarum
936 1544 1074 1590 receptio
1090 1551 1220 1584 vetatur,
1236 1543 1310 1576 ibid.
1326 1542 1541 1576 Transeuntes
1563 1540 1600 1574 ad
1633 1540 1696 1574 loca
1726 1552 1804 1573 con-

364 1597 570 1640 ventualium,
597 1608 653 1643 pro
680 1595 944 1631 conventualibus
971 1593 1156 1632 habeantur,
1192 1593 1265 1627 ibid.
1302 1591 1424 1625 lndulta
1453 1590 1594 1633 prosint,
1630 1588 1802 1623 dummodo

365 1647 619 1694 congregationis
641 1644 920 1680 constitutionibus
943 1655 1004 1677 non
1027 1643 1090 1677 sint
1113 1641 1278 1683 contraria,
1293 1643 1363 1674 447
1382 1652 1411 1674 α.
1434 1639 1620 1674 Monasteria
1646 1650 1706 1672 non
1729 1646 1802 1672 sunt

365 1698 498 1732 invicem
516 1696 670 1736 subiecta,
692 1694 746 1729 sed
771 1694 904 1728 invicem
927 1692 1083 1739 copulata,
1105 1693 1180 1726 ibid.
1211 1691 1321 1736 anue
1350 1697 1501 1735 reguntur
1528 1700 1544 1722 a
1569 1688 1729 1734 praelatis,
1749 1688 1800 1733 qui

365 1747 523 1793 eliguntur
544 1758 560 1780 a
588 1744 738 1792 capitulo,
761 1744 806 1777 vel
830 1742 941 1777 abbate
963 1754 1035 1776 cum
1058 1741 1229 1787 deputatis,
1252 1747 1281 1773 ct
1308 1738 1346 1772 ab
1374 1738 1450 1784 ipsis
1478 1737 1629 1772 removeri
1654 1745 1802 1783 possunt,

362 1798 439 1831 ibid.
461 1795 561 1830 Electi
589 1794 692 1829 statim
716 1793 949 1834 administrant,
977 1792 1079 1837 iisque
1114 1790 1309 1828 absentibus.
1352 1788 1439 1822 alteri
1473 1787 1564 1820 datur
1601 1786 1802 1819 administra-

362 1847 416 1886 tio,
437 1847 513 1880 ibid.
530 1846 557 1879 b.
583 1844 632 1878 Ad
658 1855 739 1890 quos
760 1850 880 1889 spectet
900 1842 1090 1888 prioratuum
1117 1839 1258 1883 collatio,
1286 1838 1359 1871 ibid.
1388 1837 1599 1882 impedientes
1627 1835 1705 1868 lianc
1742 1834 1805 1868 Re-

363 1897 512 1943 ligionem
541 1894 680 1941 profiteri
703 1892 1030 1930 excommunicantur,
1071 1901 1169 1936 aeque
1191 1901 1225 1923 ac
1254 1894 1451 1922 assumentes
1473 1884 1650 1919 huiusmodi
1679 1885 1807 1929 religi«,-

363 1958 414 1979 sos
436 1944 472 1978 ad
497 1943 621 1991 propria
641 1942 780 1985 servitia,
808 1943 882 1975 ibid.
917 1938 1049 1974 Praelati
1085 1950 1230 1973 revocare
1258 1944 1390 1984 possunt
1417 1943 1501 1969 extra
1529 1934 1804 1979 congregationem

362 1995 556 2040 divagantes,
574 1995 646 2027 449
669 2005 699 2026 α.
716 1991 802 2026 Haec
816 1991 855 2025 ab
870 1990 1010 2025 omnium
1033 1988 1249 2022 iurisdictione
1265 1992 1464 2027 exoneratur,
1478 1985 1552 2018 ibid.
1568 1983 1718 2017 Eiusdem
1737 1994 1807 2015 mo-

361 2043 452 2078 nachi
483 2042 630 2088 compelli
656 2053 718 2075 non
737 2048 867 2087 possunt
889 2040 925 2074 ad
948 2037 1227 2074 administrandam
1252 2035 1466 2077 iustitiam,ad
1485 2033 1714 2080 processiones,
1729 2043 1807 2065 con-

363 2094 445 2136 cilia,
460 2100 526 2133 etc„
545 2093 615 2126 450
628 2103 658 2131 ας
677 2091 860 2124 eximuntur
878 2102 892 2123 a
912 2088 1043 2134 gabellis
1062 2088 1253 2134 principum,
1271 2093 1301 2119 et
1323 2096 1338 2118 a
1361 2083 1509 2121 decimis,
1538 2083 1610 2115 ibid.
1643 2084 1670 2114 b.
1713 2080 1807 2114 Prae-

363 2142 491 2189 scriptio
518 2153 561 2175 Lx
588 2152 741 2175 annorum
765 2138 983 2173 tantummodo
1006 2136 1239 2182 congregationi
1268 2134 1381 2176 obstat,
1405 2135 1468 2166 451
1502 2133 1529 2165 b.
1559 2130 1688 2164 Missam
1723 2129 1809 2163 cele-

363 2191 475 2226 brandi
497 2200 527 2226 et
549 2197 744 2224 sacramenta
770 2187 962 2234 suscipiendi
996 2195 1138 2232 tempore
1168 2183 1321 2218 interdicti
1346 2182 1486 2217 licentia.
1521 2182 1613 2219 ibid.;
1651 2191 1707 2213 nec
1745 2190 1805 2211 non

364 2241 493 2275 ordines
520 2238 691 2286 recipiendi
714 2250 730 2272 a
753 2237 894 2284 quolibet
922 2237 1072 2273 antistzte,
1098 2235 1217 2280 absque
1241 2232 1396 2273 examine,
1417 2232 1489 2264 ibid.
1518 2229 1663 2264 Facultas
1690 2229 1808 2273 praela-

363 2298 467 2325 torum
499 2287 706 2335 dispensandi
727 2299 799 2322 cum
823 2287 985 2321 monacbis
1008 2294 1037 2320 et
1065 2284 1338 2329 congregationem
1372 2281 1484 2314 intrare
1509 2278 1702 2313 volentibus.
1734 2278 1806 2309 ibid.

361 2339 489 2375 Fratres
508 2338 612 2372 idonci
631 2336 846 2372 consessiones
868 2335 1012 2379 audiunt,
1035 2338 1104 2368 452
1140 2345 1169 2366 α.
1200 2330 1399 2376 l'articipatio
1426 2341 1496 2363 cnm
1531 2326 1809 2361 excommunicatis

366 2389 493 2437 quando
517 2389 589 2434 liget
612 2386 797 2427 monachos,
820 2386 894 2419 ibid.
923 2386 950 2419 b.
974 2383 1108 2418 Praelati
1125 2382 1163 2416 ab
1178 2381 1270 2415 officii
1287 2379 1381 2413 (lirini
1406 2377 1584 2411 recitatione
1607 2375 1808 2421 dispensare.

364 2438 576 2484 omnibusque
592 2434 851 2470 christifidelibus
867 2435 896 2467 in
911 2434 988 2467 locis
1003 2431 1256 2478 congregationis
1279 2428 1471 2472 sepulturam
1488 2424 1661 2460 concedere
1677 2431 1807 2470 queunt,

368 2489 443 2523 ibid.
459 2486 601 2522 Sitnonia
625 2483 817 2519 beneficialis
831 2482 958 2530 qnando
974 2495 1034 2516 non
1058 2483 1246 2518 incurratur,
1271 2479 1340 2511 455
1361 2490 1390 2510 α.
1416 2474 1611 2520 lntlulgentia
1631 2486 1684 2519 pio
1698 2484 1810 2506 mona-

367 2537 447 2581 cbis,
466 2539 538 2570 454
552 2548 588 2576 ας
605 2546 659 2581 pro
674 2545 782 2568 eorum
800 2532 948 2567 ecclesias
965 2530 1160 2565 visitantibus
1187 2536 1236 2561 ant
1258 2528 1360 2561 farore
1383 2523 1659 2572 prosequentibus,
1683 2522 1755 2555 ibid.
1781 2522 1808 2554 b.

368 2586 497 2622 Missam
521 2593 593 2619 ante
616 2583 698 2617 diem
722 2581 903 2617 celebrandi
933 2581 1069 2620 licentia,
1094 2580 1188 2617 ibid.;
1217 2589 1279 2610 uno
1302 2575 1407 2609 utendi
1437 2574 1591 2607 visitatore
1619 2573 1648 2604 in
1672 2582 1744 2603 casu
1766 2570 1810 2602 lo-

367 2635 499 2671 cationis
521 2642 574 2668 aut
598 2632 786 2667 venditionis
809 2631 963 2665 bonorum
1003 2629 1223 2667 immobilium,
1251 2637 1313 2673 quo
1350 2634 1439 2659 antea
1466 2622 1546 2656 duos
1578 2620 1727 2655 adbibere
1755 2617 1811 2653 de-

315 2728 337 2729 ff
367 2686 512 2724 buerant,
536 2684 606 2725 654
629 2683 657 2716 b.

348 2738 422 2770 Ball.
447 2737 525 2768 Rom.
553 2736 608 2765 Vol.
636 2734 663 2764 V.
867 2732 923 2763 100
