2281 3251
475 230 522 263 ΞΟ

428 296 509 337 lore,
536 294 699 330 occasione
734 292 778 327 vel
817 303 921 335 causa,
945 289 1091 332 turbare,
1119 300 1173 322 seu

429 344 665 394 quomodolibet
700 341 854 389 impedire
890 346 1078 388 praesumat.
1108 337 1175 371 lloc

430 397 526 439 enirn,
554 402 644 442 prout
677 401 736 432 est,
763 392 885 426 irritum
919 387 1120 424 decernimus
1147 396 1174 421 et

432 449 536 486 inane,
563 444 587 479 si
623 456 715 478 secus
741 454 837 488 super
868 439 916 474 liis
953 452 968 473 a
1003 449 1176 484 quoquam,

431 496 541 546 quavis
562 494 760 532 authoritate,
774 492 911 526 scienter
925 489 969 524 tel
985 489 1177 534 ignoranter,

432 544 600 591 contigerit
626 542 782 578 attentari.

482 597 501 644 g
527 598 560 631 9.
589 592 672 629 Nulli
695 605 770 639 ergo
793 589 921 625 omnino
949 586 1114 622 bominum
1139 586 1177 621 li-

434 655 503 683 ceat
528 653 582 680 etc.

484 695 599 730 Datum
622 691 820 730 Florentiae,
848 699 930 724 anno
954 686 1181 722 lncarnationis

435 745 610 781 dominicae
654 741 822 777 millesimo
865 737 1181 785 quadringentesimo

437 795 597 841 trigesimo
619 793 741 840 quinto,
763 789 853 824 nonis
868 786 1059 831 decembris,
1076 786 1182 834 ponti-

438 846 546 881 licatus
568 843 663 878 nostri
688 852 770 876 anno
792 840 915 886 quinto.

476 906 536 937 Dat.
555 906 600 936 die
617 905 634 935 5
650 902 815 934 decembris
835 900 918 938 1435,
934 905 1010 940 pont.
1027 909 1103 929 rinno
1119 908 1145 928 v.

232 244 280 270 An.
299 243 328 269 C.
346 241 412 269 ¹1:35

269 652 385 674 Clausulas.

773 1021 844 1056 ΧΠ.

442 1100 518 1133 Unio
541 1097 708 1143 Nepesinae
739 1101 766 1128 el
788 1093 935 1128 Sutrinae
964 1091 1183 1128 Ecclesinrum,

488 1160 565 1193 quae
598 1147 654 1181 uni
686 1146 838 1189 eidemque
878 1142 1081 1177 subiici'untur
1122 1141 1187 1185 epi-

488 1209 576 1243 scopo
598 1198 653 1239 (l).

704 1262 917 1295 Stiatatatttultt

441 1326 627 1357 Prooemium.
645 1340 684 1346 -
707 1323 730 1352 1.
745 1321 857 1352 Causae
874 1321 977 1350 barum
992 1318 1187 1349 uniendarum

480 1369 687 1401 Ecclesiarum.
703 1384 740 1388 —
756 1366 784 1396 2.
796 1365 870 1396 Unio
890 1365 935 1403 (de
948 1374 998 1403 qua
1013 1365 1041 1393 in
1057 1363 1189 1400 rubrica).

480 1432 518 1437 —
536 1414 562 1443 3.
586 1411 729 1443 Nonnulla
754 1409 929 1449 praescribit
946 1408 982 1438 ab
999 1408 1137 1446 episcopo
1161 1408 1189 1437 in

482 1459 620 1489 alterutra
640 1455 770 1486 Ecclesia
788 1453 973 1494 praestanda.
990 1469 1028 1475 —
1043 1451 1082 1482 De
1099 1451 1189 1482 forma

482 1502 609 1541 eligendi
633 1500 774 1540 episcopi.

497 1569 629 1606 nugentur
646 1567 789 1603 episcopus
810 1571 904 1594 servus
922 1570 1062 1593 servorum
1077 1563 1133 1597 Det.

577 1619 610 1647 ad
637 1617 798 1653 perpetuam
821 1615 862 1644 roi
888 1613 1056 1643 memoriam.

492 1682 698 1718 Sacrosancta
732 1679 876 1714 Romana
915 1676 1078 1717 Ecclesia,
1109 1687 1190 1723 qnae

273 1746 404 1769 monium.
444 1744 541 1781 super
574 1731 734 1766 universas
768 1727 854 1764 orbis
875 1726 1035 1763 Ecclesias
1057 1726 1190 1770 obtinet,

444 1783 547 1818 divina
564 1779 775 1824 institutione,
797 1778 978 1826 primatum,
994 1776 1018 1811 si
1036 1776 1116 1811 circa
1132 1783 1193 1811 sta-

446 1840 511 1867 tum
529 1830 741 1866 Ecclesiarum
766 1827 922 1872 omnium,
943 1825 1127 1874 praesertim
1146 1837 1191 1860 ca·

447 1879 649 1924 thedralium,
665 1889 838 1925 earumque
861 1876 1030 1925 profectus,
1046 1875 1127 1911 velut
1142 1876 1191 1923 pia

447 1938 546 1967 mater
579 1929 617 1965 de
639 1928 773 1964 filiorum
803 1926 988 1962 necessitate
1015 1924 1191 1965 sollicitior,

448 1981 611 2029 vigilanter
628 1977 783 2026 excogitat
798 1984 829 2012 et
853 1976 1026 2024 prudenter
1045 1974 1192 2014 intendit:

448 2040 480 2068 et
505 2029 697 2079 quandoque
717 2040 772 2077 per
790 2027 918 2062 unionis·
939 2026 1031 2063 etiam
1059 2024 1193 2061 salubris

448 2095 483 2119 ac
515 2080 700 2117 commodae
728 2077 950 2119 ministerium,
978 2085 1070 2124 prout
1101 2075 1194 2110 loco-

450 2144 519 2169 rum
542 2140 571 2167 et
590 2140 767 2179 temporum
791 2128 923 2176 qualitas
944 2126 1052 2173 exigit,
1071 2133 1101 2161 et
1124 2125 1193 2160 illa-

451 2195 519 2218 rum
537 2181 654 2217 utilitas
669 2179 847 2228 persuadet,
861 2177 966 2213 studet
979 2176 1194 2212 Ecclesiarum

451 2234 591 2281 ipsarum
614 2231 707 2266 statui
735 2229 902 2264 efficaciter
929 2226 1109 2273 providere.

499 2283 520 2329 ἓ
538 2285 566 2317 1.
583 2281 690 2328 Nuper
704 2279 860 2327 siquidem
884 2276 1092 2315 attendentes,
1110 2275 1194 2322 quod

265 2343 344 2379 cmm
363 2342 436 2363 buum
451 2332 570 2368 Sutrin.
597 2340 627 2367 et
657 2330 807 2377 Nepesin.
835 2327 1008 2371 Ecclesiae,
1029 2338 1108 2373 quae
1135 2325 1196 2359 (lu-

252 2375 389 2428 ’ζῗζξζῗζζῗω
400 2372 438 2395 ⁸⁴³
450 2383 525 2418 dum
542 2382 629 2417 fuere
645 2381 779 2428 propriis
801 2377 999 2414 facultatibus
1017 2376 1196 2424 opulentae,

450 2434 539 2477 adeo,
569 2445 622 2481 per
649 2431 787 2466 diversas
814 2429 1005 2463 calamitates
1031 2435 1061 2462 et
1087 2437 1198 2461 sucee-

450 2484 593 2520 dentium
611 2490 789 2529 temporum
812 2479 957 2515 sinistros
973 2486 1114 2517 eventus,
1128 2475 1198 2523 qui-

452 2535 511 2570 bus
539 2541 642 2581 partes
675 2532 778 2579 ipsae,
815 2529 892 2576 proli
928 2528 1034 2563 dolor!
1069 2526 1198 2562 alllictae

452 2585 551 2626 luere,
563 2583 593 2618 in
609 2594 718 2618 earum
734 2579 909 2616 redditibus
930 2586 1024 2627 atque
1043 2575 1199 2613 facultati-

486 2656 526 2692 (t)
545 2656 583 2684 Ex
601 2658 664 2683 tom.
687 2661 695 2680 r
716 2653 772 2680 ltal.
789 2652 847 2680 Sac.

1014 231 1201 257 nrm-antur
1228 227 1389 254 ROMANCM

1216 286 1274 320 bus
1296 292 1409 319 tenues
1430 281 1526 317 sactae
1537 280 1641 315 sintet
1655 279 1764 320 exiles,
1775 279 1873 328 qnod,
1890 291 1964 327 pro-

1218 345 1285 383 pter
1307 332 1443 380 inopiam
1467 339 1497 366 et
1519 330 1699 365 servitutem
1718 332 1762 375 (1)
1780 329 1963 365 huiusmodi

1219 384 1400 420 reddituum
1429 389 1460 415 et
1490 388 1716 428 proventuum,
1745 379 1906 427 praesules
1935 380 1964 414 in

1220 434 1279 469 illis
1295 446 1328 468 se
1345 430 1514 467 commode
1533 437 1711 465 sustentare
1734 441 1796 464 non
1821 437 1966 476 possunt;

1221 492 1348 531 propter
1370 481 1454 529 quod
1480 478 1666 528 pontificalis
1689 479 1720 513 in
1746 478 1865 514 eisdem
1889 479 1967 514 vile·

1219 534 1277 569 scit
1305 531 1493 573 auctoritas,
1527 541 1585 564 nec
1619 528 1789 576 episcopali
1820 528 1967 574 dignitati

1220 583 1326 618 debita
1347 580 1520 617 reverentia
1543 578 1722 619 exhibetur,
1746 578 1969 626 praesulesque

1222 634 1279 681 ipsi
1297 634 1327 668 in
1343 643 1473 666 snorum
1489 629 1726 665 conservatione
1737 627 1968 673 iurium,etiam

1223 683 1386 730 regalium,
1397 689 1489 728 atque
1499 679 1681 715 defensione
1694 677 1892 719 eorumdem,
1905 678 1970 713 red-

1223 733 1342 768 duntur
1370 732 1543 779 plurimum
1578 730 1786 776 impotentes3
1813 739 1886 763 cum
1915 740 1971 764 re·-

1225 796 1293 818 rera
1317 782 1354 817 ad
1386 781 1436 816 illa
1468 778 1584 815 tuenda
1612 792 1673 814 non
1696 778 1800 813 solum
1829 778 1972 813 circum-

1224 832 1393 880 spectionis
1423 830 1578 865 industria
1601 837 1632 864 et
1654 828 1837 864 sollicitudo
1865 837 1973 875 pasto-

1225 883 1298 919 ralis
1321 893 1414 918 curae
1436 880 1611 928 profectum
1636 878 1807 923 adducant,
1829 878 1973 926 quinimo

1228 934 1331 981 potius
1352 931 1538 966 sufficientia
1566 929 1758 964 facultatum.

1274 985 1336 1027 §2
1351 981 1532 1027 Propterea,
1551 979 1716 1027 cupientes
1734 978 1875 1026 ipsarum
1896 990 1975 1026 pau-

1228 1045 1338 1081 perum
1355 1031 1570 1066 Ecclesiarum
1587 1028 1779 1076 indigentiae
1796 1028 1975 1069 subvenire,

1227 1095 1262 1118 ac
1295 1091 1408 1118 statum
1439 1090 1615 1127 utriusque,
1639 1090 1695 1127 per
1722 1089 1852 1113 unionis
1875 1078 1977 1112 mini-

1228 1133 1372 1171 sterium,
1388 1132 1417 1166 in
1434 1130 1547 1165 melius
1563 1128 1748 1172 reformare,
1771 1127 1846 1163 dum
1866 1126 1977 1163 ambae

1230 1183 1316 1230 ipsae
1334 1178 1680 1223 Ecclesiae,subunius
1698 1186 1729 1213 et
1743 1177 1886 1213 eiusdem
1902 1189 1979 1225 prae-

1229 1232 1307 1267 sulis
1326 1230 1541 1266 moderamine
1558 1237 1651 1277 atque
1667 1239 1740 1263 cura
1751 1227 1899 1272 reductae,
1913 1226 1979 1262 seli·

1230 1283 1307 1318 citer
1330 1294 1368 1317 ex
1397 1281 1536 1328 ipsarum
1560 1279 1646 1314 unita
1663 1278 1812 1326 potentia.
1840 1277 1979 1312 mutuis-

1230 1344 1291 1379 que
1304 1329 1507 1367 sacultatibus
1526 1328 1651 1377 praesul
1675 1328 1772 1374 possit
1794 1327 1825 1362 in
1841 1326 1888 1361 eis
1907 1339 1979 1373 prae-

1231 1381 1333 1417 sidere
1364 1380 1540 1419 decentius,
1565 1389 1783 1425 perversorum
1814 1375 1980 1412 conatibus

1231 1431 1396 1471 obsistere,
1423 1428 1593 1465 defendere
1614 1439 1669 1462 sna
1685 1427 1752 1463 iura
1768 1425 1980 1471 commodius,

1232 1490 1262 1517 et
1283 1480 1470 1516 commissos
1493 1477 1628 1526 populos
1651 1476 1773 1512 facilius
1790 1475 1979 1523 gubernare.

1231 1531 1349 1573 Quare,
1373 1542 1428 1577 pro
1444 1528 1581 1564 evidenti
1605 1527 1743 1574 ipsarum
1766 1525 1980 1562 Ecclesiarum

1233 1580 1374 1621 utilitate,
1390 1577 1627 1614 considerantes
1637 1576 1787 1612 unionem
1799 1575 1981 1611 huiusmodi

1233 1629 1348 1665 nedum
1368 1629 1433 1664 sore
1457 1626 1642 1676 proficuam,
1660 1625 1716 1661 sed
1739 1624 1909 1661 admodum
1930 1637 1984 1661 ne-

1232 1680 1413 1721 cessariam,
1434 1679 1531 1714 immo
1557 1675 1746 1712 laudabilem
1765 1683 1796 1711 et
1817 1675 1910 1710 etiarn
1929 1688 1984 1722 op·

1978 226 2027 254 Au.
2046 224 2074 252 C.
2094 224 2161 252 tuas

2004 1040 2058 1062 Unio
2077 1041 2113 1066 (de
2133 1047 2179 1069 qua·

1990 1074 2010 1095 in
2025 1073 2127 1100 rubrica).

1234 1737 1412 1779 portunam,
1436 1727 1617 1776 praemissis
1639 1724 1898 1770 suadentibuS,e1
1912 1725 1983 1761 aliis
2006 1712 2008 1716 Ι

1233 1778 1471 1816 rationabilibus
1485 1777 1589 1813 causis
1597 1776 1633 1812 ad
1645 1775 1674 1810 id
1685 1776 1823 1811 animum
1840 1782 1982 1810 nostrum

1234 1828 1444 1873 moventibus,
1455 1835 1525 1875 post
1535 1825 1806 1870 deliberationem,
1834 1837 1927 1872 quam
1945 1824 1984 1859 de

1235 1878 1372 1915 uniendo
1399 1877 1438 1913 ad
1466 1876 1601 1912 invicem
1630 1875 1793 1911 Sutrinam
1821 1883 1853 1910 et
1880 1873 1985 1921 Nepe-

1233 1929 1335 1965 sinam
1363 1926 1522 1963 Ecclesias
1554 1925 1720 1974 praefatas,
1743 1937 1813 1960 cum
1838 1923 1985 1959 fratribus

1235 1978 1349 2014 nostris
1370 1976 1543 2013 babuimus
1568 1975 1766 2023 diligentem,
1793 1973 1984 2022 Nepesinam

1234 2029 1408 2073 Sutrinam,
1424 2035 1455 2064 et
1469 2026 1632 2063 Sutrinam
1656 2025 1848 2073 Nepesinam
1872 2023 1985 2059 Eccle-

1236 2081 1297 2116 sias
1318 2078 1503 2119 antedictas,
1530 2076 1569 2113 de
1596 2077 1736 2124 ipsorum
1760 2074 1888 2110 fratrum
1908 2086 1986 2109 con-

1235 2130 1306 2166 silio
1327 2138 1357 2165 et
1378 2127 1568 2177 apostolicae
1592 2126 1756 2175 potestatis
1775 2123 1985 2173 plenitudine,

1237 2189 1344 2216 tenore
1366 2178 1578 2227 praesentium
1605 2185 1757 2225 perpetuo
1774 2174 1913 2214 unimus,
1929 2187 1986 2210 an-

1238 2230 1392 2266 nectimus
1407 2237 1437 2264 et
1456 2229 1706 2275 incorporamus;
1725 2225 1818 2261 etiam
1835 2225 1874 2260 ita
1888 2224 1985 2272 quod,

1237 2281 1334 2316 altero
1361 2291 1397 2315 ex
1428 2277 1627 2327 praesulibus
1654 2274 1836 2312 earumdem
1867 2274 1986 2310 Eccle-

1237 2331 1365 2371 siarum,
1393 2330 1447 2377 qni
1477 2340 1562 2364 nnnc
1583 2335 1669 2367 sunt,
1696 2325 1828 2361 cedente
1852 2325 1898 2359 vet
1929 2324 1986 2360 de-

1239 2382 1381 2426 cedente,
1402 2388 1456 2416 aut
1473 2379 1600 2415 alteram
1620 2390 1655 2413 ex
1677 2375 1796 2412 eisdem
1833 2375 1987 2411 Ecclesiis

1239 2426 1479 2481 quomodolibet
1500 2429 1689 2472 dimittente,
1716 2439 1754 2462 ex
1777 2434 1855 2462 tunc
1875 2425 1987 2462 ambae

1240 2485 1324 2531 ipsae
1347 2481 1510 2518 Ecclesiae
1538 2491 1592 2525 per
1626 2477 1753 2513 unicum
1783 2476 1961 2524 praesulem
1978 2503 1986 2515 ,

1240 2535 1292 2582 qui
1315 2532 1463 2568 Sutrinae
1485 2537 1516 2566 et
1537 2529 1725 2577 Nepesinae,
1746 2537 1798 2562 aut
1811 2526 1988 2574 Nepesinae

1241 2592 1271 2620 et
1294 2583 1438 2618 Sutrinae
1461 2581 1631 2629 episcopus
1659 2585 1877 2625 nuncupetur,
1904 2576 1988 2612 salu-

1277 2647 1315 2682 (t)
1336 2645 1396 2681 Leg.
1415 2645 1502 2672 forsan
1520 2644 1693 2678 paucitatem,
1715 2640 1755 2669 vel
1768 2643 1941 2675 parvitatem.
