2281 3251
176 260 226 283 Αη.
243 258 272 284 C.
291 258 357 284 ¹331

195 803 223 823 n.-
239 804 336 830 relapsio.

180 1182 208 1203 Dt·
220 1185 298 1203 ieiunio
309 1188 355 1203 sei-

172 1218 204 1234 iae
220 1213 293 1234 tonan.

422 246 443 277 6
950 256 1136 279 brunnum
1165 254 1326 278 nomnen

371 313 556 348 auctoritate
579 313 763 361 apostolica.
787 312 961 348 concedere
989 312 1123 355 valeant,

371 368 529 403 devotioni
566 368 723 415 ipsorum,
752 377 861 403 tenore
897 366 1122 413 praesentium,

372 422 586 468 indulgemus.
614 422 669 457 Sic
692 431 809 464 tamen,
832 421 916 468 qnod
945 421 1038 455 inlem
1067 433 1122 454 su-

374 477 523 522 periores,
546 476 585 511 dc
607 476 723 523 quilius
741 476 829 510 tuos-ii
846 475 933 509 alteri
952 473 1122 508 satisfactio

372 529 598 576 impendenda,
621 529 740 563 eisdem
771 529 929 565 fratribus.
952 528 976 562 si
1006 540 1122 574 super·

373 584 519 623 iixcrint,
549 583 594 617 vel
610 595 664 630 per
687 583 776 622 alios,
792 583 816 617 si
835 583 912 616 sorte
929 581 1121 624 transierint,

372 637 545 672 faciendam
584 638 774 683 iniungant:
798 649 891 684 quam
925 636 983 682 ipsi
1013 635 1121 670 fratres

372 693 472 727 t'acere
495 701 673 734 teneamur,
703 701 731 725 nt
762 691 946 738 praefertur.

419 747 439 793 ἓ
461 748 493 781 8.
519 746 555 780 Et
580 758 629 784 ne,
652 745 736 792 qnod
754 745 846 788 absit,
866 754 992 792 propter
1008 745 1120 779 liuius-

372 800 455 835 modi
477 801 621 847 gratiam,
639 800 748 834 fratres
772 799 922 846 praedicti
949 799 1121 834 reddantur

371 853 572 899 procliviores
594 854 631 888 ad
657 854 760 888 illicita
786 855 814 888 in
840 862 1000 900 posti-runi
1032 866 1121 889 com-

370 907 534 951 mittenda,
551 908 697 942 volumus
719 908 816 955 quod,
833 908 858 943 si
875 920 911 942 ex
928 908 1119 943 conlidentia

369 962 563 997 remissionis
592 962 786 1001 huiusmodi,
824 962 972 1009 praedicti
1011 962 1120 998 tratres

368 1015 539 1062 aliquando
567 1016 644 1051 sorte
663 1016 910 1053 committerent,
930 1016 1032 1063 quoad
1057 1016 1119 1055 itta.

370 1069 528 1116 praedicta
557 1070 700 1105 remissio
716 1070 896 1104 nullatenus
917 1070 1118 1116 suffragetur.

417 1123 438 1171 S
459 1127 492 1158 9.
515 1123 555 1158 Et
577 1125 720 1170 insuper,
746 1124 831 1171 qnod
861 1135 917 1170 per
949 1136 1059 1163 unum,
1083 1136 1120 1159 ex

368 1188 431 1224 qno
453 1185 558 1212 nostra
582 1189 729 1225 praesens
751 1178 915 1212 concessio
937 1177 973 1211 ad
991 1189 1119 1212 eornm-

369 1230 439 1265 dem
456 1231 584 1265 fratrum
601 1243 655 1277 pro
678 1240 818 1278 tempore
841 1231 1045 1265 existentium
1062 1243 1120 1266 no-

369 1284 467 1318 titiam
491 1286 683 1332 pervenerit,
699 1284 962 1332 computandum.
986 1285 1121 1331 singulis

369 1338 465 1373 sextis
487 1338 583 1378 tertis,
620 1339 847 1386 impedimento
876 1338 1016 1384 legitimo
1049 1351 1119 1373 ces-

368 1400 467 1431 sante,
493 1392 646 1427 ieiunent.
669 1392 761 1434 Quod
784 1392 809 1426 si
834 1391 1005 1439 praedietis
1023 1394 1121 1429 sextis

369 1445 469 1485 seriis,
484 1458 520 1481 ex
541 1456 709 1493 praecepto
725 1445 898 1486 Ecclesiae,
916 1447 1048 1494 regulari
1067 1449 1122 1483 ob-

368 1500 533 1540 servantia,
560 1500 700 1535 iniuncta
729 1500 933 1548 poenitentia,
963 1509 1044 1546 roto,
1075 1504 1119 1538 vel

367 1554 443 1589 alias
457 1554 598 1590 ieiunare
614 1563 791 1596 teneantur,
802 1567 862 1590 una
877 1555 936 1591 alia
951 1556 1002 1591 die
1016 1557 1122 1604 singu-

368 1607 467 1643 larum
484 1609 732 1655 septimanarum
747 1610 891 1645 eiusdem
907 1611 993 1650 anni.
1009 1624 1070 1659 qua
1082 1612 1119 1647 ad

368 1662 575 1698 ieiunandum
593 1675 653 1698 non
668 1663 731 1698 sint
743 1663 898 1701 adstricti.
914 1664 1065 1701 ieiuucnt.
1081 1666 1121 1701 Et

368 1716 446 1751 siin
479 1716 563 1752 dicto
598 1729 682 1752 anno
706 1718 750 1752 vel
787 1717 892 1766 aliqua
927 1719 997 1753 eius
1034 1728 1121 1766 parte

368 1779 476 1805 essent
498 1770 637 1818 legitime
661 1771 818 1818 impediti,
848 1784 931 1808 auno
960 1775 1122 1820 sequenti,

370 1824 416 1859 vel
441 1826 529 1867 alias,
551 1838 649 1873 quum
669 1827 804 1873 primum
829 1829 1002 1875 potuerint,
1027 1829 1122 1864 modo

369 1880 465 1915 simili
491 1880 641 1928 supplere
654 1881 808 1917 ieiunium
824 1891 1000 1918 teneantur.
1012 1883 1122 1925 Porro,

370 1935 395 1968 si
419 1933 495 1969 alias
523 1934 626 1970 forsan
658 1935 862 1982 praelibatum
902 1938 1057 1973 ieiunium
1092 1940 1122 1973 in

371 1998 436 2025 toto
452 1989 496 2024 vel
521 1990 551 2024 iu
575 1998 663 2037 parte
684 1990 858 2037 adimplere
876 1992 1043 2028 commode
1061 2005 1122 2027 non

372 2043 549 2090 potuerint,
576 2055 614 2078 eo
648 2056 722 2079 casu
758 2046 938 2092 superiores
967 2047 1123 2094 ipsorum,

371 2097 524 2132 ieiunium
560 2098 663 2145 ipsum
699 2098 728 2132 in
769 2099 827 2134 alia
865 2100 986 2145 pietatis
1016 2114 1124 2149 opera

374 2158 466 2198 prout
501 2151 593 2186 saluti
629 2152 806 2187 animarum
836 2153 959 2189 illorum
989 2155 1125 2191 videi-int

372 2205 536 2252 expedire.
572 2215 768 2241 commutare
800 2207 931 2252 valcant,
961 2222 1041 2256 quae
1068 2210 1125 2257 ipsi

374 2260 440 2307 pari
465 2259 560 2294 modo
595 2260 728 2295 debeant
755 2260 940 2308 adimplere.
974 2263 1125 2311 Alioquin

375 2322 479 2350 nostra
522 2313 704 2349 huiusmodi
749 2327 899 2361 praesens
941 2319 1126 2362 concessio,

374 2368 477 2416 quoad
502 2381 564 2404 non
580 2368 782 2404 observantes
804 2370 978 2411 dumtaxat,
1008 2373 1127 2408 nullius

375 2431 458 2458 esset
481 2423 604 2458 roboris
619 2424 665 2458 vel
690 2425 852 2458 momenti.
868 2425 953 2459 Nulli
969 2437 1044 2472 ergo
1073 2435 1125 2461 etc.

426 2476 540 2512 Datum
564 2477 684 2512 Rornae
706 2478 790 2525 apud
813 2478 846 2513 S.
874 2478 1014 2519 Petrum,
1044 2492 1128 2515 anno

376 2531 607 2567 lncarnationis
617 2531 786 2567 dominii-ae
804 2534 908 2577 ¹432,
921 2535 963 2567 15
979 2533 1129 2568 kalendas

377 2585 493 2629 martii,
516 2586 720 2632 pontificatus
740 2586 838 2621 nostri
861 2599 945 2622 anno
974 2587 1087 2634 primo.

424 2643 486 2673 Dat.
503 2643 550 2674 die
568 2643 604 2674 16
620 2643 761 2674 februarii
780 2643 864 2681 ¹432,
881 2648 959 2684 pont.
975 2653 1052 2675 anno
1070 2653 1087 2676 1.

1518 309 1569 344 lV.

1163 393 1290 425 Statuta
1312 398 1338 424 et
1361 390 1570 424 ordinationes
1598 402 1617 424 a
1647 390 1727 424 clero
1764 391 1852 425 Urbis
1885 392 1917 423 in

1208 441 1341 484 publicis
1357 440 1600 473 solemnitatibus
1613 441 1778 479 servanda,
1790 440 1918 485 aliaque

1211 490 1293 523 circa
1320 490 1452 523 eiusdem
1475 489 1725 532 reformationem
1745 493 1773 523 el
1802 490 1916 534 ymber—

1211 540 1297 571 nium
1318 539 1450 571 decernit
1475 541 1483 579 (
1496 542 1504 570 1
1515 541 1535 579 ).

1433 614 1647 645 summatum

1163 679 1351 709 l'roceiniuin.
1380 696 1418 702 —
1449 680 1474 710 t.
1498 679 1540 709 Ab
1571 679 1657 710 Urbis
1691 681 1799 712 vicario
1826 678 1917 712 saetas

1201 723 1270 753 olim
1291 733 1343 762 pro
1366 724 1445 753 clero
1469 724 1706 761 constitutiones,
1728 742 1766 748 -
1792 725 1820 755 2.
1838 725 1918 756 Con-

1202 769 1365 798 firinatione
1389 768 1548 807 apostolica
1572 769 1687 808 dignas,
1703 770 1780 800 -3.
1798 769 1918 806 Firmat,

1201 815 1371 852 servarique
1393 813 1520 843 mandat.
1543 830 1582 836 ——
1599 814 1629 850 4,
1647 815 1674 844 5.
1697 813 1795 845 Tenor
1821 815 1918 846 dicta—

1202 867 1266 887 rum
1286 859 1542 888 constitutionum.
1562 875 1601 881 —
1619 860 1646 889 6.
1668 859 1746 889 Ordo
1770 860 1797 889 in
1822 860 1919 899 publi-

1202 903 1244 932 cis
1263 902 1508 941 processionibus
1523 903 1697 933 servandus.
1714 920 1754 926 —
1773 904 1798 934 7.
1812 903 1918 934 Earum

1202 952 1333 986 tempore
1357 956 1414 976 non
1448 947 1718 985 confabulandum,
1743 949 1794 978 scd
1827 958 1918 979 oran-

1201 992 1281 1021 dum.
1298 1008 1336 1013 —
1351 991 1379 1021 8.
1401 990 1505 1022 Clerici
1520 997 1546 1022 ct
1560 991 1726 1022 beneficiati
1743 998 1822 1023 caste
1839 993 1918 1023 dorni

1203 1037 1308 1065 vivant.
1322 1052 1360 1058 —
1385 1036 1412 1066 9.
1430 1036 1612 1066 Clericorum
1630 1041 1657 1067 et
1682 1036 1918 1077 presbyterorum

1201 1080 1253 1110 filii
1283 1080 1325 1110 eis
1345 1081 1380 1110 ad
1404 1081 1495 1110 altare
1519 1091 1575 1111 non
1601 1080 1780 1112 ministrent.
1804 1099 1843 1104 —
1872 1082 1918 1113 10.

1200 1124 1318 1162 Clerici,
1340 1125 1397 1155 nisi
1417 1134 1504 1155 senes
1523 1125 1591 1162 sint,
1609 1125 1644 1155 ad
1665 1126 1837 1155 monialium
1862 1125 1918 1156 do-

1203 1178 1266 1199 ntoS
1287 1179 1343 1199 non
1364 1169 1515 1200 accedant.
1534 1187 1573 1192 —
1590 1170 1636 1200 11.
1656 1170 1675 1199 Α
1701 1170 1769 1200 ludo
1788 1170 1919 1210 quolibet

1201 1214 1425 1244 abstinendum.
1454 1231 1493 1237 —
1524 1214 1570 1244 12.
1594 1213 1634 1244 De
1663 1215 1788 1244 vestium
1813 1215 1918 1246 mode-

1200 1258 1265 1288 stia.
1287 1275 1327 1280 —
1354 1258 1400 1289 13.
1427 1257 1484 1288 Nec
1511 1268 1591 1288 arma
1625 1258 1767 1289 deserant.
1800 1277 1839 1282 —
1868 1260 1916 1291 14.

1199 1303 1317 1332 Comam
1331 1312 1387 1333 non
1400 1303 1539 1333 nutriant.
1561 1320 1600 1326 —
1625 1304 1668 1334 15.
1692 1303 1731 1333 De
1760 1304 1880 1334 servitio
1903 1315 1917 1334 a

1201 1347 1375 1378 beneficiato
1395 1348 1687 1387 praestanda—16.
1706 1347 1852 1380 Beneficia
1865 1348 1918 1379 ob-

1202 1392 1329 1423 tim-ntes
1366 1391 1530 1422 saecularia
1564 1392 1658 1422 officia
1690 1401 1827 1423 exercere
1861 1403 1918 1424 nou

1202 1441 1338 1475 possunt.
1355 1453 1394 1459 -
1419 1437 1463 1466 17.
1483 1435 1541 1467 Nec
1560 1437 1688 1466 clericus
1712 1442 1847 1468 exerceat
1867 1447 1918 1468 at·-

1202 1486 1257 1510 tcni
1293 1481 1411 1511 clericis
1439 1482 1637 1512 interdictam.
1664 1499 1703 1504 —
1736 1482 1780 1512 18.
1807 1481 1919 1513 Notarii

1202 1527 1302 1556 vicarii
1323 1525 1410 1557 Urbis
1427 1526 1536 1557 debent
1556 1535 1623 1556 esse
1643 1527 1755 1558 clerici.
1770 1544 1809 1550 —
1825 1527 1871 1558 19.
1888 1527 1919 1558 ln

1202 1571 1292 1601 rebus
1313 1572 1365 1601 bac
1389 1572 1602 1602 constitutione
1621 1572 1778 1611 prohibitis
1801 1572 1920 1611 procedi

1203 1621 1297 1655 potest
1320 1625 1371 1655 per
1389 1616 1555 1656 simplicem
1583 1616 1853 1647 denunciationem.
1882 1633 1922 1640 —-

1201 1661 1250 1692 020.
1276 1660 1314 1690 De
1344 1661 1532 1691 funeralibus
1557 1665 1585 1691 et
1614 1661 1778 1700 sepultura.
1806 1678 1846 1684 —-
1872 1661 1920 1692 21.

1203 1705 1379 1744 Legalizatio
1399 1705 1564 1745 praesentis
1584 1705 1684 1736 edicti.

1207 1768 1341 1804 Eugenius
1368 1767 1511 1804 episcopus
1542 1775 1638 1797 servus
1657 1774 1799 1797 servorum
1818 1768 1874 1801 Dei.

1298 1819 1332 1846 ad
1366 1819 1528 1854 poi-petuam
1551 1818 1593 1846 roi
1615 1818 1785 1847 memoriam.

1215 1882 1246 1916 ln
1270 1882 1462 1929 apostolicae
1497 1882 1659 1929 dignitatis
1681 1880 1824 1928 specula,
1849 1881 1922 1917 licet

1165 1932 1327 1975 immeriti,
1342 1931 1533 1979 disponente
1556 1931 1706 1975 Domino,
1729 1942 1826 1978 super
1847 1943 1923 1978 gre-

1164 1994 1235 2029 gem
1264 1981 1342 2017 Eius
1382 1981 1560 2022 constituti,
1605 1982 1786 2017 iniunctum
1829 1980 1923 2016 nobis

1164 2032 1360 2079 apostolatus
1381 2032 1520 2066 otliciurn
1544 2032 1656 2087 exequi
1680 2030 1860 2078 cupientes,
1882 2030 1922 2065 ad

1165 2092 1199 2116 ea
1223 2081 1356 2116 libenter
1379 2088 1504 2116 nosti-ae
1527 2080 1827 2127 circumspectionis
1841 2079 1924 2116 diri·-

1165 2131 1271 2176 gimus
1294 2130 1455 2170 intuitum,
1480 2142 1535 2178 per
1557 2143 1638 2178 quae
1662 2131 1742 2165 inter
1771 2141 1925 2177 personas

1165 2179 1411 2224 ecclesiasticas,
1428 2180 1561 2215 sublatis
1582 2179 1758 2219 erroribus
1771 2179 1922 2214 virtutum
1944 2217 1946 2219 ,

1167 2241 1275 2264 norma
1291 2242 1346 2277 pro
1359 2229 1456 2277 Regis
1470 2230 1590 2265 aeterni
1605 2229 1704 2278 gloria
1720 2237 1877 2276 resumat:
1888 2240 1926 2263 ac

1168 2279 1264 2314 totius
1279 2279 1447 2326 aequitatis
1469 2288 1499 2314 et
1517 2280 1655 2315 iustitiae
1677 2278 1824 2315 salutaria
1850 2290 1925 2326 pro-

1169 2329 1294 2363 veniant
1315 2330 1523 2364 incrementa:
1541 2337 1572 2364 et
1595 2329 1736 2377 iis,quae
1757 2335 1924 2376 propterea

1169 2379 1224 2412 rite
1262 2379 1453 2426 processisse
1484 2379 1712 2426 comperimus,
1744 2386 1779 2412 ut
1807 2377 1924 2412 illibata

1169 2428 1352 2483 persistant,
1377 2428 1522 2468 libenter,
1545 2441 1617 2463 cum
1641 2440 1657 2462 a
1681 2427 1772 2463 nobis
1796 2426 1924 2475 petitur.

1170 2478 1358 2512 muniminis
1379 2477 1560 2513 firmitatem
1590 2477 1803 2524 impartimur.

1217 2527 1237 2573 S
1264 2531 1292 2560 1.
1315 2527 1400 2561 Sanc
1425 2527 1534 2574 petitio
1550 2539 1607 2574 pro
1625 2534 1712 2574 parte
1733 2525 1925 2562 venerabilis

1170 2576 1272 2610 fratris
1300 2577 1398 2611 nostri
1413 2576 1576 2624 Gasparis
1595 2576 1826 2624 archiepiscopi
1842 2575 1926 2611 Con-

1203 2651 1243 2686 (t)
1260 2651 1297 2678 Ex
1317 2652 1421 2687 ttegest
1439 2652 1465 2679 in
1482 2651 1593 2679 Archiv.
1612 2651 1696 2679 Vatic

1933 255 1985 281 An.
2005 253 2031 280 C.
2046 252 2118 281 un

1962 1893 2096 1916 '’roci-mium.
2138 1919 2145 1929 ἱ
