2281 3251
228 262 277 288 Αη.
296 263 323 289 C.
342 262 408 288 ¹⁶72

233 1313 323 1335 tinnit.
335 1313 376 1333 Nic*
388 1313 402 1333 Υ

219 1349 239 1364 et
269 1345 348 1364 (Mun.
374 1344 400 1364 ΗΙ

218 1379 336 1395 statui-runt
347 1376 401 1395 mul-

218 1410 237 1425 ta
259 1408 295 1425 iim
310 1413 316 1425 t

217 1442 263 1457 men
279 1437 293 1456 t:
302 1443 387 1457 interae.

215 1685 263 1702 [ilex

228 1651 265 1671 llic
276 1652 336 1672 mnilo
348 1651 400 1671 l'un-

286 1684 332 1701 tllas
352 1684 399 1703 bul*

259 1714 377 1734 confimnnk

474 251 546 285 204

425 317 582 352 solicitant
596 316 749 354 animum,
778 324 812 351 ut
834 325 929 355 recte,
952 316 1119 351 salubriter
1147 325 1176 351 et

425 366 506 401 bene
527 366 746 412 disponantur,
775 367 959 412 praesertim
987 366 1173 401 dilectorum

424 415 560 450 filiorum
585 415 787 450 familiarium
817 423 997 451 nostrornm
1021 415 1174 450 Gamerae

423 464 624 512 Apostolicae
648 464 848 506 clericorum,
876 464 993 511 quibus
1013 473 1116 500 nostra
1145 473 1174 499 et

422 514 622 561 Apostolicae
663 513 814 549 Gamerae
858 514 987 559 negocia
1027 525 1063 548 ac
1107 514 1172 549 fisci

421 563 585 610 apostolici
617 563 709 598 ossicii
742 575 815 598 cura
849 571 879 598 et
911 563 1079 598 solicitudo
1110 576 1172 598 non

423 625 514 659 parva
543 613 707 652 incumbit,
735 613 890 660 nobisque
912 620 942 646 et
970 612 1173 658 Apostolicae

420 662 508 702 Sedi,
533 663 561 696 in
587 662 646 697 illis
663 662 901 709 pertractandis,
917 661 1022 696 solerti
1037 662 1173 709 diligen-

423 713 463 745 tia
486 720 517 746 et
550 711 709 746 indefesso
742 712 848 746 animo
877 723 1067 758 summaque
1099 724 1171 746 cum

422 761 569 796 fidelitate
595 769 625 796 et
647 761 801 796 continuo
829 761 934 796 labore
969 760 1172 805 deserviunt,

422 818 453 843 ut
481 822 528 854 ea,
556 822 636 856 quae
659 811 689 844 in
714 810 839 844 illorum
864 819 894 845 ct
926 810 1099 845 eorundem
1125 810 1172 845 of-

421 860 479 894 licii
519 860 762 903 ordinationem,
798 867 926 903 statum,
965 859 1100 895 favorem
1141 869 1170 895 et

418 917 645 955 augumentum
669 921 685 944 a
703 908 796 944 Rom.
817 909 985 953 pontifice,
1001 910 1171 956 praecipue

418 958 562 1005 Eugenio
589 966 713 1006 quarto,
734 958 865 993 Nicolao
892 960 1003 1006 quinto
1035 969 1063 994 et
1097 959 1171 994 Cal-

419 1008 490 1043 listo
514 1008 617 1052 tertio,
633 1007 929 1056 praedecessoribus
947 1009 1074 1047 nostris,
1091 1009 1171 1043 iuste

419 1058 609 1104 processisse
632 1058 859 1105 comperimus,
885 1069 939 1104 per
954 1058 1052 1092 nostri
1068 1066 1170 1105 partes

418 1107 583 1143 ministerii
609 1107 725 1154 iugiter
748 1107 950 1151 invalescant,
974 1116 1170 1154 perpetuam-

417 1169 480 1204 que
506 1157 683 1204 suscipiant
709 1156 900 1204 apostolicae
918 1157 1111 1192 auctoritatis
1139 1165 1167 1191 et

418 1206 539 1242 roboris
562 1206 753 1241 firmitatem.

466 1256 486 1302 g
514 1260 546 1290 1.
574 1256 703 1291 Dudum
740 1255 896 1302 siquidem
933 1255 1082 1291 Callistus
1116 1256 1168 1301 lll,

419 1306 642 1351 praedecessor
662 1313 767 1339 noster
789 1304 980 1352 praedictus,
1001 1306 1168 1341 nonnullas

417 1354 645 1396 ordinationes,
670 1362 783 1388 statuta
812 1362 840 1388 et
868 1356 1090 1389 concessiones
1118 1368 1168 1390 re-

344 1408 400 1426 ff‘ff-
416 1404 522 1450 gimen
544 1404 617 1439 dicti
640 1402 731 1438 officii
754 1411 784 1438 et
803 1416 1008 1450 personarum
1026 1405 1165 1439 eiusdem

416 1462 657 1496 concernentes,
672 1465 728 1499 per
744 1452 920 1499 praedictos
935 1453 1113 1499 Eugenium
1126 1454 1166 1488 lV

415 1512 445 1537 et
459 1502 625 1538 Nicolaum
649 1502 687 1546 V,
702 1501 865 1537 Romanos
887 1502 1072 1544 Pontifices,
1088 1503 1165 1538 facta

415 1560 446 1586 et
469 1552 553 1587 edita
574 1561 627 1587 etc.
651 1554 706 1595 (1).

463 1601 483 1648 S
504 1606 538 1636 2.
563 1602 628 1637 Nos
651 1601 761 1647 igitur,
779 1601 1058 1648 praedecessorum
1075 1614 1165 1648 prae-

414 1649 585 1691 dictorum,
614 1651 786 1698 praecipue
817 1650 936 1685 Callisti
960 1650 1024 1695 111,
1047 1651 1076 1685 in
1106 1651 1164 1686 hac

413 1707 501 1746 parte
529 1700 670 1747 vestigiis
696 1700 910 1741 inhaerentes,
939 1700 1066 1735 eosdem
1094 1700 1164 1735 the—

410 1749 588 1785 saurarium
611 1759 641 1784 et
662 1748 805 1795 singulos
826 1748 977 1784 Gamerae
1000 1750 1163 1797 Apostoli-

410 1810 464 1834 cae
492 1799 625 1834 clericos
644 1799 841 1834 numerarios
868 1806 899 1833 et
926 1799 1162 1846 participantes,

409 1847 450 1882 ob
473 1848 613 1896 ipsorum
637 1855 809 1895 spectatam
832 1848 925 1882 fidem
949 1856 979 1883 et
1003 1849 1162 1894 integrita-

409 1905 470 1932 tem
505 1905 748 1944 accuratamque
779 1897 986 1943 diligentiam,
1019 1897 1160 1933 sedulam

408 1946 654 1982 sollicitudinem
675 1948 706 1981 in
731 1947 846 1981 nostris
860 1954 891 1981 et
913 1946 1076 1982 Romanae
1104 1947 1162 1982 Ee—

408 1996 522 2031 clesiae
545 1996 696 2043 negociis,
724 2007 788 2030 non
819 1995 933 2030 minori
965 2009 1059 2044 quam
1083 1996 1158 2031 dicti

408 2045 669 2091 praedecessores
697 2045 795 2080 nostri
835 2046 951 2091 gratiae
984 2055 1014 2080 et
1047 2045 1160 2081 favoris

407 2094 602 2142 benignitate
630 2102 871 2143 prosequentes,
903 2095 1032 2142 proprio
1059 2103 1159 2137 motu,

407 2155 470 2178 non
502 2143 540 2179 ad
569 2145 708 2191 ipsorum
740 2144 786 2179 vel
819 2143 949 2179 alterius
977 2144 1067 2180 nobis
1104 2157 1159 2191 pro

406 2193 451 2227 eis
467 2205 563 2241 super
580 2194 640 2229 hoc
653 2194 776 2229 oblatae
792 2193 952 2240 petitionis
967 2193 1158 2239 instantiam,

406 2241 462 2277 sed
478 2242 516 2277 de
532 2252 637 2278 nostra
655 2255 738 2278 mera
753 2241 938 2278 liberalitate
954 2251 984 2278 et
999 2255 1037 2278 ex
1053 2251 1157 2278 nostra

406 2297 559 2341 scientia,
592 2297 790 2344 supradictas
826 2297 930 2333 literas
969 2297 1158 2344 apostolicas

405 2350 526 2387 Callisti
562 2351 622 2392 Ul,
662 2351 797 2398 Eugenii
832 2350 874 2386 lV
900 2359 930 2386 ct
969 2351 1090 2386 Nicolai
1119 2352 1157 2392 V,

405 2416 541 2451 quorum
564 2405 682 2440 mentio
705 2406 734 2440 in
763 2406 801 2440 iis
828 2405 973 2447 liabetur,
1001 2412 1030 2441 et
1052 2407 1157 2441 omnia

405 2467 435 2492 et
465 2459 586 2505 singula
621 2459 651 2493 in
679 2459 724 2494 cis
757 2466 905 2494 contenta
932 2459 1158 2495 confirmamus

441 2529 481 2565 (ί)
497 2529 639 2564 Reliquum
655 2530 799 2562 omittitur,
823 2531 884 2565 quia
906 2530 978 2565 ipsae
998 2530 1083 2557 bullae
1100 2531 1156 2557 Eu-

404 2569 472 2603 genii
488 2573 515 2596 et
530 2569 629 2596 Callisti
655 2573 820 2604 suntsupra,
843 2578 901 2605 pag,
919 2572 953 2597 52
969 2575 995 2598 et
1014 2571 1063 2597 ¹¹6
1080 2570 1157 2598 huius

404 2609 538 2677 ¹tiosrzriiilqlet
566 2609 636 2636 bulla
663 2609 762 2636 Nicolai
781 2609 800 2636 V
828 2610 907 2638 relata
927 2613 967 2638 est
993 2611 1018 2637 in
1038 2617 1068 2637 ea
1094 2610 1157 2638 Cal-

1023 264 1121 286 BCLLA
1129 263 1209 285 uum
1239 263 1399 286 nmmum

1987 265 2040 292 An.
2057 265 2084 291 C.
2103 266 2170 292 ¹117ss

1217 326 1248 351 et
1275 317 1498 364 approbamus,
1525 329 1562 352 ac
1587 318 1762 365 praesentis
1788 318 1896 366 scripti
1915 331 1973 366 pa-

1218 367 1348 401 trocinio
1375 368 1624 407 communimus.
1649 367 1837 414 supplentes
1859 380 1971 403 omnes

1217 416 1372 457 defectus,
1407 417 1431 451 si
1467 417 1519 464 qui
1549 416 1651 452 forsan
1688 418 1914 452 intervenerint
1938 418 1968 452 iu

1216 464 1348 500 eisdem.

1264 518 1279 557 g
1308 517 1339 548 5.
1363 514 1400 549 Et
1424 515 1555 561 insuper
1583 514 1810 550 thesaurarium
1842 523 1873 550 et
1905 517 1967 551 sin-
1995 528 2168 555 snum-‚erami-

1214 563 1305 609 gulos
1336 572 1455 610 septem
1489 563 1620 599 clericos
1655 565 1752 611 ipsos,
1787 560 2168 615 praesentesfjssssssffnssgss}

1215 620 1244 646 ct
1272 612 1405 652 futuros,
1430 621 1554 648 nostros
1576 622 1606 647 et
1627 612 1721 648 Sedis
1741 613 1895 660 praefatae
1914 627 1967 650 ve-
1981 622 2011 640 dis
2030 621 2168 646 Ai10⁵¹0¹³r⁸e

1216 674 1265 697 ros
1293 663 1508 709 cappellanos,
1532 674 1567 697 ac
1602 663 1696 698 etiam
1724 675 1814 698 veros
1843 671 1966 698 nostros
1981 652 2103 702 {ffss‘ssfffe‘ss
2119 652 2168 703 ’ζῖἷῖ

1216 711 1383 746 familiares
1405 721 1434 746 et
1449 712 1621 747 continuos
1635 712 1866 747 commensales
1885 725 1966 753 esse,
1981 714 2038 764 ζῇς
2058 714 2076 733 *¹·
2093 712 2169 734 ΕΜ·-

1215 761 1334 805 baberi,
1349 761 1447 796 teneri
1471 771 1500 796 et
1525 762 1662 808 reputari
1685 761 1800 796 debere
1821 762 1968 797 decerni·
2022 760 2026 764 ’

1215 822 1285 845 mus
1307 820 1335 846 et
1351 810 1560 850 declaramus,
1576 822 1656 857 quos
1674 820 1705 846 et
1723 823 1831 845 eorum
1855 823 1968 858 quem-

1215 860 1289 895 libet
1316 872 1449 895 numero
1477 861 1608 895 aliorum
1633 860 1845 907 quorumdam
1870 860 1968 895 fami-

1215 910 1336 944 liarium
1361 918 1554 954 nostrorum,
1576 909 1670 944 etiam
1707 910 1737 944 in
1773 918 1860 945 certo
1887 909 1968 945 libro

1213 958 1428 994 Cancellariae
1455 959 1659 1006 Apostolicae
1681 958 1720 994 de
1743 968 1850 994 nostro
1873 971 1967 994 man-

1212 1009 1286 1044 dato
1326 1009 1515 1056 scriptorum
1557 1009 1622 1043 sive
1669 1008 1965 1053 describendorum,

1212 1067 1274 1094 tam
1319 1058 1348 1092 in
1388 1059 1588 1093 assecutione
1631 1057 1871 1102 beneficiorum,
1907 1070 1965 1093 seu

1212 1120 1321 1142 eorum
1349 1107 1466 1153 gratiis,
1490 1107 1704 1154 expectativis,
1729 1118 1902 1154 earumque
1922 1120 1967 1142 re-

1213 1157 1466 1198 validationibus,
1503 1156 1757 1201 extensionibus,
1788 1156 1964 1192 mutationi-

1212 1206 1282 1251 bus,
1314 1206 1578 1245 restitutionibus,
1616 1217 1670 1252 pro
1708 1214 1850 1253 tempore
1873 1205 1920 1240 eis
1949 1218 1965 1240 a

1212 1256 1301 1290 nobis
1335 1265 1422 1290 motu
1453 1256 1580 1303 proprio
1622 1255 1668 1289 vel
1692 1255 1767 1290 alias
1801 1256 1964 1290 concessis

1211 1305 1257 1340 vcl
1292 1305 1533 1349 concedendis,
1572 1317 1666 1351 quam
1702 1304 1777 1338 alias
1812 1304 1964 1340 omnibus

1210 1364 1237 1389 et
1279 1355 1432 1400 singulis,
1473 1355 1595 1401 illisque
1635 1365 1764 1400 prorsus
1802 1353 1963 1389 similibus

1211 1404 1393 1450 privilegiis,
1431 1402 1687 1442 antelationibuS,
1725 1404 1962 1449 praerogativis,

1209 1453 1448 1500 exceptionibus
1471 1462 1499 1488 et
1515 1451 1793 1492 declarationibus,
1809 1452 1962 1496 decretis,

1208 1503 1344 1545 statutis,
1360 1502 1578 1546 relationibuS,
1594 1501 1755 1536 favoribus
1777 1510 1807 1535 et
1829 1501 1963 1537 indultis

1209 1560 1341 1586 utuntur
1372 1560 1403 1587 et
1429 1552 1578 1598 gaudent,
1601 1550 1666 1585 sive
1695 1551 1738 1585 uti
1767 1560 1797 1585 et
1823 1551 1961 1598 gaudere

1208 1609 1355 1648 poterunt
1378 1602 1407 1636 in
1431 1602 1588 1644 futurum,
1617 1600 1673 1643 uti,
1707 1600 1799 1646 potiri
1829 1609 1858 1635 et
1880 1612 1962 1647 gau-

1206 1651 1280 1685 dere
1304 1662 1395 1697 posse
1422 1659 1452 1685 et
1471 1650 1600 1690 debere3
1623 1661 1704 1696 quos
1727 1661 1783 1697 pro
1807 1649 1886 1684 veris
1909 1649 1961 1685 fa-

1207 1700 1381 1735 miliaribus
1415 1699 1582 1747 descriptis
1634 1699 1700 1733 sive
1740 1698 1960 1734 describendis

1207 1750 1235 1783 in
1270 1748 1349 1783 libro
1380 1749 1541 1797 praedicto
1570 1747 1699 1791 baberi,
1723 1760 1759 1782 ac
1795 1760 1906 1783 omnes
1928 1758 1958 1783 et

1204 1799 1348 1845 singulas
1374 1799 1599 1834 concessiones
1621 1796 1786 1844 quibusvis
1813 1798 1958 1844 personis

1205 1860 1260 1895 per
1282 1860 1339 1883 nos
1362 1848 1458 1883 factas
1476 1856 1506 1883 et
1533 1846 1693 1882 faciendas
1719 1847 1759 1881 de
1783 1858 1958 1893 praeroga-

1204 1898 1277 1932 tivis
1308 1897 1507 1932 familiarium
1551 1904 1735 1931 nostrorum
1780 1895 1958 1943 descripto-

1204 1959 1287 1991 rum,
1304 1947 1372 1981 sine
1395 1947 1519 1981 illorum
1545 1945 1750 1993 praeiudicio,
1778 1945 1807 1979 in
1836 1945 1955 1981 eisdem

1203 1996 1464 2031 concessionibus
1490 1995 1607 2042 apponi
1641 1994 1752 2034 solitis,
1779 1993 1957 2035 adiicimus,

1202 2045 1238 2080 ad
1264 2045 1349 2092 ipsos
1372 2045 1603 2080 thesaurarium
1632 2053 1662 2078 ct
1688 2043 1833 2088 clericos,
1860 2056 1954 2091 quam

1201 2098 1239 2133 ad
1268 2099 1345 2134 alios
1379 2099 1548 2133 familiares
1583 2098 1759 2145 descriptos
1791 2105 1953 2133 eteorum

1202 2153 1432 2199 praeiudicium
1470 2152 1601 2193 referri,
1639 2160 1726 2187 motu
1761 2159 1792 2187 et
1823 2152 1954 2188 scientia

1202 2206 1369 2252 praedictis
1402 2206 1566 2251 volumus,
1594 2205 1797 2241 decernimus
1831 2214 1862 2241 et
1891 2206 1954 2242 de-

1200 2259 1365 2295 elaramus.

1248 2314 1268 2361 S
1290 2317 1323 2348 4.
1343 2314 1391 2349 Ae
1412 2313 1519 2359 etiam,
1543 2321 1577 2349 ut
1599 2313 1815 2348 thesaurarius
1837 2322 1867 2348 et
1891 2313 1953 2349 cle·
1987 2325 2137 2353 amenum.

1201 2368 1254 2402 rici
1294 2368 1462 2412 antedicti,
1496 2368 1549 2415 qui
1588 2367 1618 2402 in
1660 2367 1840 2402 revidendis
1867 2375 1897 2402 ct
1921 2368 1950 2402 in
1967 2356 2152 2415 ξζιῖζῗῶξῖουζῗζ

1200 2422 1408 2458 diiudicandis
1420 2422 1517 2458 literis
1525 2422 1719 2470 apostolicis,
1728 2433 1808 2469 quae
1821 2421 1858 2456 ad
1869 2422 1952 2469 Apo·
1967 2421 2070 2470 ffifl‘s’fflnss
2082 2423 2152 2470 '¹¹22ssss

1199 2476 1341 2512 stolicam
1356 2476 1521 2512 Cameram
1540 2475 1736 2520 deferuntur,
1759 2488 1795 2510 se
1824 2475 1951 2511 assiduo
1966 2478 2150 2531 ffjssgfflssmsscfffgi:

1200 2530 1305 2566 labore
1325 2539 1486 2576 exercent,
1507 2530 1646 2565 adinstar
1669 2529 1802 2565 aliorum
1832 2528 1952 2564 officia·
2037 2516 2048 2537 Ρ
2111 2516 2123 2537 ⁹
2144 2524 2149 2530 ⁸

1200 2584 1274 2619 lium
1311 2584 1473 2621 Romanae
1510 2583 1627 2619 Curiae
1667 2584 1749 2619 circa
1785 2583 1948 2619 literarum

1199 2638 1382 2674 earumdem
1400 2637 1633 2687 expeditionem
1656 2637 1879 2682 laborantium,
1899 2637 1951 2672 dc-
