2281 3251
213 271 262 297 An.
281 270 308 298 C.
327 270 392 297 15st

462 258 533 292 604

463 322 533 358 Dat.
557 322 678 358 Romae
690 320 772 369 apud
786 321 938 356 Sanctum
954 321 1096 366 Petrum,
1109 321 1169 356 sub

413 377 532 413 annulo
559 376 749 416 Piscatoris,
772 375 823 410 die
851 375 990 410 secunda
1015 375 1146 410 ianuarii
1162 403 1170 413 .

414 432 583 466 millesimo
617 430 874 478 quingentesimo
915 429 1170 476 decimoquarto,

415 485 616 533 pontificatus
639 484 736 519 nostri
760 496 843 518 anno
867 484 979 531 primo.

474 546 535 577 Dat.
553 545 634 586 dief2
650 545 777 576 ianuarii
794 546 881 583 1514,
898 545 1070 585 pont.‘anno
1087 554 1105 574 ι.

750 717 834 753 VIII.

415 803 605 849 Refer-matio
625 801 776 846 yenerali's
795 801 1007 845 praelatorum
1029 800 1170 834 ecclesia-

462 858 633 895 sticarum,
663 866 825 899 eorumque
847 854 1031 900 officialium
1058 865 1094 887 ac
1119 853 1171 897 sa-

461 911 635 945 miliart'um
662 916 689 943 et
715 910 861 943 aliorum.

687 992 906 1024 SUMMARtUM

414 1058 581 1090 Exordium.
606 1074 645 1080 —
664 1057 690 1086 1.
708 1055 804 1086 Causa
829 1056 917 1085 huius
940 1055 1170 1085 reformationis

452 1102 529 1133 -2.
546 1101 714 1132 Praetinitio
727 1100 955 1130 reformationis.
966 1117 1004 1121 —
1015 1099 1088 1129 3.De
1101 1110 1172 1139 qua-

453 1147 558 1178 litatib.
571 1146 760 1186 promovend.
773 1145 809 1175 ad
822 1146 1023 1184 episcopatum
1036 1149 1086 1174 etc.
1099 1146 1171 1175 —4.

453 1192 532 1224 AEtas
549 1192 578 1221 in
595 1191 638 1221 eis
657 1190 847 1229 requirenda.
861 1206 900 1211 —
915 1190 942 1219 5.
955 1188 1170 1220 Praemittenda

454 1245 586 1274 examen,
609 1244 767 1276 processus
786 1239 814 1264 et
838 1234 942 1263 relatio
969 1233 998 1262 in
1025 1235 1171 1264 concisto-

454 1282 507 1313 rio.
533 1298 574 1304 —
593 1282 621 1312 ὓ.
645 1280 774 1311 Promoti
794 1279 913 1308 visitent
934 1278 1110 1308 cardinales.
1133 1295 1173 1300 ——

454 1326 480 1357 7.
507 1325 672 1365 Episcopus
700 1330 729 1354 et
755 1323 857 1359 abbas,
879 1323 968 1352 etiam
996 1323 1025 1352 in
1048 1323 1172 1352 notoriis

454 1370 642 1405 criminibus,
655 1369 784 1399 habeant
796 1367 994 1398 detensiones.
1006 1384 1044 1389 —
1055 1366 1081 1396 8.
1095 1366 1173 1397 Prae-

454 1414 530 1445 latus
554 1415 662 1445 invitus
690 1422 749 1443 non
771 1412 974 1443 transferatur.
1001 1429 1041 1434 —
1061 1412 1088 1442 9.
1111 1411 1171 1441 Re-

455 1459 590 1490 formatio
603 1459 638 1489 de
655 1458 910 1489 commendatione
927 1456 1171 1486 monasteriorum

454 1509 505 1535 elc.
532 1521 570 1527 —
597 1503 645 1534 10.
670 1502 763 1533 Onera
792 1502 964 1532 eorumdem
994 1502 1070 1531 circa
1095 1501 1173 1531 elee-

454 1557 594 1588 mosynas
617 1552 667 1578 ele.
692 1565 732 1571 —-
754 1547 801 1577 11.
823 1546 1004 1576 Reformatio
1033 1546 1069 1575 de
1097 1555 1172 1585 pen-

455 1593 591 1624 sionibus
608 1592 804 1623 reservandis.
817 1609 857 1615 —
869 1590 915 1620 12.
931 1589 1012 1625 Quae
1030 1590 1171 1621 beneficia

455 1637 660 1668 cardinalibus
686 1646 744 1667 non
775 1635 1010 1666 commendanda
1040 1637 1107 1666 sint.
1135 1654 1174 1660 —-

456 1682 504 1713 13.
537 1682 716 1712 Reformatio
747 1681 782 1711 de
815 1680 970 1710 beneficiis
999 1682 1173 1720 separandis

455 1744 495 1751 —
513 1727 560 1758 14.
583 1726 797 1765 Uniendisque.
813 1742 852 1748 —
871 1726 917 1755 15.
936 1725 1115 1756 Resorinatio
1139 1727 1174 1757 de

456 1771 670 1802 beneficiorum
695 1770 862 1810 pluralitate
874 1775 902 1800 et
917 1771 1125 1801 reservatione.
1136 1788 1175 1793 —

459 1816 506 1847 16.
524 1815 704 1845 lleforniatio
727 1814 922 1844 cardinalium
945 1815 1024 1844 circa
1041 1815 1127 1845 vitam
1147 1820 1175 1845 et

459 1869 568 1896 mores,
582 1877 621 1882 —
641 1860 686 1889 17.
709 1858 820 1898 Nempe
839 1859 917 1898 quod
939 1868 1006 1888 cum
1026 1859 1174 1899 episcopis

459 1903 622 1935 honorifice
645 1913 677 1934 se
697 1909 810 1942 gerant3
830 1920 870 1926 ·-
888 1903 934 1933 18.
960 1902 1098 1933 Omnium
1119 1913 1173 1933 ne-

459 1950 541 1988 gocia
565 1950 612 1989 pie
635 1953 835 1989 promoveant,
853 1947 965 1987 absque
989 1948 1176 1987 partialitate;

459 2009 498 2016 —
521 1993 568 2024 19.
587 1992 753 2024 Titulorum
773 1992 835 2022 loca
863 1997 891 2022 et
912 2001 1013 2022 eorum
1034 2001 1175 2031 personas

460 2038 579 2069 visitent
601 2043 629 2068 et
650 2038 806 2075 adiuvent,
828 2042 855 2067 et
877 2046 978 2066 eorum
997 2037 1083 2066 vitam
1104 2037 1174 2066 dili-

461 2088 563 2123 genter
591 2083 754 2123 explorent3
785 2099 824 2105 —
855 2081 904 2112 20.
942 2080 1176 2120 Consanguineis

462 2128 640 2158 subveniant
663 2128 826 2165 ino(lerate;
844 2143 883 2148 —-
904 2126 952 2156 21.
975 2125 1006 2155 In
1029 2136 1177 2156 commen-

462 2173 508 2204 dis
526 2173 652 2203 vicarios
676 2176 704 2202 et
725 2172 799 2202 alios
818 2171 1003 2201 necessarios
1021 2171 1176 2209 religiosos

464 2221 599 2255 teneant;
616 2233 654 2240 —
672 2215 722 2246 22.
746 2215 823 2246 Bona
843 2215 1036 2245 ecclesiarum
1057 2225 1178 2245 conser-

463 2267 530 2292 vent
549 2267 577 2292 et
598 2266 781 2298 restaurent;
798 2277 837 2283 —
854 2260 902 2290 23.
924 2259 963 2290 De
987 2260 1176 2290 familiarium

464 2315 606 2344 numero,
633 2305 846 2346 qualitatibus,
873 2304 1036 2344 impensis,
1058 2309 1108 2334 etc.
1128 2315 1179 2344 op-

465 2352 534 2382 time
554 2357 667 2381 curent.
688 2368 727 2374 -
748 2351 796 2381 24.
821 2350 1001 2380 Reformatio
1029 2351 1065 2380 de
1094 2351 1179 2381 sanii-

466 2396 584 2426 liarium
600 2396 849 2435 servientiumque
868 2395 967 2426 habitu
986 2400 1014 2425 et
1030 2395 1094 2426 aliis
1110 2405 1180 2436 qua-

466 2440 611 2478 litatibus,
628 2457 667 2463 —
681 2440 728 2471 25.
740 2440 1003 2479 Familiariumque
1022 2439 1126 2479 Papae.
1143 2457 1180 2462 —

466 2485 515 2516 26.
541 2485 712 2516 Cardinales
741 2485 776 2515 de
798 2485 997 2515 conservanda
1021 2489 1048 2514 et
1070 2493 1176 2524 propa-

467 2531 560 2570 ganda
575 2531 630 2561 fide
649 2531 806 2570 praecipue
824 2539 928 2560 curare
947 2529 1115 2567 debent3—
1130 2529 1178 2559 27.

467 2575 627 2615 Legatique
658 2580 685 2605 et
717 2575 929 2613 gubernatores
964 2574 1179 2613 provinciarum

468 2619 617 2658 deputati,
639 2619 832 2659 personaliter
865 2619 1039 2657 gubernent;
1064 2634 1104 2640 —
1133 2617 1180 2647 28.

469 2662 628 2694 Resideant
650 2663 699 2693 alii
723 2663 751 2693 in
774 2662 859 2693 Curia
882 2661 1024 2700 Romana,
1040 2666 1069 2693 et
1085 2661 1180 2701 Papae

997 266 1186 291 nummuli
1207 267 1371 293 nonnum!

1251 322 1422 352 inserviant.
1439 338 1478 345 —-
1495 321 1542 352 29.
1561 319 1741 351 Reformatio
1765 318 1800 349 de
1819 317 1964 358 impensis

1252 365 1432 396 funeralium
1448 365 1600 401 cardinal,
1619 382 1659 388 —
1674 364 1721 395 30.
1740 362 1820 393 Votis
1842 372 1899 393 non
1918 371 1966 393 re-

1251 410 1396 447 vetandis,
1416 427 1454 433 —
1466 410 1512 440 31.
1528 409 1712 448 Silentioque
1728 418 1742 438 a
1760 407 1838 447 Papa
1855 407 1966 437 indicto

1251 454 1444 485 observando.
1455 472 1494 481 -·—
1511 454 1558 484 32.
1571 454 1749 484 nesormano
1765 453 1800 483 de
1816 452 1966 491 magistris

1251 498 1279 528 in
1303 499 1468 529 eruditione
1495 498 1685 533 scholarium,
1702 515 1742 520 —
1759 497 1806 528 33.
1827 496 1967 536 Blasphe-

1252 543 1462 583 mantibusque
1493 543 1583 573 Deum
1613 547 1642 572 et
1667 541 1787 572 Mariam
1813 541 1966 580 Virginem

1251 592 1279 618 et
1297 588 1372 618 alios
1395 593 1523 618 sanctos.
1540 604 1580 610 -
1594 587 1641 617 34.
1663 586 1842 616 Clericorum
1861 587 1967 616 incon-

1253 632 1408 662 tinentium
1443 641 1566 671 poenae.
1596 648 1635 653 —
1667 630 1714 660 35.
1748 629 1967 660 Sodomitorum

1251 685 1372 716 poenae.
1383 693 1422 699 --
1437 676 1484 707 36.
1502 675 1786 706 Concubinariorum
1800 683 1969 713 poenae.—

1251 720 1300 750 37.
1326 720 1561 751 simoniacorum
1582 718 1811 759 poenae.—38.
1832 718 1969 748 Officium

1251 765 1376 795 recitare
1399 766 1597 796 omittentium
1621 773 1742 804 poenae.
1761 780 1800 786 —-
1817 763 1864 793 39.
1880 762 1968 793 Prin-

1252 809 1351 849 cipum
1375 810 1574 840 saecularium
1594 815 1622 840 et
1644 810 1777 849 ipsorum
1798 808 1968 838 officialium

1252 853 1281 884 in
1308 854 1453 885 fructibus
1480 854 1694 885 beneficiorum
1718 863 1750 883 se
1773 853 1969 891 ingerentium

1253 907 1373 938 poenae.
1405 916 1443 922 —
1470 900 1518 930 40.
1541 899 1647 929 Contra
1677 898 1821 928 violantes
1849 896 1972 927 liberta-

1253 947 1310 972 tem
1339 943 1571 974 ecclesiasticam
1601 943 1720 973 innovat
1746 941 1970 972 constitutiones

1253 987 1311 1017 ΒΗ.
1332 987 1518 1018 Pontificum.
1534 1005 1573 1011 —
1589 988 1638 1017 41.
1655 986 1836 1017 Reformaiio
1858 986 1894 1015 de
1910 994 1971 1015 ina-

1253 1032 1346 1062 lesicis
1365 1038 1394 1063 et
1412 1032 1655 1063 incantatoribus,
1670 1048 1710 1053 —
1723 1031 1772 1061 42.
1791 1030 1970 1061 Reformatio

1252 1077 1288 1107 de
1307 1078 1463 1108 haereticis
1479 1077 1687 1118 perquirendis
1705 1081 1733 1105 et
1748 1076 1917 1115 puniendis.
1933 1092 1972 1098 —

1251 1122 1301 1152 43.
1325 1121 1402 1152 Ilaec
1421 1122 1502 1152 bulla
1525 1131 1628 1152 ornnes
1646 1127 1674 1151 et
1697 1121 1807 1160 ubique
1827 1121 1906 1159 ligat.
1932 1136 1971 1142 -—

1251 1167 1301 1196 lit.
1320 1167 1452 1206 Aliisque
1469 1166 1715 1201 constitutionil).,
1737 1165 1834 1205 quoad
1852 1174 1970 1204 poenas,

1253 1221 1311 1241 non
1330 1212 1466 1242 detrahit.
1485 1229 1526 1234 —
1541 1212 1589 1242 45.
1614 1211 1681 1241 Post
1711 1211 1785 1241 duos
1814 1219 1932 1241 menses
1954 1220 1969 1240 a

1253 1256 1300 1286 die
1320 1256 1528 1294 publicationis
1553 1256 1632 1295 ligat,
1653 1260 1681 1286 et
1708 1255 1892 1295 interpretari
1912 1263 1970 1284 non

1254 1305 1358 1339 potest.

1213 1377 1263 1406 Lao
1281 1376 1424 1413 episcopus
1446 1383 1542 1406 servus
1566 1383 1708 1405 servorum
1729 1375 1786 1409 Dei.
1813 1376 1847 1404 att
1874 1382 1968 1412 perpo-

1258 1427 1336 1455 tuam
1355 1427 1397 1455 rei
1415 1425 1590 1459 memortam.
1611 1432 1689 1455 sacro
1709 1425 1879 1462 approbante
1902 1425 1971 1454 Gon-

1259 1476 1332 1505 cilio.

1263 1539 1429 1587 Supernae
1445 1539 1662 1587 dispositionis
1676 1538 1817 1582 arbitrio,
1832 1551 1896 1588 quo
1911 1550 1973 1574 coe-

1216 1590 1301 1624 lestia
1328 1589 1442 1637 pariter
1467 1598 1497 1624 et
1525 1598 1647 1625 terrena
1676 1588 1824 1624 ineffabili
1860 1588 1972 1637 provi-

1216 1639 1320 1674 dentia
1337 1640 1562 1686 disponuntur,
1587 1639 1618 1673 in
1641 1639 1768 1674 sublimi
1792 1639 1870 1674 beati
1887 1638 1971 1674 Petri

1217 1689 1308 1731 solio,
1336 1688 1453 1724 Christi
1477 1689 1632 1736 unigeniti
1658 1688 1712 1724 Dei
1730 1688 1784 1723 titii
1807 1696 1971 1735 gerentem

1218 1740 1299 1774 vices
1321 1739 1352 1773 in
1383 1739 1472 1774 terris
1494 1737 1674 1774 Romanum
1699 1738 1885 1773 Pontificem
1915 1737 1972 1773 de-

1216 1797 1263 1824 cet
1287 1789 1316 1822 in
1351 1788 1482 1836 primis,
1509 1800 1564 1834 pro
1591 1800 1665 1823 cura
1688 1796 1717 1823 et
1745 1787 1844 1823 salute
1866 1787 1970 1823 domi-

1218 1839 1277 1873 nici
1292 1839 1397 1884 gregis
1410 1838 1469 1872 sibi
1491 1837 1642 1872 divinitus
1657 1837 1831 1879 commissi,
1847 1837 1968 1885 providi

1216 1899 1362 1924 exercere
1391 1887 1527 1934 pastoris
1547 1886 1698 1922 officium.

1265 1938 1285 1985 g
1309 1941 1340 1971 1.
1368 1936 1487 1978 Quare,
1515 1948 1572 1984 pro
1586 1937 1659 1971 dicti
1690 1935 1855 1983 pastoralis
1877 1935 1972 1971 officii

1217 1986 1430 2026 solicitudine,
1453 1999 1524 2022 curn
1542 1985 1787 2021 ecclesiasticam
1820 1985 1972 2033 discipli-

1220 2049 1290 2071 nam
1328 2048 1364 2071 ac
1391 2048 1446 2083 per
1479 2048 1590 2071 omnes
1618 2035 1681 2071 sere
1716 2035 1972 2071 christifidelium

1218 2086 1334 2133 gradus
1376 2085 1458 2120 bene
1485 2094 1634 2132 recteque
1669 2084 1792 2120 vivendi
1820 2085 1972 2132 regulam,

1219 2144 1399 2182 temporum
1423 2135 1606 2170 difficultate
1628 2146 1664 2170 ac
1687 2133 1853 2169 hominum
1882 2134 1973 2170 mali-

1220 2186 1261 2220 tia
1289 2185 1478 2232 licentiaque
1505 2194 1535 2220 et
1558 2184 1755 2232 impunitate,
1779 2184 1809 2218 in
1833 2183 1972 2219 deterius

1221 2236 1260 2270 ita
1287 2235 1374 2276 labi,
1404 2235 1543 2270 defluere
1571 2234 1779 2280 aberrareque
1802 2232 1928 2280 longius
1955 2245 1972 2268 a

1222 2293 1303 2320 recta
1333 2284 1378 2319 via
1394 2284 1684 2324 animadvertimus,
1711 2291 1743 2317 ut
1766 2283 1824 2318 nisi
1843 2282 1972 2330 provida

1221 2334 1396 2381 corrigatur
1409 2334 1640 2375 emendatione,
1663 2333 1693 2367 in
1717 2332 1817 2368 varios
1838 2344 1973 2378 errores,

1220 2386 1390 2420 securitate
1419 2383 1578 2431 peccandi,
1606 2382 1746 2430 quotidie
1765 2382 1865 2429 magis
1892 2382 1973 2417 inei-

1221 2435 1318 2479 dere,
1346 2433 1636 2481 moxqueobortis
1664 2431 1788 2480 publice
1816 2431 1973 2467 scandalis

1223 2500 1431 2536 prorumpere
1453 2488 1493 2523 sit
1520 2486 1704 2523 verendum.

1271 2544 1290 2590 ἓ
1311 2547 1343 2577 2.
1372 2542 1548 2590 Cupientes
1575 2542 1679 2589 igitur,
1702 2548 1858 2588 quatenus
1881 2540 1973 2576 nobis

1223 2609 1259 2632 ex
1288 2597 1349 2632 alto
1366 2597 1568 2644 permittitur,
1584 2608 1618 2632 ea
1643 2596 1703 2630 iam
1728 2595 1862 2630 nimium
1886 2595 1974 2630 inva-

1223 2651 1372 2687 lescentia
1399 2650 1479 2687 mala
1506 2651 1681 2698 corrigere,
1709 2661 1745 2686 ac
1767 2649 1918 2698 pleraque
1941 2648 1973 2684 in

1980 261 2029 290 An.
2050 262 2080 291 C.
2093 261 2160 291 tlwt

2018 1548 2136 1570 uxorein.

1993 1949 2060 1971 Cum
2069 1949 2130 1971 1111111
2137 1953 2169 1971 ro-
2202 1948 2210 1971 .“

1986 1979 2124 2002 ίοτωιιῐοιιΙι.
2195 1986 2199 1990 ·

2000 2550 2123 2573 Froeflnttto
2138 2553 2169 2571 ro·

1987 2582 2125 2604 torm-iterun.
