2281 3251
98 266 144 291 Αη.
165 266 193 291 (ἶ.
217 267 281 293 11ιῖΙῖ

115 1060 175 1080 cives
191 1059 278 1080 Bononi-

98 1097 132 1111 en.
146 1091 212 1117 Papae
234 1098 282 1117 sup-

98 1123 176 1149 plicant
187 1128 223 1149 pro
233 1128 282 1142 ron-

99 1155 208 1173 titulation⁴
221 1156 238 1172 vt
249 1160 283 1172 va-

99 1185 125 1204 titt
135 1186 200 1203 iti-ine
209 1190 280 1204 eorum

99 1220 151 1241 qnae
177 1216 280 1241 postmod.

99 1247 157 1272 gesta
173 1249 227 1266 snut.

112 1751 204 1777 Benigne
229 1757 283 1771 eon-

96 1783 152 1803 eedit
168 1782 269 1802 Alexand.

900 268 1096 289 All-,xtNmitt
1123 268 1151 289 t'l
1178 268 1222 289 ΙΨ.

1719 259 1780 288 .)ι)1

296 321 392 369 pitula
408 321 588 355 huiusmodi
614 321 874 367 responsionibus
891 321 990 364 sactis,
1011 334 1045 355 ac
1090 330 1116 354 et
1142 322 1210 355 eins
1227 322 1380 366 legatione
1396 322 1493 359 finita,
1511 333 1565 367 per
1578 320 1728 355 dilectum
1743 321 1840 355 titium

296 370 422 417 publico
451 371 661 404 instrumento
695 370 865 416 superinde
902 371 1045 404 consecto

298 431 393 453 manu
416 419 574 465 quondam
592 419 674 452 Petri
691 419 730 452 de
744 419 877 461 Noxeto,
901 420 1043 453 eiusdem

296 468 413 502 Nicolai
438 467 693 514 praedecessoris
721 470 892 508 secretarii;
922 481 1043 503 necnon

295 517 434 561 Callisti,
457 517 502 551 Pii
519 530 554 551 ac
570 517 677 555 Pauli,
704 517 782 551 Sixti
807 527 836 551 et
860 518 1047 561 Innocentii,

296 566 571 611 praedecessorum
591 566 835 613 praedictorum,
852 568 1048 614 litterisapo-

295 615 423 659 stolicis,
446 623 475 649 et
499 615 537 649 ad
560 615 695 661 capitula
723 615 859 650 exliibita
885 629 939 662 pro
963 625 1047 662 parte

295 665 477 699 eorumdem
501 664 604 698 eidem
628 664 684 698 Pio
711 665 943 710 praedecessori
960 666 1048 699 sactis

297 725 350 759 per
377 713 494 748 dictum
512 713 605 748 Pium
624 714 897 760 praedecessorem
922 726 1049 760 respon-

295 762 441 797 sionibus
476 775 568 797 manu
601 763 759 809 qnondam
780 763 922 809 Gregorii
959 764 1047 807 Solii,

298 811 370 846 dicti
400 812 446 846 Pii
478 812 729 858 praedecessoris
756 813 914 847 secretarii
942 825 1047 846 anno-

297 861 385 904 tatis,
423 873 458 895 ac
497 874 525 894 m
556 861 694 907 registris
724 861 874 896 Gamerae
903 862 1048 908 Aposto-

297 909 374 944 licac
403 910 596 955 registratis,
623 923 704 957 qnae
736 910 904 957 diligenter
936 911 1046 958 inspici

296 959 440 993 fecimus.

345 1009 364 1053 ἓ
393 1011 424 1041 5.
448 1007 529 1041 Cum
549 1017 664 1048 antem,
681 1009 759 1042 sicut
783 1008 886 1043 dilecti
907 1008 961 1042 lilii
981 1008 1049 1042 An-

298 1059 402 1091 tonius
423 1056 546 1091 Galcaz.
568 1057 760 1097 Bentivolns,
785 1058 924 1091 notarius
948 1058 1048 1091 dictae

297 1106 399 1149 Sedis,
431 1106 615 1141 Ludovicus
651 1107 689 1140 dc
716 1108 828 1141 Castro
856 1108 888 1141 S.
914 1107 995 1140 Pon-i
1020 1116 1047 1141 et

296 1156 402 1190 Minus
424 1156 462 1189 de
488 1156 623 1199 Rnbeis,
642 1156 725 1190 cives
743 1155 918 1190 Bononicn.
937 1165 964 1189 et
978 1168 1050 1190 ora-

298 1214 380 1239 tores
411 1206 589 1239 communis
617 1215 644 1238 et
669 1205 776 1251 populi
802 1205 1049 1251 praecilictorum,

296 1254 333 1288 ad
357 1266 414 1288 nos
433 1262 462 1288 et
489 1254 604 1288 Sedent
632 1254 847 1300 Apostolicam
871 1254 1050 1301 specialiter

296 1303 464 1342 destinati,
495 1311 566 1349 post
597 1303 776 1350 praestitam
801 1315 855 1349 per
878 1315 932 1338 eos
959 1303 1049 1337 nobis

296 1352 419 1386 debitae
443 1351 603 1386 fidelitatis
626 1360 655 1386 et
677 1352 884 1387 subiectionis
902 1352 1050 1386 obedien-

297 1400 1048 1448 tiam,nobisnuperexposuerunt,quodantiani

295 1451 474 1485 communis
501 1458 531 1485 et
559 1451 696 1497 populns
724 1451 854 1498 praefati
880 1451 1049 1497 praemissa

297 1500 402 1534 omnia
432 1499 626 1540 desiderent,
655 1508 682 1533 et
706 1512 785 1546 qnae
813 1512 921 1534 eornm
947 1500 1049 1546 vigore

297 1548 500 1596 postmodnm
524 1559 609 1594 gesta
632 1549 733 1593 suere,
756 1561 811 1596 pro
839 1561 947 1583 eornm
971 1549 1049 1583 sub-

297 1598 437 1632 sistentia
454 1598 581 1632 firmiori
599 1598 969 1645 nostraeapprobationis
985 1611 1050 1632 mu-

297 1647 417 1682 nimine
439 1647 577 1681 solidari.

345 1701 360 1740 g
382 1699 415 1730 4.
439 1697 515 1740 Nos,
531 1697 584 1742 qni
603 1696 770 1742 prat-satam
789 1696 1047 1731 communitatem

296 1754 324 1779 et
348 1746 432 1780 illius
455 1746 549 1789 ciros,
575 1746 750 1791 peculiares
772 1754 895 1779 nostros
916 1754 945 1779 et
962 1746 1049 1780 eius-

296 1794 367 1828 dem
389 1794 551 1829 Romanae
569 1795 729 1829 Ecclesiae.
750 1795 841 1839 filios,
856 1795 896 1829 ob
910 1795 1049 1830 sincerae

295 1844 471 1878 devotionis
497 1844 641 1879 affectum
677 1851 707 1878 et
736 1844 805 1877 fidei
838 1845 1047 1879 constantiam

295 1901 324 1927 et
346 1893 576 1939 integritatem,
598 1893 715 1940 quibus
742 1906 800 1928 nos
822 1901 851 1927 et
879 1893 1047 1940 praefatam

295 1942 470 1977 Ecclesiam
495 1950 696 1987 reverentur,
719 1942 846 1989 speciali
880 1943 1048 1977 dilectione

297 1992 528 2039 prosequimur,
556 1999 585 2025 et
602 2000 728 2038 paterna
751 1992 878 2026 caritate
899 1992 1050 2027 confove-

296 2052 378 2085 mus,
411 2053 520 2075 eornm
551 2041 580 2074 in
613 2041 669 2075 bac
700 2048 785 2087 parte
808 2041 1049 2088 supplicationi-

296 2094 354 2128 bus
382 2094 534 2135 inclinati,
564 2094 838 2142 praelatorumque
860 2095 1048 2142 praedeces-

295 2160 400 2182 sorum
437 2148 629 2182 inliaerendo
670 2149 807 2194 vestigiis
824 2177 831 2189 ‚
868 2150 1049 2184 concessio-

295 2213 363 2242 nes,
385 2202 519 2248 gratias,
541 2201 769 2242 ordinationes,
796 2203 967 2248 privilegia,
994 2205 1049 2238 im-

296 2255 487 2300 munitates,
509 2255 645 2302 capitula
685 2255 734 2290 illa
763 2255 940 2301 (innitaxat,
969 2271 1048 2304 qnae

297 2321 352 2355 per
366 2309 530 2343 Nicolaum
547 2317 576 2343 et
591 2309 668 2343 alios
682 2310 942 2356 praedecessores
959 2323 1048 2357 prae-

295 2363 400 2397 dictos
427 2363 545 2408 signata
573 2370 602 2397 et
630 2375 778 2397 concessa
805 2363 941 2405 suerunt,
965 2366 1047 2400 iuxta

295 2417 533 2452 concessionem
557 2427 584 2452 et
607 2418 854 2452 moderationem
874 2419 1046 2454 eorundem

297 2470 587 2518 praedeeessorum}
610 2484 645 2506 ac
672 2472 794 2517 onmia,
817 2484 897 2518 quae
920 2484 974 2518 per
996 2473 1046 2508 bo.

300 2537 360 2559 me.
388 2525 563 2572 Angelum,
592 2527 637 2559 tit.
673 2526 706 2560 S.
735 2526 847 2560 Crucis
875 2527 903 2560 in
932 2527 1047 2561 Hieru-

297 2579 394 2613 salem
415 2578 632 2627 presbyterum
649 2579 932 2621 cardinalem‚olim
955 2581 984 2614 in
1002 2582 1047 2615 ci—

297 2633 390 2668 vitate
412 2633 548 2680 praefata
572 2634 772 2681 Apostolicae
787 2634 880 2669 Sedis
896 2635 1045 2682 legattnm

1091 371 1236 404 loannem
1262 370 1448 416 Baptistam,
1472 370 1506 404 S.
1522 369 1640 404 Nicolai
1662 370 1691 403 in
1707 370 1840 405 Carcere

1089 420 1233 453 'l'nlliano
1248 419 1413 453 diaconum
1431 419 1634 463 cardinalem,
1647 427 1721 453 tunc
1741 419 1842 454 dictae

1089 469 1180 502 Sedis
1195 469 1349 502 notarium
1362 477 1390 502 et
1405 469 1539 502 civitatis
1561 469 1703 503 eiusdem
1726 468 1843 513 guber-

1092 527 1243 557 natorem;
1272 530 1305 551 ac
1330 530 1384 563 per
1407 517 1456 551 bo.
1481 530 1541 551 me.
1570 517 1789 561 Franciscum,
1808 518 1840 551 S.

1090 567 1204 600 Maniae
1238 568 1339 599 Notae
1362 567 1529 601 diaconum
1559 567 1774 607 cardinalem;
1807 580 1843 601 ac

1091 615 1298 650 venerabilem
1317 615 1440 650 fratrem
1464 615 1635 660 Iulianum,
1658 616 1840 663 episcopum

1089 666 1224 707 ostien„
1242 665 1388 698 malorem
1403 666 1677 711 poenitentiarium
1687 674 1842 705 nostrum,

1091 714 1119 747 in
1145 713 1254 747 eadem
1284 714 1408 748 civitate
1437 715 1617 749 successive
1645 715 1738 749 etiam
1762 715 1844 760 lega-

1091 772 1171 801 tnm;
1190 772 1217 796 et
1235 762 1360 797 tandem
1382 776 1435 808 per
1453 763 1600 798 dilectum
1626 764 1723 798 filium
1746 764 1842 798 Asca-

1091 813 1178 845 nium
1195 812 1342 845 Sl'ortiam
1358 812 1595 857 Vicecomitem,
1610 813 1643 847 S.
1657 812 1721 847 Viti
1741 813 1843 847 cardi-

1091 861 1203 900 nalem,
1222 861 1508 895 vicecancellarinm
1528 862 1841 906 nostrnm,ineadem

1090 910 1213 943 civitate
1243 910 1399 955 legatum3
1422 919 1450 943 et
1480 912 1708 958 cuiuscumque
1731 924 1839 946 eorum

1092 972 1147 1004 pro
1162 967 1302 1005 tempore
1319 959 1421 993 locum
1444 967 1596 1001 tenentes,
1617 974 1688 995 cum
1712 963 1772 1005 his,
1787 963 1840 1007 qni

1092 1009 1312 1054 praeferuntur
1335 1008 1435 1042 ollicio
1451 1009 1618 1043 Sexdccim
1643 1010 1744 1046 dictae
1763 1011 1842 1044 eivi-

1092 1057 1161 1091 tatis
1185 1070 1239 1103 pro
1265 1058 1347 1091 bono
1367 1059 1517 1102 regimine
1540 1058 1679 1093 eiusdem
1698 1060 1843 1102 civitatis,

1090 1116 1175 1149 gesta
1200 1114 1229 1139 et
1260 1106 1334 1141 sacta
1364 1116 1437 1140 sunt
1468 1120 1565 1154 usqne
1595 1108 1623 1141 in
1654 1109 1840 1143 hodiernum

1091 1155 1185 1195 diem,
1201 1155 1376 1189 dnmmodo
1393 1169 1452 1189 non
1478 1156 1606 1190 tendant
1630 1157 1658 1191 in
1681 1157 1843 1203 praeiudi-

1091 1205 1175 1238 cium
1193 1204 1356 1239 Romanae
1378 1205 1537 1240 Ecclesiae
1559 1215 1588 1240 et
1611 1207 1842 1242 ecclesiasticae

1092 1253 1243 1287 libertatis
1283 1267 1318 1288 ac
1346 1267 1469 1293 eorum,
1493 1267 1573 1301 quae
1596 1255 1698 1290 eidem
1729 1256 1842 1290 civitati

1092 1316 1146 1348 per
1166 1303 1279 1337 Sedem
1296 1303 1507 1349 Apostolicam
1528 1305 1674 1339 mandata
1699 1305 1842 1341 fuissent}

1093 1364 1213 1385 necnon
1238 1353 1342 1386 omnia
1371 1361 1400 1386 et
1422 1353 1544 1398 singula
1570 1354 1740 1400 privilegia,
1764 1367 1843 1389 con-

1091 1401 1250 1435 cessiones
1277 1410 1307 1435 et
1329 1402 1450 1436 indulta
1477 1414 1493 1436 a
1518 1403 1685 1448 praedictis
1719 1412 1749 1438 et
1775 1404 1844 1438 aliis

1093 1449 1243 1484 Romanis
1260 1450 1465 1485 Pontificibus
1483 1451 1844 1497 praedecessoribusno-

1091 1499 1162 1533 stris
1175 1507 1204 1532 et
1216 1500 1324 1545 legatis
1335 1513 1370 1534 ac
1385 1501 1510 1534 nunciis
1524 1500 1725 1547 Apostolicae
1738 1501 1845 1545 Sedis,

1091 1556 1121 1581 et
1146 1561 1162 1582 a
1185 1549 1440 1596 quibuscumque
1468 1550 1535 1584 aliis
1557 1562 1573 1584 a
1598 1551 1734 1596 praefata
1758 1550 1843 1585 Sede

1093 1605 1276 1643 potestatem
1300 1598 1489 1633 habentibus
1505 1626 1512 1639 ,
1540 1599 1600 1633 sub
1640 1612 1842 1646 quacumque

1093 1646 1257 1680 verborum
1287 1647 1385 1682 forma
1414 1660 1562 1682 concessa
1602 1656 1633 1682 et
1670 1656 1762 1695 prout
1793 1649 1842 1682 illa

1092 1704 1304 1740 concernunt,
1327 1697 1430 1731 omnia
1446 1705 1475 1731 et
1491 1697 1612 1743 singula
1636 1698 1664 1731 in
1689 1697 1798 1732 litteris
1812 1706 1842 1732 et

1091 1745 1254 1790 scripturis
1290 1747 1427 1792 desuper
1448 1746 1601 1780 consectis
1638 1755 1784 1781 contenta
1814 1757 1843 1781 et

1093 1793 1163 1827 inde
1179 1802 1303 1838 secuta,
1318 1803 1349 1828 ut
1366 1795 1551 1841 praefertur,
1568 1795 1685 1829 bonum
1703 1796 1841 1842 regimen

1091 1843 1192 1877 dietae
1215 1844 1349 1878 civitatis
1372 1845 1592 1879 concernentia
1609 1857 1842 1891 quaecumque,

1092 1892 1120 1925 in
1145 1892 1247 1927 simile
1271 1893 1499 1939 praeiudicium
1517 1906 1578 1928 non
1596 1894 1772 1935 tendentia,
1787 1907 1843 1928 au-

1092 1941 1232 1975 ctoritate
1248 1942 1419 1988 apostolica
1433 1950 1516 1977 etex
1532 1952 1634 1977 nostra
1647 1951 1728 1977 certa
1744 1943 1844 1977 scien-

1092 1991 1128 2023 tia
1156 1991 1369 2037 approbamus
1393 1999 1422 2025 et
1445 1992 1730 2035 confirmamus,ac
1750 2004 1842 2039 prae-

1092 2048 1190 2073 sentis
1217 2041 1322 2087 scripti
1347 2041 1522 2087 patrocinio
1545 2041 1791 2081 communimus,
1807 2053 1843 2075 ac

1093 2094 1236 2128 volumus
1269 2094 1426 2128 observari
1451 2095 1602 2141 quamdiu
1625 2095 1741 2128 antiani
1758 2106 1843 2128 com-

1092 2149 1197 2183 munis
1219 2157 1248 2182 et
1285 2149 1421 2195 populus
1457 2148 1583 2194 praelati
1608 2148 1636 2182 in
1666 2149 1782 2182 nosti-is
1810 2157 1842 2182 et

1091 2201 1250 2236 Romanae
1262 2202 1412 2236 Ecclesiae
1427 2201 1603 2235 obedientia
1615 2210 1645 2235 et
1660 2201 1840 2246 devotione,

1091 2256 1206 2289 nostris
1238 2256 1392 2290 mandatis
1425 2267 1480 2301 pro
1516 2263 1657 2301 tempore
1685 2255 1841 2302 parendo,

1091 2309 1331 2355 permanserint.

1138 2367 1158 2413 g
1186 2369 1218 2400 5.
1241 2366 1433 2413 Snpplentcs
1449 2378 1558 2400 omncs
1581 2373 1611 2400 et
1629 2365 1771 2412 singulos
1790 2365 1841 2400 de-

1091 2420 1189 2454 fectus
1213 2430 1271 2454 tam
1298 2421 1372 2454 iuris
1395 2433 1488 2467 quam
1511 2420 1592 2460 taen,
1616 2421 1641 2454 si
1666 2421 1718 2466 qni
1736 2420 1840 2454 forsan

1090 2475 1313 2509 inteiwenvrint
1355 2475 1385 2508 in
1414 2474 1546 2514 eisdem;
1586 2486 1621 2508 ac
1656 2473 1841 2508 mandantes

1091 2529 1226 2574 piavl'ato
1242 2528 1389 2567 Ascanio,
1411 2535 1439 2562 et
1464 2540 1519 2575 pro
1534 2536 1673 2574 temporo
1697 2527 1840 2562 existenti

1091 2583 1191 2628 legato
1219 2591 1245 2615 et
1270 2581 1471 2628 gubernatori
1495 2582 1628 2616 civitatis
1649 2582 1840 2628 praedictae,

1090 2649 1210 2670 necnon
1235 2635 1383 2669 omnibns
1405 2636 1474 2670 aliis
1491 2636 1606 2670 nostris
1621 2643 1649 2670 et
1667 2635 1766 2669 dictae
1780 2634 1840 2669 Se-

1857 267 1904 291 Αη.
1924 265 1949 291 C.
1973 267 2036 292 1¹10ss

1869 2377 1943 2398 Eorum
1963 2378 2040 2399 ohser-

1856 2410 1946 2429 varitiam
1976 2415 2040 2435 prae-

1856 2440 1913 2465 cipit.
