2281 3251
104 260 154 286 An.
175 260 203 285 C.
220 260 284 286 t‘ni7

114 1851 158 1871 Alia
170 1851 285 1872 declaratio

105 1884 160 1902 virtut
194 1887 286 1902 renuva-

104 1916 182 1935 tionem
198 1915 286 1941 expedi-

105 1949 178 1967 torum.

875 259 1086 283 luxoCENTtUS
1114 260 1172 283 vm
1200 261 1246 283 Pt‘.

300 315 375 348 iufra
397 314 476 348 idem
501 323 627 360 tempus
647 314 772 359 triginta
789 314 922 354 dierum,
938 315 1044 349 venire

300 364 344 397 rel
362 363 481 398 mittere
490 363 526 397 ad
539 363 749 410 impetrandas
765 364 907 398 riovasde
923 364 1042 399 eisdem

300 413 407 446 officiis
434 413 550 451 literas,
579 426 632 459 per
657 413 832 459 praedictos
859 415 1045 448 secretarios

298 462 521 508 expediendas.
551 462 628 496 Etsi
647 462 723 497 forte
752 463 815 509 ipsa
841 463 941 498 oflicia
966 464 1042 498 ultra

298 522 360 546 tres
374 523 496 545 menses
512 512 720 556 exercuerint,
736 520 765 546 et
782 512 895 546 liabent
914 513 951 546 de
969 514 1043 559 ipsis

298 561 479 595 exercendis
493 561 570 595 ultra
585 569 736 596 semestre
749 563 964 597 concessionis
980 563 1045 597 lite-

299 622 361 650 ras,
396 610 595 645 decernimus
621 610 828 646 nihilomiuus
864 625 925 646 non
955 624 1043 659 poss(

299 660 478 694 huiusmodi
501 660 620 702 officia,
645 660 722 694 ultra
746 662 838 695 finem
863 674 947 696 nunc
969 674 1043 696 (ξιιμ

299 710 394 744 rentis
405 718 435 743 et
451 710 509 743 iam
523 709 677 743 dimidiati
689 711 930 753 semestris,nisi
949 711 1044 746 literis

298 759 336 793 de
358 771 438 794 noi-0
461 759 644 806 impetratis,
660 768 689 792 ct
710 773 763 806 per
784 760 912 795 eosdem
940 773 1045 796 secre-

299 809 392 843 tarios
419 808 525 843 denuo
555 809 726 855 expeditis,
755 822 910 845 exercere.
935 811 973 844 Et
1000 811 1044 845 sic

300 866 360 892 tam
380 859 433 905 qui
456 858 560 893 adhuc
583 858 660 892 infra
685 867 809 906 tempus
837 860 930 893 trium
948 872 1044 894 men-

299 908 380 942 sium
403 908 442 942 ab
464 908 551 943 initio
573 909 710 943 exercitii
734 921 841 943 eorum
869 909 1042 944 officiorum

298 966 382 998 sunt,
405 957 483 992 iufra
502 958 603 992 dictos
619 958 744 1004 triginta
760 959 828 992 dies
851 960 990 1005 proxime
1007 959 1045 993 ab

298 1007 477 1042 huiusmodi
493 1007 702 1052 publicatione
716 1008 1042 1055 ntnuei·audos,‹piani

298 1057 350 1103 qui
365 1057 404 1091 de
418 1057 652 1098 continuandis,
669 1065 737 1102 post
750 1066 873 1103 tenipus
887 1066 960 1092 tunc
979 1071 1044 1093 cur-

300 1109 396 1140 rentis
418 1107 599 1150 semestris,
628 1107 704 1152 ipsis
732 1108 853 1143 officiis.
881 1120 961 1153 quae.
986 1109 1043 1142 iam

298 1166 504 1190 exercuerunt
525 1156 602 1191 ultra
627 1165 688 1190 tres
711 1169 845 1196 menses,
861 1156 976 1191 liabent
991 1170 1045 1191 cx-

300 1206 419 1252 peditas
446 1205 566 1246 literas,
590 1218 651 1240 non
680 1206 833 1252 expeditis
855 1214 926 1240 ante
953 1207 1044 1241 finem

299 1255 459 1289 semestris
494 1255 582 1289 noris
617 1268 671 1300 per
706 1255 834 1290 eosdem
863 1257 1046 1291 secretarios

299 1304 409 1344 literis,
424 1304 571 1339 exercitia
587 1304 761 1339 officiorum
777 1306 960 1340 eorumdem
976 1318 1048 1341 con-

301 1355 422 1389 tinuare
446 1355 728 1401 praesumpserint,
763 1355 825 1388 sint
848 1367 887 1388 eo
915 1356 982 1402 ipso
1010 1356 1047 1390 ab

299 1404 410 1439 officiis
430 1404 609 1437 huiusmodi
639 1406 751 1444 amoti,
774 1412 803 1438 et
826 1417 1046 1452 quaecumque

299 1454 423 1494 exinde,
451 1453 633 1488 eorumdem
664 1454 836 1488 officiorum
867 1463 1048 1501 praetextu⁷

299 1505 468 1549 gesserint,
483 1503 545 1537 sint
562 1503 646 1537 irrita
668 1512 698 1537 et
719 1503 851 1538 invalida
875 1516 910 1538 ac
934 1505 1049 1540 nullius

300 1553 464 1588 efficaciae.
491 1552 530 1586 Et
552 1552 760 1587 nihilominus
776 1561 837 1587 tam
859 1554 934 1600 ipsi,
955 1567 1047 1600 quam

299 1603 352 1650 qui
377 1604 462 1650 ipsos
476 1603 611 1637 scienter
635 1603 778 1647 tolerare
797 1611 826 1637 et
847 1616 903 1650 pro
925 1604 1049 1638 officia—

300 1653 383 1687 libus
419 1652 534 1687 liabere
562 1652 674 1687 exinde
703 1654 985 1709 praesumpserint,
1013 1666 1049 1689 eo

301 1703 368 1749 ipso
391 1703 454 1748 pari
470 1702 807 1737 excommunicationis
830 1703 983 1738 sententia
1001 1704 1048 1738 iu-

307 1751 411 1786 nodati
439 1752 583 1786 existant.

349 1806 363 1843 §
390 1805 447 1835 22.
470 1801 541 1836 Pari
565 1801 659 1835 modo
683 1801 821 1836 volentes
854 1810 885 1836 ut
908 1802 1051 1849 quicum-

300 1863 361 1898 que
383 1850 494 1896 officia‚
517 1851 608 1886 etiam
628 1863 682 1898 per
704 1852 952 1898 provinciarum,
976 1852 1051 1886 civi-

301 1909 397 1936 tatum
425 1911 455 1936 et
475 1909 625 1936 teiffraium
654 1901 834 1935 earumdem
855 1901 973 1948 legatos
995 1914 1048 1936 seu

300 1950 525 1996 gubernatores
548 1963 603 1998 pro
623 1959 763 1997 tempore
786 1952 957 1987 existentes
980 1964 1051 1986 con-

300 1978 371 2035 ferri
387 2008 416 2034 et
430 2001 595 2040 committi
609 2009 668 2034 tam
687 2002 753 2035 iute
770 2001 940 2042 ordinario,
956 2014 1049 2048 quam

302 2050 405 2096 vigore
440 2062 715 2097 quarumcumque
740 2051 921 2086 facultatum
950 2051 1050 2092 solita,

303 2105 447 2140 obtinent
469 2105 532 2139 sive
564 2112 752 2151 expectant,
775 2114 827 2140 aut
862 2105 1050 2140 obtinebunt

303 2160 368 2194 sire
403 2159 613 2206 expectabunt
645 2159 673 2193 in
703 2159 863 2199 futurum,
891 2160 915 2193 si
952 2160 1049 2194 officia

304 2214 423 2248 suntin
446 2214 603 2261 praedicto
618 2213 786 2261 quiuteruo
804 2214 960 2260 descripta
979 2242 987 2258 7
1005 2224 1051 2249 te-

303 2276 435 2303 neantur
462 2277 490 2302 et
517 2268 653 2303 debeant
675 2268 736 2302 sub
758 2268 913 2302 similibus
931 2269 1050 2315 poeuis,

305 2322 382 2356 iufra
402 2322 585 2357 eorumdem
615 2322 737 2368 triginta
760 2321 881 2356 dierum
904 2323 1051 2368 spatium,

304 2390 339 2412 ex
359 2390 442 2411 nune
457 2386 486 2411 et
501 2378 677 2412 successive
695 2378 723 2411 in
743 2386 940 2424 perpetuum,
956 2378 1051 2423 prius-

304 2444 398 2479 quam
429 2431 528 2465 officia
557 2432 622 2478 ipsa
658 2432 809 2479 incipiant
845 2444 988 2466 exercere
1023 2439 1051 2466 et

307 2495 470 2533 postquam
500 2486 706 2533 incoeperint,
731 2487 836 2521 venire
860 2486 906 2520 vel
931 2486 1052 2522 mittere

306 2541 439 2587 singulis
460 2552 515 2575 sex
538 2540 700 2576 mensibus
717 2541 754 2575 ad
777 2553 834 2575 uos
856 2553 910 2587 pro
937 2541 1053 2576 confir-

305 2595 440 2629 matione
457 2595 695 2629 concessionum
717 2607 772 2642 per
785 2595 911 2630 eosdem
931 2594 1051 2641 legatos

308 2648 351 2682 vel
379 2648 603 2693 gubernatores
619 2649 656 2683 de
680 2649 857 2684 huiusmodi
881 2649 992 2684 officiis
1012 2650 1052 2684 fa-

387 2706 458 2735 Ball.
477 2705 550 2735 [lun.
572 2706 625 2735 l'sl.
650 2707 676 2736 Γ,
882 2707 914 2736 ἰἶῑῖ

1715 252 1784 285 557

1086 324 1220 358 ctarum,
1236 323 1320 349 mas
1335 315 1459 349 easdem
1476 315 1610 362 singulis
1625 315 1743 350 vicibus
1754 316 1836 351 soln-

1087 366 1157 399 turi.
1189 366 1225 399 1¹31
1255 364 1458 399 nibilominus
1486 373 1546 399 tam
1572 365 1662 411 legati
1686 377 1741 400 seu
1770 378 1832 412 gu-

1087 414 1266 449 bernatores
1293 423 1323 448 et
1351 423 1487 449 rectores
1519 415 1681 461 praedicti,
1704 415 1831 449 eosdem

1086 477 1196 498 omnis
1230 472 1261 497 ct
1282 464 1423 519 singulos
1446 472 1566 499 taxatos
1593 464 1741 499 officiales
1758 492 1767 509 ⁷
1793 465 1831 499 ad

1086 514 1258 560 simplicem
1300 514 1438 560 ipsorum
1487 514 1725 549 secretariorum
1777 526 1833 548 seu

1086 576 1192 597 eorum
1219 576 1323 597 nuncu
1349 563 1610 610 requisitionem
1633 563 1670 598 ad
1698 563 1835 598 solutio-

1087 625 1157 647 nem
1194 612 1374 646 huiusmodi
1400 621 1498 656 taxae7
1520 590 1653 658 singtilis
1674 626 1727 647 sex
1752 625 1836 648 men-

1086 662 1174 695 sibus
1199 662 1362 708 praedictis
1391 662 1581 705 faciendum,
1605 674 1674 696 cum
1708 662 1834 707 effectu,

1086 711 1204 757 alisque
1244 711 1303 745 ulla
1338 711 1397 745 tela
1426 711 1596 756 iudiciaria⁷
1623 712 1834 759 compellere;

1086 773 1177 808 quam
1209 760 1392 794 thesaurarii
1426 774 1480 795 seu
1516 762 1678 796 camerarii
1706 761 1753 795 vel
1777 761 1835 795 de-

1088 810 1224 855 positarii
1255 811 1393 844 lucorum
1418 811 1459 844 (iu
1491 810 1606 857 quilius
1638 811 1737 845 ollicia
1770 811 1834 858 ipsa

1087 860 1188 894 forsan
1213 860 1342 899 suerint,
1372 868 1423 893 aut
1459 874 1494 894 ex
1531 873 1664 906 quorum
1691 861 1837 895 manibus

1088 909 1263 943 huiusmodi
1284 908 1430 943 officiales
1458 910 1567 944 salaria
1590 922 1645 944 seu
1681 910 1835 957 stipendia

1088 960 1263 1005 recipienti,
1291 959 1412 992 etiamsi
1442 959 1554 993 fuerint
1581 972 1595 993 a
1625 960 1837 994 communita-

1088 1009 1171 1042 tibus
1206 1008 1343 1042 locorum
1383 1008 1545 1054 dopmni,
1574 1010 1837 1064 quotiescumque

1088 1058 1202 1092 luerint
1231 1070 1285 1104 pro
1314 1066 1399 1104 parte
1428 1036 1610 1092 eorumilem
1646 1060 1838 1093 secretario-

1088 1121 1156 1142 rum
1181 1107 1365 1162 simpliciter
1392 1108 1555 1154 requisiti
1571 1108 1755 1142 subsimilis
1776 1121 1838 1143 ex-

1087 1157 1385 1192 communicationis
1419 1169 1531 1203 poena
1564 1165 1728 1192 teneantur
1764 1160 1838 1193 reti-

1088 1219 1162 1241 nere
1178 1219 1214 1241 ex
1239 1206 1419 1241 huiusmodi
1437 1206 1619 1242 officialium
1641 1207 1760 1242 salariis
1784 1220 1838 1255 per

1091 1257 1174 1303 ipsos
1194 1256 1364 1301 solvendis,
1388 1265 1418 1290 et
1445 1257 1621 1292 secretariis
1647 1257 1764 1292 eisdem
1782 1270 1836 1292 seu

1089 1319 1198 1340 eorum
1224 1306 1347 1340 nunciis
1379 1306 1499 1341 solvere
1522 1315 1656 1352 tantum,
1684 1315 1836 1354 quantuni

1090 1356 1264 1402 intelligent
1292 1355 1409 1390 eisdem
1437 1357 1613 1392 secretariis
1648 1357 1753 1391 deberi
1784 1369 1839 1403 pio

1090 1416 1157 1440 taxa
1195 1406 1372 1440 huiusmodi
1406 1406 1580 1441 officiorum
1618 1407 1646 1441 iu
1682 1406 1838 1454 praedicto

1089 1457 1197 1503 quint:
1202 1468 1258 1489 ruo
1277 1456 1444 1503 descripta.

1138 1509 1187 1549 §⁰³
1169 1508 1224 1540 ..5.
1242 1506 1390 1540 Ceterum
1396 1506 1566 1552 ,qnoniam
1585 1505 1677 1540 iidem
1695 1514 1838 1541 secreta-

1091 1556 1138 1598 rii
1154 1568 1248 1602 super
1265 1557 1438 1602 quantitate
1459 1564 1666 1603 proieutuum
1684 1563 1770 1590 [axae
1792 1569 1840 1590 su-

1092 1605 1301 1652 predictorum
1319 1606 1492 1640 otticiorum
1512 1606 1541 1640 in
1566 1606 1725 1653 praedicto
1738 1605 1837 1653 quin—

1093 1664 1179 1690 terno
1202 1656 1431 1702 descriptorum
1452 1665 1481 1689 et
1500 1663 1685 1697 taxatorum,
1700 1664 1728 1689 et
1743 1668 1840 1702 gene-

1092 1705 1194 1739 raliter
1225 1718 1320 1752 super
1355 1705 1522 1752 praedictis
1556 1705 1704 1740 omnibus
1731 1718 1838 1739 eorum

1091 1754 1200 1789 officiis
1230 1767 1284 1801 per
1319 1767 1374 1789 nos
1401 1755 1565 1801 assignatis
1600 1755 1840 1795 emolumentis,

1093 1804 1171 1838 bona
1202 1805 1261 1838 fide
1284 1804 1487 1839 crediderunt
1514 1805 1648 1852 simplici
1672 1805 1767 1840 verbo
1788 1817 1841 1839 no—

1091 1861 1167 1895 stro,
1182 1862 1212 1888 et
1228 1862 1389 1901 propterea
1403 1855 1515 1889 dictam
1532 1856 1671 1902 pecunise
1684 1867 1839 1889 summam

1091 1904 1128 1937 id
1169 1904 1370 1938 relevandum
1404 1905 1602 1952 supradictas
1641 1905 1841 1940 necessitates

1094 1962 1214 1988 nostras
1242 1954 1441 1989 contribuere
1469 1967 1529 1988 uon
1559 1964 1756 1995 recusarunt,
1784 1967 1841 1989 nos

1092 2003 1223 2050 dignum
1254 2012 1433 2051 reputantes
1463 2014 1492 2037 ut
1525 2004 1663 2051 ipsorum
1689 2005 1841 2038 indemni-

1094 2054 1144 2087 tati
1166 2054 1379 2095 consulamus,
1397 2054 1435 2088 de
1450 2054 1542 2088 simili
1566 2054 1694 2088 fratrum
1718 2062 1841 2089 nostro-

1094 2120 1162 2141 rum
1185 2108 1318 2142 consilio
1350 2117 1380 2143 et
1412 2121 1540 2143 assensu
1558 2135 1566 2148 ,
1588 2120 1623 2142 ac
1647 2107 1841 2155 plenitudiue

1093 2162 1266 2209 potestatis,
1289 2162 1471 2197 earumdem
1497 2162 1709 2210 praesentium
1734 2169 1841 2197 tenore

1093 2217 1297 2252 decernimus
1324 2227 1354 2252 et
1390 2217 1598 2258 declaramus,
1626 2218 1656 2252 in
1692 2226 1840 2252 eventum

1092 2271 1176 2319 quod
1202 2284 1257 2319 pro
1283 2271 1387 2319 aliquo
1417 2284 1453 2306 ex
1482 2271 1591 2306 officiis
1625 2272 1654 2306 iu
1684 2272 1842 2319 praedicto

1093 2326 1261 2372 quinterno
1284 2326 1462 2373 descriptis,
1478 2327 1543 2361 sive
1565 2338 1602 2361 ex
1625 2339 1662 2362 eo
1678 2327 1761 2374 quod
1778 2326 1844 2361 offi-

1093 2381 1138 2415 cia
1161 2381 1227 2429 ipsa
1245 2393 1305 2415 non
1322 2388 1462 2415 extarent
1478 2380 1523 2415 rel
1538 2393 1598 2415 non
1613 2381 1845 2427 satisfacerent,

1093 2443 1146 2470 aut
1170 2448 1230 2471 non
1264 2436 1443 2470 sufficereut
1473 2436 1510 2470 ad
1538 2436 1726 2471 solutionem
1756 2445 1842 2472 {axae

1095 2490 1123 2524 in
1152 2497 1216 2525 toto
1239 2491 1283 2525 rel
1313 2492 1342 2524 in
1374 2498 1483 2537 parte3
1519 2491 1584 2525 sive
1608 2491 1679 2538 quia
1702 2502 1758 2538 per
1786 2503 1843 2525 nos

1096 2544 1140 2579 vel
1163 2553 1286 2580 nostros
1322 2557 1522 2580 successores
1551 2545 1705 2593 praefatos
1727 2557 1843 2579 conce-

1095 2598 1221 2634 deretur
1248 2599 1337 2634 alicui
1366 2611 1403 2634 ex
1435 2599 1664 2634 venerabilibus
1697 2598 1843 2633 fratribus

1095 2663 1219 2689 sanctae
1249 2654 1406 2688 Romanae
1441 2653 1599 2688 Ecclesiae
1631 2652 1842 2688 cardinalibus

1853 262 1901 288 An.
1921 262 1950 288 C.
1966 262 2030 288 ttiss7

1862 1517 1991 1538 Asaieumta..
2003 1519 2034 1538 atil.

1853 1553 1872 1567 ei
1875 1549 2015 1569 natusne—ntor.
