2281 3251
118 252 166 277 An.
186 250 212 277 C.
235 252 299 277 1117ss

135 1543 237 1569 praecep.
253 1549 308 1569 prm-

123 1575 164 1594 tata
180 1575 249 1595 omniu
269 1574 305 1594 ob>

123 1606 228 1626 servandi.

149 2031 311 2052 viem-ancella-

127 2065 213 2084 riusmet
231 2068 311 2083 execu-

126 2096 158 2113 tor
175 2093 293 2120 deputatur.

136 2301 246 2322 clausulae
262 2306 313 2327 prae-

129 2333 255 2353 servativae.

966 250 1077 271 stx'tt's

313 306 446 346 sionem,
466 304 504 339 ad
519 304 700 339 huiusmodi
724 304 836 343 officia,
858 304 1061 339 substituen—
1081 305 1084 310 '

313 355 425 389 dorum
448 353 623 388 officiorum
647 362 677 388 et
700 352 839 388 locorum
855 353 1062 388 Abbi-oviato-

316 404 378 439 riae
404 412 435 438 et
455 403 615 438 literarum
635 402 817 438 huiusmodi
840 403 1004 448 dispositio
1024 403 1061 437 ad

315 465 371 488 nos
392 461 422 487 et
444 464 500 499 pro
523 460 666 499 tempore
681 452 866 487 existentem
882 451 1061 487 Romanum

317 502 500 536 Pontificem
513 502 677 549 pertineat.
691 501 734 536 lta
748 509 779 535 ut
791 501 871 536 idem
887 501 1064 537 llodericns

315 551 483 597 episcopus
504 559 533 585 et
553 551 840 593 vicecancellarius,
862 551 955 585 etiam
981 563 1065 597 prae—

317 608 400 634 textu
425 613 479 647 per
502 613 559 635 nos
573 600 630 634 sibi
645 599 766 634 dudum
789 600 1064 646 generalitercon-

316 661 421 684 cessae
444 649 599 685 facultatis
623 648 798 695 praedictae
813 648 1001 695 disponendi
1025 649 1064 684 de

318 698 392 732 locis
413 710 449 733 ac
470 698 580 734 officiis
595 697 807 733 Cancellariae
827 698 1013 744 praedictae,
1027 698 1064 733 de

319 748 459 794 ipsorum
480 748 671 794 reliquorum
684 746 940 782 Abbreviatoriae
951 747 1065 781 officio-

317 808 388 830 rum
410 796 447 831 ad
471 809 546 838 nos,
569 804 602 831 ut
621 796 805 843 praefertur,
828 796 1065 842 pertinentium,

317 845 392 879 dum
429 845 601 889 vacabunt,
636 845 841 891 dispositione
872 857 905 879 se
933 853 1067 892 nequeat

318 894 482 940 impedire.
517 894 587 929 Non
614 893 812 929 intendentes
842 902 944 928 tamen
968 893 1067 928 facul-

318 942 369 978 tati
403 943 580 989 praedictae
614 950 740 990 propter
766 943 837 987 hoc,
859 955 896 976 ex
924 954 960 977 eo
982 942 1065 989 quod

317 992 384 1039 ipse
406 991 581 1027 Rodericus
602 992 771 1039 episcopus
793 1000 822 1025 et
846 991 1068 1026 vicecancella-

319 1042 383 1075 rius
404 1053 438 1075 ea
462 1041 563 1076 forsan
586 1041 739 1076 hactenus
774 1053 848 1074 usus
884 1053 945 1074 non
978 1041 1067 1083 foret,

319 1090 348 1123 in
381 1091 485 1137 aliquo
516 1091 701 1137 derogatum
726 1091 858 1129 censeri,
888 1090 951 1123 imo
974 1089 1068 1123 licere

318 1139 390 1183 sibi,
412 1151 485 1174 cum
508 1140 650 1179 voluerit,
674 1151 722 1182 ea,
740 1150 832 1184 quam
858 1138 1066 1184 praesentium

319 1196 427 1223 tenore
441 1189 514 1233 sibi,
531 1201 587 1235 pro
612 1188 726 1235 potiori
750 1188 888 1222 cautelae
910 1187 1068 1233 suffragio,

320 1237 404 1272 iuxta
426 1237 585 1272 literarum
609 1245 786 1272 nostrarum
809 1236 945 1283 desuper
967 1236 1070 1271 conti·

321 1287 457 1321 nentiam
493 1294 587 1333 atque
622 1286 753 1321 formam
769 1313 776 1326 ,
811 1285 850 1319 de
885 1285 1069 1320 eorumdem

321 1335 451 1370 fratrum
473 1335 604 1370 consilio
620 1343 651 1369 et
665 1347 807 1375 assensu,
827 1335 920 1369 etiam
937 1334 974 1369 de
991 1346 1070 1368 novo

320 1384 358 1418 ad
381 1385 531 1419 veriorem
556 1384 709 1419 cautelam
742 1383 966 1424 concedimus,
998 1395 1068 1418 cum

321 1433 379 1468 sibi
403 1433 568 1480 placuerit,
591 1434 690 1469 libere
714 1433 768 1467 uti.

370 1486 390 1533 g
411 1488 469 1521 28.
492 1487 532 1522 Et
554 1495 590 1522 ut
624 1486 793 1533 praemissa
820 1486 936 1530 omnia,
960 1485 1070 1520 saltem

323 1548 407 1574 metu
432 1553 562 1588 poenae,
582 1541 704 1575 firmius
737 1548 767 1574 et
797 1539 929 1574 validius
957 1539 1073 1574 obser-

324 1601 445 1635 ventur,
465 1594 615 1629 omnibus
631 1603 661 1629 et
675 1594 912 1640 singulis‚qnos
927 1605 1073 1640 praesens

324 1648 422 1694 tangit
437 1648 611 1694 negotium,
630 1648 722 1682 etiam
739 1647 798 1681 sub
817 1659 917 1693 poena
940 1659 1070 1681 excom-

323 1703 570 1748 municationis,
593 1702 805 1749 praecipimus
831 1710 861 1736 et
884 1701 1073 1736 mandamus

322 1766 478 1805 quatenns
513 1757 686 1804 praemissa
719 1756 825 1790 omnia
864 1764 893 1790 et
928 1755 1050 1801 singula
1066 1783 1073 1795 ,

324 1818 415 1858 prout
444 1811 590 1858 superius
632 1810 854 1854 continentur,
877 1809 996 1844 sublata
1029 1809 1074 1843 eis

322 1877 524 1912 quacumque
558 1864 648 1899 aliter
676 1863 904 1910 interpretandi
929 1863 1074 1898 facultate

323 1926 353 1953 et
374 1919 571 1957 auctoritate,
594 1917 815 1953 inviolabiliter
837 1916 1014 1951 observent.

373 1972 393 2019 S
410 1974 468 2007 29.
484 1971 670 2007 Mandantes
682 1971 741 2018 ipsi
755 1969 912 2005 Roderico
926 1971 1075 2017 episcopo

325 2033 354 2061 et
376 2038 431 2073 pro
453 2033 594 2073 tempore
620 2025 765 2060 existenti
800 2024 1075 2067 vicecancellario,

327 2088 360 2114 ut
381 2079 486 2114 omnia
509 2078 680 2126 praedicta,
715 2078 774 2113 sub
813 2077 923 2125 poenis
950 2077 1076 2112 arbitrio

326 2145 382 2169 suo
404 2132 554 2173 ferendis,
582 2132 674 2168 saciat
695 2132 734 2167 ab
755 2131 905 2166 omnibus
939 2131 1076 2166 inviola-

327 2187 429 2223 biliter
450 2187 620 2222 observari.

374 2246 390 2285 g
418 2243 475 2276 50.
502 2240 717 2276 Decernentes
759 2238 980 2287 praesentibus
1018 2251 1077 2273 no-

327 2296 398 2331 stris
419 2295 518 2331 literis
539 2303 570 2330 et
584 2307 691 2330 earum
708 2293 839 2339 singulis
857 2292 1008 2328 clausulis
1024 2305 1079 2339 per

327 2361 550 2397 quascumque
584 2349 660 2383 alias
694 2347 801 2382 literas
833 2359 889 2381 seu
934 2346 1077 2381 mandata

328 2403 497 2451 apostolica
515 2403 695 2438 nullatenus
715 2402 744 2435 in
768 2401 872 2447 aliquo
894 2399 1076 2446 derogatum

328 2469 397 2492 esse
423 2457 558 2501 censeri,
581 2455 640 2491 nisi
663 2455 768 2491 literae
794 2463 824 2489 et
857 2453 999 2488 mandata
1023 2454 1079 2489 de-

330 2511 482 2558 rogatoria
519 2510 702 2546 huiusmodi
740 2507 1014 2552 consistorialiter,
1041 2508 1079 2542 de

330 2565 421 2599 simili
440 2565 570 2600 fratrum
586 2572 763 2599 nostrorum
779 2574 949 2602 consensu,
965 2561 1079 2596 fuerint

330 2617 489 2667 expedita.

1734 238 1804 269 259

1152 309 1172 347 ,ξ
1195 308 1250 338 51.
1279 304 1348 338 Non
1377 304 1575 338 obstantibus
1609 304 1789 350 praemissis
1818 316 1853 338 ac

1105 354 1383 389 constitutionibus
1405 361 1434 387 et
1455 353 1705 388 ordinationibus
1728 361 1854 399 aposto-

1106 404 1174 437 licis
1195 413 1248 439 etc.

1101 250 1130 271 ΙΥ
1156 250 1202 271 ΙΨ.

1154 453 1238 487 Nulli
1263 466 1337 497 ergo
1359 462 1412 488 etc.

1154 502 1268 537 Datum
1292 502 1412 537 Romae
1440 502 1523 549 apud
1551 501 1584 536 S.
1608 501 1750 545 Petrum,
1773 513 1856 536 anno

1108 551 1333 586 lucarnationis
1367 551 1544 586 dominicae
1581 551 1749 585 millesimo
1771 562 1857 597 qua-

1106 600 1355 647 dringentesimo
1377 600 1611 647 septuagesimo
1629 607 1750 640 octavo,
1767 599 1858 634 tertio

1109 649 1179 684 idus
1219 650 1365 693 ianuarii,
1403 650 1602 696 pontificatus
1642 649 1739 684 nostri
1775 660 1858 683 anno

1108 711 1168 733 vill
1192 701 1246 742 (Ι).

1142 759 1201 788 Dat.
1222 759 1268 788 die
1289 760 1319 788 11
1341 760 1465 789 ianuarii
1486 760 1570 796 1478,
1598 764 1675 798 pont.
1692 768 1767 788 anno
1783 767 1830 788 vn.

1387 955 1487 990 xvnr
1502 954 1570 998 ’(ρ).

1113 1039 1156 1071 De
1179 1038 1371 1072 observantia
1394 1037 1643 1080 sli'yiclt'anarum
1661 1048 1711 1069 seu
1732 1037 1860 1069 Provin-

1159 1089 1222 1121 ciae
1251 1088 1409 1120 Mart-hiae
1443 1087 1691 1119 constitutionum
1729 1086 1762 1118 ιή
1800 1090 1861 1117 toto

1160 1138 1252 1170 Statu
1290 1136 1487 1170 ecclesiastico
1520 1136 1649 1179 locisque
1696 1135 1722 1167 ei
1748 1135 1861 1166 imme-

1161 1187 1241 1219 (liare
1262 1186 1410 1223 subiectis,
1427 1186 1503 1217 etde
1529 1184 1745 1227 reformatione
1766 1189 1862 1216 recto-

1161 1246 1228 1268 rum
1274 1235 1432 1268 civitatum
1464 1234 1755 1278 provinciarwnque
1789 1232 1863 1265 dicti

1160 1285 1266 1318 Status
1287 1286 1343 1326 (5).

1380 1364 1594 1395 SUMMARtUM

1114 1436 1301 1466 Procemium.
1329 1452 1367 1457 —
1400 1436 1426 1464 1.
1458 1434 1510 1464 llic
1538 1434 1619 1463 l'ont.
1642 1433 1863 1463 commissarios

1153 1480 1310 1510 destinavit
1331 1480 1366 1509 ad
1391 1479 1600 1518 inquirendum
1621 1478 1656 1507 de
1679 1477 1734 1507 vita
1754 1481 1782 1506 et
1804 1486 1866 1505 mo-

1154 1524 1237 1553 ribus
1267 1523 1435 1553 officialium
1470 1527 1497 1551 et
1525 1522 1753 1560 gubernatorum
1785 1525 1863 1550 extra

1153 1567 1282 1597 Curiam.
1302 1584 1340 1589 --
1367 1568 1394 1596 ⁹2.
1417 1566 1450 1596 Et
1480 1567 1564 1595 modo
1593 1566 1664 1604 ipsis
1690 1565 1865 1595 officialibus

1156 1612 1298 1651 praecipit
1313 1611 1529 1641 observantiam
1548 1610 1789 1639 constitutionum
1812 1609 1864 1640 AE-

1155 1657 1341 1694 gidianarum
1358 1665 1424 1685 cum
1439 1665 1539 1685 earum
1556 1654 1865 1684 declarationibus.—

1156 1702 1182 1731 3.
1206 1701 1381 1732 Pontificum
1408 1700 1617 1730 nonnullorum
1640 1699 1740 1729 bullae
1765 1704 1866 1728 contra

1157 1747 1330 1777 homicidas.
1347 1763 1386 1768 —
1402 1746 1430 1775 Ji.
1449 1745 1503 1774 Pro
1525 1744 1682 1774 collatione
1704 1743 1866 1774 officiorum

1157 1792 1320 1830 percipiant
1337 1790 1415 1829 qnod
1438 1788 1699 1818 constitutionibus
1719 1792 1764 1817 est
1785 1792 1867 1817 taxa-

1158 1841 1229 1872 tum,
1258 1840 1286 1865 et
1307 1835 1436 1874 desuper
1461 1843 1519 1863 non
1549 1833 1747 1872 paciscantur.
1774 1848 1814 1855 --
1841 1832 1868 1861 5.

1157 1881 1237 1910 Circa
1272 1879 1377 1909 notarii
1413 1878 1594 1913 mercedem,
1621 1881 1738 1907 servent
1763 1881 1867 1906 laxam.

1156 1942 1195 1946 —
1221 1925 1248 1954 6.
1284 1923 1318 1953 Et
1353 1923 1564 1961 gubernatores
1588 1922 1664 1950 circa
1694 1921 1786 1958 viagia
1818 1920 1868 1949 iu-

1158 1969 1257 1998 dicum
1291 1968 1366 1997 nibil
1402 1967 1577 2006 participent
1610 1970 1637 1995 et
1665 1968 1781 1994 servent
1802 1973 1871 1993 con-

1159 2012 1352 2042 stitutionem.
1386 2028 1425 2033 —
1458 2011 1483 2039 7.
1520 2009 1681 2038 Processus
1722 2017 1780 2037 non
1814 2007 1871 2036 cir-

1158 2056 1345 2086 cumducant.
1368 2072 1406 2076 —
1429 2055 1455 2083 8.
1482 2053 1544 2082 Non
1568 2052 1728 2091 impediant
1747 2051 1869 2080 mulctas

1159 2099 1311 2140 pervenire
1324 2099 1359 2129 ad
1376 2108 1482 2128 manns
1499 2096 1686 2127 thesaurarii.
1700 2112 1740 2117 —
1753 2095 1781 2124 9.
1797 2094 1870 2124 Can-

1159 2155 1205 2175 sas
1224 2146 1254 2175 in
1277 2146 1369 2183 prima
1389 2142 1527 2172 instantia
1547 2151 1605 2170 non
1628 2144 1749 2170 avocent
1767 2144 1817 2169 etc.
1832 2156 1871 2161 —

1161 2190 1206 2220 to.
1224 2188 1256 2218 In
1280 2188 1378 2218 causis
1398 2198 1412 2217 a
1430 2187 1504 2217 Sede
1523 2186 1621 2224 Apost.
1641 2185 1683 2214 eis
1701 2184 1869 2214 commissis

1160 2234 1233 2263 nihil
1265 2233 1419 2272 recipiant.
1445 2248 1484 2253 —-
1517 2231 1561 2259 ll.
1588 2229 1683 2259 lussio
1712 2228 1869 2268 quotannis

1160 2278 1331 2317 publicandi
1354 2277 1429 2306 lianc
1452 2275 1572 2304 bullam.
1594 2291 1633 2296 —
1655 2274 1701 2303 12.
1734 2272 1869 2302 Extensio

1160 2322 1275 2351 constit.
1298 2320 1519 2359 :Egidianarum
1542 2319 1577 2348 ad
1595 2317 1704 2347 Urbem
1727 2322 1755 2347 et
1777 2321 1868 2346 totum

1155 2383 1194 2419 (l)
1211 2383 1361 2418 Legendum
1378 2390 1447 2409 anno
1464 2390 1501 2407 vn
1519 2382 1557 2415 (n.
1581 2380 1631 2414 T.).
1670 2380 1709 2415 (2)
1734 2380 1804 2406 Haec
1821 2378 1871 2405 sub

1122 2433 1195 2451 num.
1212 2432 1272 2450 xvir
1292 2424 1316 2450 in
1332 2424 1406 2449 Rom.
1426 2422 1547 2449 Editione
1563 2421 1675 2448 liabetur
1688 2421 1726 2455 (a.
1744 2421 1793 2454 τ.).
1832 2420 1870 2454 (3)

1122 2465 1174 2491 Has
1189 2464 1339 2499 AEgidianas
1355 2462 1436 2489 edidit
1454 2462 1570 2496 AEgidius
1589 2461 1738 2492 cardinalis,
1764 2460 1797 2486 de
1818 2467 1872 2493 quo

1121 2512 1201 2539 supra
1219 2505 1243 2530 in
1261 2503 1372 2530 Constit.
1391 2503 1501 2528 itnnoc.
1515 2502 1560 2533 vt,
1572 2502 1637 2527 Cum
1653 2510 1729 2531 onus,
1747 2503 1812 2526 tom.
1833 2505 1871 2530 tv,

1122 2553 1181 2579 pag.
1199 2545 1259 2571 505.
1277 2559 1311 2563 —
1331 2544 1368 2569 De
1393 2542 1590 2577 praedictorum
1607 2541 1762 2567 anctoritate
1782 2542 1870 2565 recto-

1123 2593 1182 2610 rum
1201 2583 1386 2610 etofficialium
1405 2582 1600 2613 reformatione,
1622 2581 1720 2614 inspice
1730 2579 1872 2613 supean-

1122 2625 1177 2651 stit.
1199 2632 1228 2650 ιιι
1245 2622 1317 2650 Pauli
1333 2623 1366 2654 lt,
1387 2623 1508 2654 Munera,
1526 2629 1584 2656 pag.
1608 2621 1658 2648 184
1677 2620 1754 2646 huius
1775 2619 1848 2646 tomi.

1870 246 1919 272 Αιι.
1937 245 1966 271 C.
1987 245 2053 271 ¹1⁸7&

1881 305 1992 326 etan-utun
2015 306 2039 326 de
2048 318 2053 320 .

1868 341 1995 363 rogaturi-0.
