2281 3251
120 253 293 279 An.(:.it1si

127 1101 222 1122 Delum-ti
246 1107 297 1129 pos-

114 1133 187 1153 suntin
198 1133 296 1153 toi-{sot-

113 1165 182 1183 dmum
209 1164 294 1190 sepeliri

113 1201 158 1214 enm
171 1201 241 1215 eorum
258 1196 296 1214 lia-

113 1227 155 1246 bitu
172 1230 257 1252 receptu
285 1233 296 1245 a

114 1257 199 1284 praelat,
215 1262 293 1277 eurum.

127 2537 150 2557 Fr
153 2540 184 2557 atr
187 2543 209 2557 e
224 2537 299 2557 hatini-

118 2570 153 2588 tan
163 2570 186 2588 art
197 2569 285 2589 benefici
280 2575 300 2589 is

132 2599 236 2619 cretum
257 2605 298 2619 non

969 248 1058 268 lYTl'S
1088 249 1115 268 lt
1148 249 1193 268 11

316 304 453 339 tionibus
474 311 502 338 et
532 303 696 341 mandatis,
721 302 758 335 do
786 309 908 336 caetero
931 314 1058 348 prorsus

314 355 443 389 omnino
465 353 650 391 abstineant,
669 352 873 386 decernentes
897 351 1058 385 inhibitio-

315 417 370 438 nes
397 404 478 449 ipsas
513 411 543 437 ct
578 401 744 440 mandata,
774 401 891 435 nullius
925 401 1057 435 existen

315 453 480 492 firmitatis,
495 461 523 486 et
539 452 600 485 illis
619 450 899 489 contravenientes,
916 451 1058 485 censuris

314 502 493 536 huiusmodi
523 501 652 535 mininie
672 500 767 545 ligari:
784 512 819 534 ac
841 499 966 534 eosdem
985 512 1056 547 pcr—

313 551 480 586 suadentes
506 559 536 584 et
559 550 746 589 inhibentes,
762 549 970 596 mandatoque
999 562 1055 583 no-

313 610 375 635 stro
398 599 578 634 huiusmodi
602 599 817 645 obtemperare
834 611 895 632 non
913 607 1057 633 curantes

313 651 381 693 (nisi
400 649 623 696 poenituerint,
641 657 669 682 ct
693 649 912 694 persuasiones
925 660 961 682 ac
981 649 1058 682 inhi-

313 700 447 733 bitiones
474 708 501 733 ct
532 698 685 745 praedicta
728 698 939 732 revocaverint
980 698 1055 731 infra

311 749 464 788 triduum,
489 757 652 795 postquam
676 748 814 794 desuper
836 747 974 794 requisiti
991 747 1056 781 fuc—

311 799 382 840 rino
398 812 434 833 co
449 797 711 845 ipso,or‹linarios
729 797 882 831 interdicti
899 798 1057 842 ingressus

311 849 464 883 ecclesiae
498 855 528 881 et
561 847 778 893 suspensionis
804 859 819 880 a
856 847 1006 891 regimine
1028 855 1055 880 et

311 898 576 932 administratione
591 909 717 930 suarum
738 896 964 936 Ecclesiarunn
981 896 1057 930 alios

311 960 382 982 vero
411 946 634 989 inferiores,ab
656 947 700 979 eis
722 946 1056 981 excommunicationis

311 998 497 1031 sententiam
516 998 688 1030 incurrere.

358 1047 431 1094 §9-
459 1046 540 1081 Cuin
570 1054 670 1079 antem
695 1045 837 1079 nonnulli
866 1044 904 1078 ad
920 1044 1057 1079 Ordines

310 1096 489 1143 praedictos
505 1095 760 1129 praedicatorum
777 1103 803 1128 et
821 1094 978 1128 Minornm
988 1106 1056 1141 spe-

310 1146 426 1180 cialiter
453 1153 597 1190 gerentes
625 1144 799 1178 devotionis
822 1144 979 1182 affectum,
1001 1155 1057 1177 eo-

311 1208 378 1229 rum
404 1195 551 1229 cadavera
579 1206 648 1227 rum
679 1193 785 1227 habitu
808 1193 937 1227 fratrum
960 1192 1056 1227 Prae-

310 1245 483 1279 dicatorum
507 1243 553 1277 vel
583 1244 751 1281 Minornm,
779 1255 834 1277 seu
856 1242 987 1276 fratrum
1010 1242 1055 1276 vel

309 1306 452 1328 sororum
476 1293 514 1327 de
536 1292 731 1327 Poenitentia
753 1292 915 1339 utriusque
928 1291 1057 1326 Ordinis

310 1343 540 1390 praedictorum
557 1370 564 1380 ,
587 1342 711 1388 sepeliri
736 1342 897 1381 mandenn
921 1350 950 1375 et
979 1354 1057 1388 per-

309 1406 413 1440 saepe,
427 1401 595 1440 antequam
610 1392 790 1431 moriautur,
800 1391 937 1426 habitum
954 1390 1059 1425 huius-

310 1443 393 1477 modi
417 1444 463 1477 eis
491 1442 648 1489 postulant
671 1441 830 1481 exhiheri,
858 1442 1057 1475 decernimus

308 1493 450 1527 habitum
479 1491 659 1526 huiusmodi
689 1503 745 1538 per
782 1492 917 1538 priorem
945 1491 1058 1525 domus

309 1542 437 1577 Ordinis
464 1541 736 1579 praedicatorum,
764 1549 815 1575 aut
850 1541 1056 1587 guardiannm

309 1592 422 1626 domus
436 1590 567 1626 Ordinis
587 1591 743 1625 Minornm
768 1591 827 1625 loci
846 1591 875 1624 in
895 1603 959 1637 quo
981 1593 1058 1626 tales

309 1641 460 1676 decedere
497 1641 677 1685 continget.
706 1641 751 1674 vel
781 1653 835 1687 per
862 1641 1056 1687 superiorem

310 1691 479 1738 praelatum
512 1692 651 1737 ipsorum
683 1690 860 1735 Ordinum,
888 1691 1054 1725 domorum

309 1753 363 1775 seu
392 1741 547 1787 prioratus
571 1748 601 1773 et
628 1740 839 1785 guardianiae,
863 1740 909 1774 vel
937 1740 986 1775 cui
1013 1741 1055 1775 illi

308 1790 456 1825 duxerint
478 1789 739 1824 committendum
758 1790 929 1834 dumtaxat,
948 1798 978 1824 et
996 1803 1056 1825 non

310 1853 366 1887 per
380 1839 486 1879 alium,
510 1840 619 1886 quavis
645 1840 829 1873 auctoritate
863 1839 908 1873 vel
938 1841 1057 1886 praela—

311 1890 394 1924 tione
433 1889 632 1935 fungentem,
655 1889 793 1923 exhiberi
830 1889 967 1929 debere;
1004 1890 1055 1936 qui

311 1938 504 1986 praedictum
533 1938 674 1973 habitum
703 1938 927 1985 recipientibus
954 1939 1057 1973 decla-

312 2001 378 2023 rare
401 1996 576 2031 teneantur,
592 1988 672 2034 apud
696 2000 804 2022 eorum
828 1987 981 2023 Ordinum
1011 2002 1058 2023 ec-

311 2038 420 2073 clesias
442 2037 556 2072 debere
570 2037 692 2084 sepeliri
709 2038 739 2071 in
753 2050 859 2072 eorum
876 2038 982 2072 habitu
1003 2041 1057 2083 (l),

311 2100 446 2133 quorum
463 2086 602 2121 habitum
623 2087 805 2133 suscipiant3
820 2095 850 2122 et
873 2088 996 2122 illorum
1013 2090 1058 2122 sic

311 2137 492 2172 indutorum
538 2136 684 2171 cadavera
724 2137 944 2184 discooperta,
974 2138 1058 2172 nullo

312 2187 406 2233 pallio
428 2186 474 2220 vel
497 2194 678 2232 tegumento
698 2199 793 2233 snper
815 2187 972 2233 imposito,
986 2201 1057 2222 cum
1083 2209 1089 2214 ,

313 2236 419 2271 habitu
443 2235 624 2271 huiusmodi
659 2236 694 2270 ad
731 2237 922 2282 sepulturam
945 2237 1056 2272 deferri

314 2298 415 2332 posse.
438 2285 693 2325 Ordinariorum,
717 2287 807 2320 etiam
829 2286 888 2321 sub
902 2289 1058 2327 censuris,

312 2335 521 2384 prohibitione
548 2335 687 2370 locorum
716 2335 852 2382 qualibet
881 2337 911 2370 in
934 2345 1059 2371 coutra-

313 2387 392 2420 rium
410 2385 490 2419 edita
508 2397 567 2420 non
586 2385 857 2432 olistante‚q11am,
873 2386 976 2433 quoad
990 2387 1058 2427 hoc,

314 2434 542 2469 modificamus.

361 2485 381 2532 g
405 2486 459 2518 10.
488 2484 528 2518 Et
556 2496 611 2523 ne
640 2498 676 2518 (x
698 2485 867 2519 habilitatis
894 2485 931 2519 ad
962 2498 1058 2520 unum

315 2533 359 2568 vel
397 2534 483 2580 plura
511 2533 660 2569 beneficia
688 2535 895 2569 ecclesiastica
925 2535 954 2568 in
984 2536 1059 2569 titu-

315 2583 378 2618 lnm
403 2584 446 2617 vel
470 2584 688 2618 commendam
713 2584 896 2621 obtinenda
919 2596 991 2619 cum
1016 2585 1059 2619 fa-

349 2640 388 2674 (l)
406 2641 466 2672 LQ.
483 2648 543 2666 cum
561 2641 644 2674 Ripolt
673 2643 701 2667 in
717 2650 809 2667 eoi-iim
826 2643 899 2667 obitu
918 2642 1023 2675 (11.1..)

395 2684 467 2713 Pull.
492 2683 566 2714 nom.
590 2685 642 2713 tul
667 2686 941 2715 131)

1725 236 1787 266 381

1100 303 1213 335 cultate
1231 301 1368 344 interim
1382 301 1482 335 donce
1498 301 1545 335 illa
1562 308 1778 347 assequantur
1789 313 1844 347 pro

1100 352 1290 398 cappellanis
1305 352 1467 385 aliorum
1463 364 1491 384 iu
1517 350 1680 385 beneficiis
1701 350 1845 385 ecclesia-

1099 402 1186 435 sticis
1208 401 1375 440 deservirm
1390 410 1419 435 et
1442 400 1539 446 quod
1562 400 1655 433 eiiam
1681 408 1877 446 postquam

1100 451 1247 485 beneficia
1286 450 1467 485 huiusmodi
1502 449 1633 484 assecuti
1664 449 1790 487 fuerint
1815 462 1843 482 in

1099 500 1247 534 domibus
1274 500 1347 535 dicti
1375 499 1503 533 Ordinis
1532 499 1683 536 residere
1706 510 1845 533 cameras

1100 550 1211 584 habere
1240 551 1269 583 in
1299 550 1379 593 illis,
1406 561 1441 583 ac
1474 549 1504 583 in
1532 548 1732 595 generalibus
1753 557 1845 594 atque,

1101 599 1345 644 provincialibus
1378 598 1525 645 capitulis
1560 598 1689 632 fratrum
1718 609 1846 631 eorum-

1099 648 1167 682 dem
1190 648 1443 682 praedicatorum
1457 656 1487 683 et
1502 648 1659 682 Minornm
1676 646 1846 690 Ordinum,

1100 710 1205 731 vorem
1241 699 1370 731 activam
1406 707 1435 731 et
1472 698 1626 744 passivam
1651 696 1790 739 hahere,
1812 708 1846 730 ac

1100 747 1281 792 privilegiis,
1296 746 1456 781 favoribus
1479 755 1506 780 et
1530 747 1639 793 gratiis
1665 754 1695 780 et
1718 745 1847 780 indultis

1098 796 1257 830 concessis
1285 797 1422 842 ipsorum
1439 797 1596 830 Ordinum
1619 795 1846 842 professoribus

1098 846 1234 891 gaudere
1259 847 1404 892 possint·,
1442 845 1586 891 praefatis
1618 844 1791 879 Ordinibus
1818 854 1847 879 et

1100 896 1223 929 illorum
1248 896 1477 941 professoribus
1492 907 1659 942 gravamen
1683 894 1846 933 inferatur,

1099 945 1218 979 eisdem
1258 954 1342 979 motu
1371 953 1399 979 et
1435 945 1620 979 auctoritate
1646 944 1847 979 decernimus

1100 994 1278 1028 huiusmodi
1294 1007 1473 1038 concessas,
1492 1002 1521 1028 et
1535 1007 1613 1041 quas
1630 994 1759 1029 concedi
1775 1006 1848 1028 con-

1099 1045 1203 1090 tigerit
1226 1045 1448 1078 habilitationis
1466 1044 1581 1082 literas,
1605 1043 1734 1089 intelligi
1750 1052 1780 1077 et
1797 1044 1846 1077 in—

1098 1094 1259 1140 terpretari
1283 1093 1408 1135 debere,
1436 1101 1470 1127 ut
1494 1094 1603 1127 fratres
1630 1093 1703 1139 ipsi,
1730 1092 1846 1140 quibus

1099 1143 1206 1177 literae
1229 1143 1409 1177 huiusmodi
1434 1154 1602 1177 concessae
1621 1151 1695 1176 sunt
1716 1150 1746 1176 et
1769 1154 1847 1176 con-

1098 1192 1251 1227 cedentur
1267 1193 1295 1226 in
1321 1200 1494 1238 posterum,
1508 1192 1775 1239 quandocumque
1793 1204 1848 1238 per

1097 1242 1212 1276 Sedent
1238 1242 1442 1288 praedictam,
1460 1249 1626 1288 postquam
1649 1241 1775 1288 aliquod
1794 1240 1848 1275 be-

1101 1291 1247 1326 neficium
1275 1292 1379 1338 adepti
1404 1292 1517 1325 suerint
1541 1290 1693 1336 pacifice,
1714 1299 1767 1324 aut
1792 1303 1847 1337 pro

1099 1341 1291 1387 cappellanis
1319 1342 1348 1375 in
1372 1340 1530 1387 aliquibus
1551 1340 1703 1375 Ecclesiis
1730 1352 1848 1386 coepe-

1100 1391 1160 1425 rint
1181 1391 1339 1425 deservire
1354 1419 1363 1433 ,
1386 1390 1643 1425 concessionibus
1677 1390 1847 1437 praedictis

1099 1444 1202 1485 (prout
1225 1453 1332 1475 vocem
1358 1441 1487 1475 activam
1516 1448 1546 1474 et
1574 1441 1741 1487 passivam,
1770 1439 1848 1474 resi-

1099 1490 1236 1525 dentiam
1262 1491 1291 1524 in
1320 1490 1469 1525 domibus
1503 1491 1656 1526 dictorum
1679 1490 1847 1533 Ordinum,

1099 1553 1135 1574 ac
1167 1541 1373 1575 retentionem
1397 1541 1550 1575 dictarum
1576 1541 1740 1574 domorum
1758 1568 1765 1579 ,
1793 1552 1847 1575 ca-

1101 1603 1268 1629 merarum,
1293 1599 1323 1624 et
1349 1591 1419 1630 alia,
1439 1602 1520 1636 quae
1540 1590 1698 1625 Ordinum
1728 1590 1848 1636 praefa-

1100 1649 1202 1675 torum
1231 1649 1328 1685 sunt,
1356 1644 1586 1683 concernunt),
1608 1640 1648 1674 de
1687 1640 1845 1675 dictorum

1101 1691 1308 1737 praelatorum
1332 1702 1491 1724 consensu
1519 1690 1680 1724 dumtaxat
1707 1689 1847 1736 gaudere

1101 1741 1232 1786 possint,
1252 1749 1281 1774 et
1304 1752 1364 1774 non
1384 1740 1459 1774 alias
1483 1751 1539 1774 nec
1561 1739 1621 1774 alio
1639 1739 1744 1774 modo.
1762 1739 1847 1774 Idem

1099 1797 1269 1824 statuentes
1307 1790 1346 1823 de
1384 1790 1535 1836 promotis
1576 1789 1613 1823 ad
1654 1788 1848 1824 cathedrales

1099 1840 1189 1873 etiam
1203 1840 1346 1874 titulares
1360 1839 1543 1886 appellatas,
1556 1838 1715 1874 Ecclesias
1729 1846 1759 1873 et
1773 1839 1848 1873 alias

1099 1889 1327 1924 ecclesiasticas
1350 1889 1528 1935 dignitates.

1147 1939 1167 1986 g
1191 1941 1246 1973 11.
1270 1939 1451 1983 Caeterum,
1470 1938 1673 1973 utdictorum
1689 1938 1847 1974 Ordinum

1101 1989 1302 2043 piofessoies
1312 1989 1364 2035 qni
1380 1989 1581 2036 inquisitores
1594 1988 1767 2022 haereticae
1782 2000 1848 2034 pra-

1101 2039 1202 2072 vitatis
1225 2051 1280 2085 pio
1302 2047 1444 2085 tempore
1457 2039 1486 2072 in
1501 2038 1633 2072 diversis
1649 2037 1758 2072 mundi
1776 2050 1848 2085 par-

1101 2092 1185 2126 tibus
1206 2093 1407 2139 deputantur
1430 2100 1515 2126 tanto
1533 2091 1716 2138 diligentius
1734 2104 1845 2125 eorum

1099 2146 1199 2181 officia
1227 2147 1373 2181 studeant
1399 2158 1546 2181 exercere
1563 2173 1570 2185 ‚
1598 2157 1632 2180 ac
1659 2145 1697 2179 ab
1730 2145 1847 2180 illicitis

1100 2208 1129 2234 et
1151 2201 1195 2235 eis
1218 2201 1384 2248 prohibitis
1401 2200 1570 2243 abstinere,
1588 2207 1707 2246 quanto
1726 2212 1848 2247 coguo-

1102 2255 1201 2290 verint
1224 2268 1314 2302 posse
1338 2268 1448 2290 eorum
1476 2266 1598 2289 errores
1625 2254 1748 2289 facilius
1775 2267 1848 2289 cor-

1102 2308 1156 2354 rigi
1170 2317 1199 2343 et
1212 2309 1421 2357 puniri,quod
1432 2309 1582 2354 magister
1590 2308 1847 2343 praedicatorum

1101 2369 1131 2395 et
1147 2363 1289 2398 minister
1301 2363 1457 2398 Minornm
1480 2362 1636 2397 Ordinum
1662 2363 1847 2410 praedicto-

1101 2428 1169 2450 rum
1193 2418 1353 2463 generales
1377 2416 1516 2464 praefati,
1541 2429 1623 2451 nunc
1641 2424 1671 2452 et
1694 2430 1750 2464 pro
1765 2425 1847 2452 tem—

1102 2482 1176 2528 pore
1198 2472 1390 2514 existentes,
1412 2479 1499 2517 gesta
1534 2483 1589 2518 pro
1622 2478 1765 2518 tempore
1789 2483 1844 2519 per

1102 2524 1186 2570 ipsos
1215 2525 1417 2572 inquisitores
1444 2537 1574 2559 suorum
1608 2524 1765 2560 Ordinum
1797 2538 1847 2560 re-

1101 2579 1238 2624 spective
1265 2578 1465 2618 examinare,
1504 2588 1534 2614 et
1566 2579 1710 2626 querelas
1736 2587 1844 2614 contra

1103 2632 1169 2667 illos
1209 2633 1385 2680 propositas
1423 2634 1546 2674 audire,
1573 2646 1607 2669 ac
1648 2645 1744 2681 super
1783 2634 1844 2668 illis

1861 246 1909 272 ..Αη
1925 246 1953 273 Γ,,
1974 248 2033 273 11181

1860 314 1895 332 gau
1892 309 1924 327 ilc
1928 312 2005 342 ntprivi
1989 310 2040 357 vitq-

1860 344 1884 363 gt!
1889 340 1963 356 «(1111

1861 355 2042 394 11·111)111,11“υ

1861 400 1886 419 1.11
1912 407 1950 418 ‹nn›
1966 406 1989 419 r.
2006 407 2015 419 u

1876 1950 1993 1971 Geni-ratos
2006 1951 2046 1972 Or-

1863 1983 1933 2002 dinum
1944 1987 2044 2003 coercent

1863 2014 1903 2033 oua
1907 2014 2046 2034 Νίκῃ-,κετ-

1862 2045 1946 2065 vientes
1957 2047 2046 2072 inquisi-

1863 2077 1922 2096 ttoni,
