<?xml version="1.0" encoding="UTF-8"?>
<!DOCTYPE html PUBLIC "-//W3C//DTD XHTML 1.0 Transitional//EN"
    "http://www.w3.org/TR/xhtml1/DTD/xhtml1-transitional.dtd">
<html xmlns="http://www.w3.org/1999/xhtml" xml:lang="en" lang="en">
 <head>
  <title>
</title>
<meta http-equiv="Content-Type" content="text/html;charset=utf-8" />
  <meta name='ocr-system' content='tesseract 3.04.00' />
  <meta name='ocr-capabilities' content='ocr_page ocr_carea ocr_par ocr_line ocrx_word'/>
</head>
<body>
  <div class='ocr_page' id='page_1' title='image "./bullarumdiplomat05cath_0571.png"; bbox 0 0 2281 3251; ppageno 0'>
   <div class='ocr_carea' id='block_1_1' title="bbox 97 273 279 304">
    <p class='ocr_par' dir='ltr' id='par_1_1' title="bbox 97 273 279 304">
     <span class='ocr_line' id='line_1_1' title="bbox 97 273 279 304; baseline -0.022 0"><span class='ocrx_word' id='word_1_1' title='bbox 97 275 148 304; x_wconf 74' lang='lat' dir='ltr'>An.</span> <span class='ocrx_word' id='word_1_2' title='bbox 164 273 193 301; x_wconf 90' lang='lat' dir='ltr'>C.</span> <span class='ocrx_word' id='word_1_3' title='bbox 212 273 279 301; x_wconf 75' lang='lat'>¹5¹5</span> 
     </span>
    </p>
   </div>
   <div class='ocr_carea' id='block_1_2' title="bbox 965 265 1147 291">
    <p class='ocr_par' dir='ltr' id='par_1_2' title="bbox 965 265 1147 291">
     <span class='ocr_line' id='line_1_2' title="bbox 965 265 1147 291; baseline -0.022 0"><span class='ocrx_word' id='word_1_4' title='bbox 965 267 1026 291; x_wconf 79' lang='lat' dir='ltr'>Lsso</span> <span class='ocrx_word' id='word_1_5' title='bbox 1048 267 1071 289; x_wconf 79' lang='lat' dir='ltr'>X</span> <span class='ocrx_word' id='word_1_6' title='bbox 1098 265 1147 288; x_wconf 70' lang='lat' dir='ltr'>Pr.</span> 
     </span>
    </p>
   </div>
   <div class='ocr_carea' id='block_1_3' title="bbox 293 323 1048 1665">
    <p class='ocr_par' dir='ltr' id='par_1_3' title="bbox 293 323 1048 1665">
     <span class='ocr_line' id='line_1_3' title="bbox 293 323 1036 371; baseline -0.008 -8"><span class='ocrx_word' id='word_1_7' title='bbox 293 327 331 363; x_wconf 90' lang='lat' dir='ltr'>ad</span> <span class='ocrx_word' id='word_1_8' title='bbox 343 326 471 362; x_wconf 86' lang='lat' dir='ltr'>verbum</span> <span class='ocrx_word' id='word_1_9' title='bbox 488 326 606 371; x_wconf 81' lang='lat' dir='ltr'>integre</span> <span class='ocrx_word' id='word_1_10' title='bbox 621 324 820 364; x_wconf 70' lang='lat' dir='ltr'>insereretur,</span> <span class='ocrx_word' id='word_1_11' title='bbox 833 332 862 358; x_wconf 89' lang='lat' dir='ltr'>et</span> <span class='ocrx_word' id='word_1_12' title='bbox 873 323 911 358; x_wconf 85' lang='lat' dir='ltr'>de</span> <span class='ocrx_word' id='word_1_13' title='bbox 934 323 1036 358; x_wconf 91' lang='lat' dir='ltr'>omni-</span> 
     </span>
     <span class='ocr_line' id='line_1_4' title="bbox 294 373 1035 422; baseline -0.007 -10"><span class='ocrx_word' id='word_1_14' title='bbox 294 377 352 412; x_wconf 89' lang='lat' dir='ltr'>bus</span> <span class='ocrx_word' id='word_1_15' title='bbox 373 383 403 411; x_wconf 87' lang='lat' dir='ltr'>et</span> <span class='ocrx_word' id='word_1_16' title='bbox 429 375 561 422; x_wconf 88' lang='lat' dir='ltr'>singulis</span> <span class='ocrx_word' id='word_1_17' title='bbox 582 374 833 420; x_wconf 81' lang='lat' dir='ltr'>congregationis</span> <span class='ocrx_word' id='word_1_18' title='bbox 855 373 1035 408; x_wconf 86' lang='lat' dir='ltr'>huiusmodi</span> 
     </span>
     <span class='ocr_line' id='line_1_5' title="bbox 294 423 1037 470; baseline -0.005 -9"><span class='ocrx_word' id='word_1_19' title='bbox 294 425 488 462; x_wconf 88' lang='lat' dir='ltr'>monasteriis</span> <span class='ocrx_word' id='word_1_20' title='bbox 504 423 687 459; x_wconf 90' lang='lat' dir='ltr'>nominatim</span> <span class='ocrx_word' id='word_1_21' title='bbox 707 431 737 459; x_wconf 87' lang='lat' dir='ltr'>et</span> <span class='ocrx_word' id='word_1_22' title='bbox 759 423 904 470; x_wconf 78' lang='lat' dir='ltr'>specifica</span> <span class='ocrx_word' id='word_1_23' title='bbox 920 423 1037 458; x_wconf 90' lang='lat' dir='ltr'>mentio</span> 
     </span>
     <span class='ocr_line' id='line_1_6' title="bbox 294 473 1037 516; baseline -0.005 -5"><span class='ocrx_word' id='word_1_24' title='bbox 294 476 362 516; x_wconf 80' lang='lat' dir='ltr'>liat3</span> <span class='ocrx_word' id='word_1_25' title='bbox 385 486 419 509; x_wconf 92' lang='lat' dir='ltr'>ac</span> <span class='ocrx_word' id='word_1_26' title='bbox 442 475 472 509; x_wconf 93' lang='lat' dir='ltr'>in</span> <span class='ocrx_word' id='word_1_27' title='bbox 495 474 612 509; x_wconf 86' lang='lat' dir='ltr'>eisdem</span> <span class='ocrx_word' id='word_1_28' title='bbox 630 473 841 514; x_wconf 88' lang='lat' dir='ltr'>revocatoriis,</span> <span class='ocrx_word' id='word_1_29' title='bbox 862 473 1037 508; x_wconf 83' lang='lat' dir='ltr'>cassatoriis</span> 
     </span>
     <span class='ocr_line' id='line_1_7' title="bbox 294 523 1038 570; baseline -0.003 -11"><span class='ocrx_word' id='word_1_30' title='bbox 294 524 340 560; x_wconf 90' lang='lat' dir='ltr'>vel</span> <span class='ocrx_word' id='word_1_31' title='bbox 362 524 430 559; x_wconf 87' lang='lat' dir='ltr'>aliis</span> <span class='ocrx_word' id='word_1_32' title='bbox 450 524 548 559; x_wconf 88' lang='lat' dir='ltr'>literis</span> <span class='ocrx_word' id='word_1_33' title='bbox 570 523 734 558; x_wconf 89' lang='lat' dir='ltr'>manifeste</span> <span class='ocrx_word' id='word_1_34' title='bbox 759 530 788 557; x_wconf 89' lang='lat' dir='ltr'>et</span> <span class='ocrx_word' id='word_1_35' title='bbox 814 534 960 570; x_wconf 78' lang='lat' dir='ltr'>expresse</span> <span class='ocrx_word' id='word_1_36' title='bbox 981 534 1038 569; x_wconf 90' lang='lat' dir='ltr'>ap-</span> 
     </span>
     <span class='ocr_line' id='line_1_8' title="bbox 295 572 1036 622; baseline -0.005 -13"><span class='ocrx_word' id='word_1_37' title='bbox 295 582 398 622; x_wconf 82' lang='lat' dir='ltr'>pareat</span> <span class='ocrx_word' id='word_1_38' title='bbox 415 573 497 620; x_wconf 90' lang='lat' dir='ltr'>quod</span> <span class='ocrx_word' id='word_1_39' title='bbox 517 573 679 608; x_wconf 86' lang='lat' dir='ltr'>Romanus</span> <span class='ocrx_word' id='word_1_40' title='bbox 690 572 835 607; x_wconf 74' lang='lat' dir='ltr'>Pontifex</span> <span class='ocrx_word' id='word_1_41' title='bbox 858 572 1036 607; x_wconf 84' lang='lat' dir='ltr'>huiusmodi</span> 
     </span>
     <span class='ocr_line' id='line_1_9' title="bbox 294 621 1039 671; baseline -0.004 -13"><span class='ocrx_word' id='word_1_42' title='bbox 294 623 488 671; x_wconf 84' lang='lat' dir='ltr'>privilegiis,</span> <span class='ocrx_word' id='word_1_43' title='bbox 514 622 644 657; x_wconf 86' lang='lat' dir='ltr'>indultis</span> <span class='ocrx_word' id='word_1_44' title='bbox 666 631 695 657; x_wconf 91' lang='lat' dir='ltr'>et</span> <span class='ocrx_word' id='word_1_45' title='bbox 722 622 830 667; x_wconf 89' lang='lat' dir='ltr'>literis,</span> <span class='ocrx_word' id='word_1_46' title='bbox 858 621 896 655; x_wconf 86' lang='lat' dir='ltr'>de</span> <span class='ocrx_word' id='word_1_47' title='bbox 923 622 1039 669; x_wconf 89' lang='lat' dir='ltr'>quibus</span> 
     </span>
     <span class='ocr_line' id='line_1_10' title="bbox 295 671 1039 719; baseline -0.004 -11"><span class='ocrx_word' id='word_1_48' title='bbox 295 682 371 708; x_wconf 93' lang='lat' dir='ltr'>tunc</span> <span class='ocrx_word' id='word_1_49' title='bbox 388 681 490 708; x_wconf 88' lang='lat' dir='ltr'>actum</span> <span class='ocrx_word' id='word_1_50' title='bbox 514 673 619 716; x_wconf 83' lang='lat' dir='ltr'>fucrit,</span> <span class='ocrx_word' id='word_1_51' title='bbox 635 672 764 707; x_wconf 88' lang='lat' dir='ltr'>voluerit</span> <span class='ocrx_word' id='word_1_52' title='bbox 786 671 961 719; x_wconf 74' lang='lat' dir='ltr'>specialiter</span> <span class='ocrx_word' id='word_1_53' title='bbox 982 671 1039 706; x_wconf 88' lang='lat' dir='ltr'>de-</span> 
     </span>
     <span class='ocr_line' id='line_1_11' title="bbox 295 723 1040 769; baseline -0.005 -11"><span class='ocrx_word' id='word_1_54' title='bbox 295 735 415 769; x_wconf 77' lang='lat' dir='ltr'>rogare,</span> <span class='ocrx_word' id='word_1_55' title='bbox 433 723 478 757; x_wconf 89' lang='lat' dir='ltr'>vel</span> <span class='ocrx_word' id='word_1_56' title='bbox 501 723 551 757; x_wconf 89' lang='lat' dir='ltr'>illa</span> <span class='ocrx_word' id='word_1_57' title='bbox 579 734 743 766; x_wconf 85' lang='lat' dir='ltr'>revocare,</span> <span class='ocrx_word' id='word_1_58' title='bbox 770 733 890 756; x_wconf 88' lang='lat' dir='ltr'>cassare</span> <span class='ocrx_word' id='word_1_59' title='bbox 912 733 966 755; x_wconf 90' lang='lat' dir='ltr'>seu</span> <span class='ocrx_word' id='word_1_60' title='bbox 984 733 1040 755; x_wconf 88' lang='lat' dir='ltr'>an-</span> 
     </span>
     <span class='ocr_line' id='line_1_12' title="bbox 294 770 1041 817; baseline -0.004 -10"><span class='ocrx_word' id='word_1_61' title='bbox 294 773 432 813; x_wconf 87' lang='lat' dir='ltr'>nullare;</span> <span class='ocrx_word' id='word_1_62' title='bbox 455 784 490 807; x_wconf 90' lang='lat' dir='ltr'>ac</span> <span class='ocrx_word' id='word_1_63' title='bbox 504 780 578 807; x_wconf 88' lang='lat' dir='ltr'>tunc</span> <span class='ocrx_word' id='word_1_64' title='bbox 592 772 718 806; x_wconf 76' lang='lat' dir='ltr'>(lenium</span> <span class='ocrx_word' id='word_1_65' title='bbox 733 783 860 817; x_wconf 84' lang='lat' dir='ltr'>urgens,</span> <span class='ocrx_word' id='word_1_66' title='bbox 882 770 1041 806; x_wconf 86' lang='lat' dir='ltr'>sufficiens</span> 
     </span>
     <span class='ocr_line' id='line_1_13' title="bbox 294 820 1040 869; baseline -0.004 -12"><span class='ocrx_word' id='word_1_67' title='bbox 294 830 323 857; x_wconf 88' lang='lat' dir='ltr'>et</span> <span class='ocrx_word' id='word_1_68' title='bbox 346 822 540 857; x_wconf 87' lang='lat' dir='ltr'>rationabilis</span> <span class='ocrx_word' id='word_1_69' title='bbox 556 849 563 862; x_wconf 85' lang='grc'>,</span> <span class='ocrx_word' id='word_1_70' title='bbox 601 830 725 869; x_wconf 87' lang='lat' dir='ltr'>propter</span> <span class='ocrx_word' id='word_1_71' title='bbox 751 833 844 868; x_wconf 84' lang='lat' dir='ltr'>quam</span> <span class='ocrx_word' id='word_1_72' title='bbox 868 820 1040 867; x_wconf 75' lang='lat' dir='ltr'>derogatio</span> 
     </span>
     <span class='ocr_line' id='line_1_14' title="bbox 295 870 1043 917; baseline -0.004 -10"><span class='ocrx_word' id='word_1_73' title='bbox 295 872 461 916; x_wconf 73' lang='lat' dir='ltr'>revocatio,</span> <span class='ocrx_word' id='word_1_74' title='bbox 484 872 614 907; x_wconf 72' lang='lat' dir='ltr'>cassatio</span> <span class='ocrx_word' id='word_1_75' title='bbox 636 880 666 906; x_wconf 89' lang='lat' dir='ltr'>et</span> <span class='ocrx_word' id='word_1_76' title='bbox 688 870 857 906; x_wconf 84' lang='lat' dir='ltr'>annullatio</span> <span class='ocrx_word' id='word_1_77' title='bbox 879 870 945 917; x_wconf 89' lang='lat' dir='ltr'>ipsa</span> <span class='ocrx_word' id='word_1_78' title='bbox 975 882 1043 905; x_wconf 91' lang='lat' dir='ltr'>me-</span> 
     </span>
     <span class='ocr_line' id='line_1_15' title="bbox 295 920 1043 966; baseline -0.003 -10"><span class='ocrx_word' id='word_1_79' title='bbox 295 922 354 957; x_wconf 92' lang='lat' dir='ltr'>rito</span> <span class='ocrx_word' id='word_1_80' title='bbox 381 922 447 956; x_wconf 87' lang='lat' dir='ltr'>fieri</span> <span class='ocrx_word' id='word_1_81' title='bbox 470 921 592 961; x_wconf 82' lang='lat' dir='ltr'>debeat,</span> <span class='ocrx_word' id='word_1_82' title='bbox 624 933 717 956; x_wconf 88' lang='lat' dir='ltr'>causa</span> <span class='ocrx_word' id='word_1_83' title='bbox 738 920 941 966; x_wconf 71' lang='lat' dir='ltr'>exprimatur,</span> <span class='ocrx_word' id='word_1_84' title='bbox 968 920 1043 954; x_wconf 93' lang='lat' dir='ltr'>alias</span> 
     </span>
     <span class='ocr_line' id='line_1_16' title="bbox 295 969 1042 1018; baseline -0.004 -12"><span class='ocrx_word' id='word_1_85' title='bbox 295 971 525 1018; x_wconf 81' lang='lat' dir='ltr'>derogationeS,</span> <span class='ocrx_word' id='word_1_86' title='bbox 543 971 767 1015; x_wconf 72' lang='lat' dir='ltr'>revocationes,</span> <span class='ocrx_word' id='word_1_87' title='bbox 789 970 992 1014; x_wconf 89' lang='lat' dir='ltr'>cassationes,</span> <span class='ocrx_word' id='word_1_88' title='bbox 1007 969 1042 1004; x_wconf 91' lang='lat' dir='ltr'>ir—</span> 
     </span>
     <span class='ocr_line' id='line_1_17' title="bbox 296 1019 1042 1066; baseline -0.005 -10"><span class='ocrx_word' id='word_1_89' title='bbox 296 1022 456 1056; x_wconf 90' lang='lat' dir='ltr'>ritationes</span> <span class='ocrx_word' id='word_1_90' title='bbox 471 1029 501 1056; x_wconf 91' lang='lat' dir='ltr'>et</span> <span class='ocrx_word' id='word_1_91' title='bbox 518 1021 747 1055; x_wconf 88' lang='lat' dir='ltr'>annullatioues</span> <span class='ocrx_word' id='word_1_92' title='bbox 770 1031 1003 1066; x_wconf 86' lang='lat' dir='ltr'>quaecumque,</span> <span class='ocrx_word' id='word_1_93' title='bbox 1018 1019 1042 1052; x_wconf 93' lang='lat' dir='ltr'>si</span> 
     </span>
     <span class='ocr_line' id='line_1_18' title="bbox 295 1069 1043 1123; baseline -0.005 -17"><span class='ocrx_word' id='word_1_94' title='bbox 295 1083 385 1119; x_wconf 86' lang='lat' dir='ltr'>quas,</span> <span class='ocrx_word' id='word_1_95' title='bbox 407 1071 496 1105; x_wconf 89' lang='lat' dir='ltr'>aliter</span> <span class='ocrx_word' id='word_1_96' title='bbox 508 1082 600 1117; x_wconf 89' lang='lat' dir='ltr'>quam</span> <span class='ocrx_word' id='word_1_97' title='bbox 621 1069 848 1117; x_wconf 85' lang='lat' dir='ltr'>utpraefertur,</span> <span class='ocrx_word' id='word_1_98' title='bbox 863 1081 1043 1123; x_wconf 86' lang='lat' dir='ltr'>aquocum-</span> 
     </span>
     <span class='ocr_line' id='line_1_19' title="bbox 295 1118 1044 1168; baseline -0.007 -12"><span class='ocrx_word' id='word_1_99' title='bbox 295 1132 368 1168; x_wconf 89' lang='lat' dir='ltr'>que,</span> <span class='ocrx_word' id='word_1_100' title='bbox 381 1120 474 1155; x_wconf 90' lang='lat' dir='ltr'>etiam</span> <span class='ocrx_word' id='word_1_101' title='bbox 484 1120 627 1155; x_wconf 89' lang='lat' dir='ltr'>Romano</span> <span class='ocrx_word' id='word_1_102' title='bbox 640 1119 809 1160; x_wconf 75' lang='lat' dir='ltr'>pontifice,</span> <span class='ocrx_word' id='word_1_103' title='bbox 824 1118 887 1153; x_wconf 81' lang='lat' dir='ltr'>fieri</span> <span class='ocrx_word' id='word_1_104' title='bbox 902 1118 1044 1163; x_wconf 85' lang='lat' dir='ltr'>eontige-</span> 
     </span>
     <span class='ocr_line' id='line_1_20' title="bbox 297 1168 1045 1217; baseline -0.004 -13"><span class='ocrx_word' id='word_1_105' title='bbox 297 1171 347 1215; x_wconf 91' lang='lat' dir='ltr'>rit,</span> <span class='ocrx_word' id='word_1_106' title='bbox 369 1182 404 1205; x_wconf 89' lang='lat' dir='ltr'>ac</span> <span class='ocrx_word' id='word_1_107' title='bbox 425 1181 643 1217; x_wconf 86' lang='lat' dir='ltr'>quaecumque</span> <span class='ocrx_word' id='word_1_108' title='bbox 657 1169 770 1204; x_wconf 80' lang='lat' dir='ltr'>exinde</span> <span class='ocrx_word' id='word_1_109' title='bbox 797 1176 904 1202; x_wconf 84' lang='lat' dir='ltr'>secuta</span> <span class='ocrx_word' id='word_1_110' title='bbox 928 1168 1045 1202; x_wconf 91' lang='lat' dir='ltr'>nullius</span> 
     </span>
     <span class='ocr_line' id='line_1_21' title="bbox 297 1198 1045 1264; baseline -0.004 -10"><span class='ocrx_word' id='word_1_111' title='bbox 297 1198 360 1254; x_wconf 83' lang='lat' dir='ltr'>sitit</span> <span class='ocrx_word' id='word_1_112' title='bbox 382 1219 503 1255; x_wconf 85' lang='lat' dir='ltr'>roboris</span> <span class='ocrx_word' id='word_1_113' title='bbox 522 1219 566 1253; x_wconf 89' lang='lat' dir='ltr'>vel</span> <span class='ocrx_word' id='word_1_114' title='bbox 591 1218 765 1258; x_wconf 89' lang='lat' dir='ltr'>momenti,</span> <span class='ocrx_word' id='word_1_115' title='bbox 788 1217 863 1264; x_wconf 89' lang='lat' dir='ltr'>ipsis</span> <span class='ocrx_word' id='word_1_116' title='bbox 885 1217 1045 1252; x_wconf 87' lang='lat' dir='ltr'>concessis</span> 
     </span>
     <span class='ocr_line' id='line_1_22' title="bbox 298 1267 1046 1316; baseline -0.004 -13"><span class='ocrx_word' id='word_1_117' title='bbox 298 1269 407 1312; x_wconf 89' lang='lat' dir='ltr'>literis,</span> <span class='ocrx_word' id='word_1_118' title='bbox 430 1269 611 1316; x_wconf 82' lang='lat' dir='ltr'>privilegiis,</span> <span class='ocrx_word' id='word_1_119' title='bbox 639 1267 782 1311; x_wconf 88' lang='lat' dir='ltr'>indultis,</span> <span class='ocrx_word' id='word_1_120' title='bbox 808 1267 929 1313; x_wconf 85' lang='lat' dir='ltr'>gratiis,</span> <span class='ocrx_word' id='word_1_121' title='bbox 944 1279 1046 1301; x_wconf 81' lang='lat' dir='ltr'>exem-</span> 
     </span>
     <span class='ocr_line' id='line_1_23' title="bbox 298 1316 1045 1366; baseline -0.004 -13"><span class='ocrx_word' id='word_1_122' title='bbox 298 1318 458 1366; x_wconf 87' lang='lat' dir='ltr'>ptionibus</span> <span class='ocrx_word' id='word_1_123' title='bbox 480 1326 510 1352; x_wconf 89' lang='lat' dir='ltr'>et</span> <span class='ocrx_word' id='word_1_124' title='bbox 536 1317 731 1353; x_wconf 75' lang='lat' dir='ltr'>libertatibus</span> <span class='ocrx_word' id='word_1_125' title='bbox 758 1317 788 1351; x_wconf 93' lang='lat' dir='ltr'>in</span> <span class='ocrx_word' id='word_1_126' title='bbox 809 1328 866 1351; x_wconf 88' lang='lat' dir='ltr'>suo</span> <span class='ocrx_word' id='word_1_127' title='bbox 896 1316 1045 1363; x_wconf 89' lang='lat' dir='ltr'>pristino,</span> 
     </span>
     <span class='ocr_line' id='line_1_24' title="bbox 298 1365 1046 1415; baseline -0.001 -14"><span class='ocrx_word' id='word_1_128' title='bbox 298 1368 439 1415; x_wconf 89' lang='lat' dir='ltr'>plenario</span> <span class='ocrx_word' id='word_1_129' title='bbox 465 1375 495 1402; x_wconf 90' lang='lat' dir='ltr'>et</span> <span class='ocrx_word' id='word_1_130' title='bbox 523 1367 644 1414; x_wconf 69' lang='lat' dir='ltr'>integr«)</span> <span class='ocrx_word' id='word_1_131' title='bbox 673 1367 784 1402; x_wconf 84' lang='lat' dir='ltr'>robore</span> <span class='ocrx_word' id='word_1_132' title='bbox 810 1365 989 1407; x_wconf 81' lang='lat' dir='ltr'>dutatttris3</span> <span class='ocrx_word' id='word_1_133' title='bbox 1017 1374 1046 1400; x_wconf 91' lang='lat' dir='ltr'>et</span> 
     </span>
     <span class='ocr_line' id='line_1_25' title="bbox 298 1416 1047 1472; baseline -0.003 -20"><span class='ocrx_word' id='word_1_134' title='bbox 298 1417 383 1472; x_wconf 84' lang='lat' dir='ltr'>quod</span> <span class='ocrx_word' id='word_1_135' title='bbox 400 1430 454 1465; x_wconf 89' lang='lat' dir='ltr'>per</span> <span class='ocrx_word' id='word_1_136' title='bbox 472 1429 689 1464; x_wconf 88' lang='lat' dir='ltr'>quascumque</span> <span class='ocrx_word' id='word_1_137' title='bbox 712 1416 935 1457; x_wconf 71' lang='lat' dir='ltr'>revocationes,</span> <span class='ocrx_word' id='word_1_138' title='bbox 950 1428 1047 1451; x_wconf 86' lang='lat' dir='ltr'>cassa-</span> 
     </span>
     <span class='ocr_line' id='line_1_26' title="bbox 300 1467 1046 1521; baseline -0.003 -19"><span class='ocrx_word' id='word_1_139' title='bbox 300 1468 399 1503; x_wconf 90' lang='lat' dir='ltr'>tiones</span> <span class='ocrx_word' id='word_1_140' title='bbox 432 1480 486 1502; x_wconf 88' lang='lat' dir='ltr'>scu</span> <span class='ocrx_word' id='word_1_141' title='bbox 517 1467 748 1502; x_wconf 88' lang='lat' dir='ltr'>annullationes</span> <span class='ocrx_word' id='word_1_142' title='bbox 775 1478 1046 1521; x_wconf 82' lang='lat' dir='ltr'>quarumcumque</span> 
     </span>
     <span class='ocr_line' id='line_1_27' title="bbox 300 1516 1045 1562; baseline -0.003 -10"><span class='ocrx_word' id='word_1_143' title='bbox 300 1519 469 1558; x_wconf 89' lang='lat' dir='ltr'>unionum,</span> <span class='ocrx_word' id='word_1_144' title='bbox 498 1518 728 1554; x_wconf 80' lang='lat' dir='ltr'>annexionum</span> <span class='ocrx_word' id='word_1_145' title='bbox 758 1516 1045 1562; x_wconf 87' lang='lat' dir='ltr'>incorporationum</span> 
     </span>
     <span class='ocr_line' id='line_1_28' title="bbox 299 1566 1048 1615; baseline -0.005 -12"><span class='ocrx_word' id='word_1_146' title='bbox 299 1576 329 1603; x_wconf 90' lang='lat' dir='ltr'>et</span> <span class='ocrx_word' id='word_1_147' title='bbox 343 1567 645 1615; x_wconf 78' lang='lat' dir='ltr'>appropriationum</span> <span class='ocrx_word' id='word_1_148' title='bbox 661 1566 699 1601; x_wconf 88' lang='lat' dir='ltr'>de</span> <span class='ocrx_word' id='word_1_149' title='bbox 713 1566 876 1613; x_wconf 87' lang='lat' dir='ltr'>quibusvis</span> <span class='ocrx_word' id='word_1_150' title='bbox 891 1573 1048 1600; x_wconf 82' lang='lat' dir='ltr'>monaste-</span> 
     </span>
     <span class='ocr_line' id='line_1_29' title="bbox 299 1615 1048 1665; baseline -0.004 -13"><span class='ocrx_word' id='word_1_151' title='bbox 299 1618 371 1658; x_wconf 84' lang='lat' dir='ltr'>riis&#39;,</span> <span class='ocrx_word' id='word_1_152' title='bbox 400 1616 587 1665; x_wconf 86' lang='lat' dir='ltr'>prioratibus</span> <span class='ocrx_word' id='word_1_153' title='bbox 614 1618 680 1651; x_wconf 85' lang='lat' dir='ltr'>sive</span> <span class='ocrx_word' id='word_1_154' title='bbox 707 1616 783 1651; x_wconf 90' lang='lat' dir='ltr'>locis</span> <span class='ocrx_word' id='word_1_155' title='bbox 810 1615 1048 1659; x_wconf 82' lang='lat' dir='ltr'>ecclesiasticis,</span> 
     </span>
    </p>
   </div>
   <div class='ocr_carea' id='block_1_4' title="bbox 299 1665 1054 2112">
    <p class='ocr_par' dir='ltr' id='par_1_4' title="bbox 299 1665 1054 2112">
     <span class='ocr_line' id='line_1_30' title="bbox 301 1665 1049 1714; baseline -0.003 -12"><span class='ocrx_word' id='word_1_156' title='bbox 301 1679 356 1714; x_wconf 89' lang='lat' dir='ltr'>per</span> <span class='ocrx_word' id='word_1_157' title='bbox 369 1679 426 1702; x_wconf 91' lang='lat' dir='ltr'>nos</span> <span class='ocrx_word' id='word_1_158' title='bbox 447 1675 499 1702; x_wconf 89' lang='lat' dir='ltr'>aut</span> <span class='ocrx_word' id='word_1_159' title='bbox 522 1678 721 1702; x_wconf 85' lang='lat' dir='ltr'>successores</span> <span class='ocrx_word' id='word_1_160' title='bbox 743 1672 867 1700; x_wconf 73' lang='lat' dir='ltr'>nostros</span> <span class='ocrx_word' id='word_1_161' title='bbox 888 1665 1049 1700; x_wconf 88' lang='lat' dir='ltr'>Romanos</span> 
     </span>
     <span class='ocr_line' id='line_1_31' title="bbox 299 1715 1049 1762; baseline -0.003 -10"><span class='ocrx_word' id='word_1_162' title='bbox 299 1717 484 1757; x_wconf 78' lang='lat' dir='ltr'>Pontifices,</span> <span class='ocrx_word' id='word_1_163' title='bbox 505 1724 557 1751; x_wconf 89' lang='lat' dir='ltr'>aut</span> <span class='ocrx_word' id='word_1_164' title='bbox 579 1728 687 1751; x_wconf 90' lang='lat' dir='ltr'>eorum</span> <span class='ocrx_word' id='word_1_165' title='bbox 716 1715 886 1762; x_wconf 86' lang='lat' dir='ltr'>aliquem,</span> <span class='ocrx_word' id='word_1_166' title='bbox 881 1728 911 1748; x_wconf 83' lang='lat' dir='ltr'>tu</span> <span class='ocrx_word' id='word_1_167' title='bbox 934 1727 1049 1761; x_wconf 82' lang='lat' dir='ltr'>genere</span> 
     </span>
     <span class='ocr_line' id='line_1_32' title="bbox 301 1764 1052 1814; baseline -0.003 -13"><span class='ocrx_word' id='word_1_168' title='bbox 301 1767 348 1802; x_wconf 91' lang='lat' dir='ltr'>vel</span> <span class='ocrx_word' id='word_1_169' title='bbox 362 1767 392 1801; x_wconf 91' lang='lat' dir='ltr'>in</span> <span class='ocrx_word' id='word_1_170' title='bbox 407 1767 525 1814; x_wconf 86' lang='lat' dir='ltr'>specie,</span> <span class='ocrx_word' id='word_1_171' title='bbox 547 1766 607 1801; x_wconf 90' lang='lat' dir='ltr'>sub</span> <span class='ocrx_word' id='word_1_172' title='bbox 619 1765 785 1813; x_wconf 90' lang='lat' dir='ltr'>quibusvis</span> <span class='ocrx_word' id='word_1_173' title='bbox 810 1764 975 1799; x_wconf 86' lang='lat' dir='ltr'>verborum</span> <span class='ocrx_word' id='word_1_174' title='bbox 991 1764 1052 1799; x_wconf 88' lang='lat' dir='ltr'>for-</span> 
     </span>
     <span class='ocr_line' id='line_1_33' title="bbox 302 1814 1049 1864; baseline -0.004 -13"><span class='ocrx_word' id='word_1_175' title='bbox 302 1817 361 1851; x_wconf 92' lang='lat' dir='ltr'>mis</span> <span class='ocrx_word' id='word_1_176' title='bbox 388 1818 434 1851; x_wconf 87' lang='lat' dir='ltr'>vel</span> <span class='ocrx_word' id='word_1_177' title='bbox 462 1815 731 1864; x_wconf 83' lang='lat' dir='ltr'>expressionibus,</span> <span class='ocrx_word' id='word_1_178' title='bbox 753 1814 792 1849; x_wconf 92' lang='lat' dir='ltr'>de</span> <span class='ocrx_word' id='word_1_179' title='bbox 815 1822 918 1848; x_wconf 89' lang='lat' dir='ltr'>cetero</span> <span class='ocrx_word' id='word_1_180' title='bbox 946 1814 1049 1849; x_wconf 81' lang='lat' dir='ltr'>forsan</span> 
     </span>
     <span class='ocr_line' id='line_1_34' title="bbox 302 1864 1051 1911; baseline -0.004 -9"><span class='ocrx_word' id='word_1_181' title='bbox 302 1866 464 1911; x_wconf 85' lang='lat' dir='ltr'>faciendis,</span> <span class='ocrx_word' id='word_1_182' title='bbox 497 1866 615 1901; x_wconf 92' lang='lat' dir='ltr'>nullum</span> <span class='ocrx_word' id='word_1_183' title='bbox 639 1865 739 1900; x_wconf 88' lang='lat' dir='ltr'>dictae</span> <span class='ocrx_word' id='word_1_184' title='bbox 761 1864 800 1899; x_wconf 90' lang='lat' dir='ltr'>de</span> <span class='ocrx_word' id='word_1_185' title='bbox 827 1876 907 1899; x_wconf 88' lang='lat' dir='ltr'>novo</span> <span class='ocrx_word' id='word_1_186' title='bbox 929 1872 1051 1899; x_wconf 86' lang='lat' dir='ltr'>erectae</span> 
     </span>
     <span class='ocr_line' id='line_1_35' title="bbox 303 1913 1052 1969; baseline -0.004 -17"><span class='ocrx_word' id='word_1_187' title='bbox 303 1917 550 1964; x_wconf 82' lang='lat' dir='ltr'>congregationi,</span> <span class='ocrx_word' id='word_1_188' title='bbox 577 1927 673 1962; x_wconf 78' lang='lat' dir='ltr'>super</span> <span class='ocrx_word' id='word_1_189' title='bbox 696 1913 908 1959; x_wconf 89' lang='lat' dir='ltr'>unionibus,&#39;</span> <span class='ocrx_word' id='word_1_190' title='bbox 902 1926 1052 1969; x_wconf 82' lang='lat' dir='ltr'>incorpo—</span> 
     </span>
     <span class='ocr_line' id='line_1_36' title="bbox 304 1964 1054 2013; baseline -0.004 -12"><span class='ocrx_word' id='word_1_191' title='bbox 304 1966 489 2006; x_wconf 86' lang='lat' dir='ltr'>rationibus,</span> <span class='ocrx_word' id='word_1_192' title='bbox 503 1964 811 2013; x_wconf 81' lang='lat' dir='ltr'>appropriationibus</span> <span class='ocrx_word' id='word_1_193' title='bbox 833 1971 863 1998; x_wconf 88' lang='lat' dir='ltr'>et</span> <span class='ocrx_word' id='word_1_194' title='bbox 883 1964 1054 1998; x_wconf 88' lang='lat' dir='ltr'>innovatio-</span> 
     </span>
     <span class='ocr_line' id='line_1_37' title="bbox 304 2013 1053 2063; baseline -0.003 -12"><span class='ocrx_word' id='word_1_195' title='bbox 304 2016 397 2051; x_wconf 88' lang='lat' dir='ltr'>nibus</span> <span class='ocrx_word' id='word_1_196' title='bbox 415 2027 690 2063; x_wconf 86' lang='lat' dir='ltr'>quorumcumque</span> <span class='ocrx_word' id='word_1_197' title='bbox 706 2013 982 2055; x_wconf 84' lang='lat' dir='ltr'>monasteriorum,</span> <span class='ocrx_word' id='word_1_198' title='bbox 999 2026 1053 2049; x_wconf 89' lang='lat' dir='ltr'>ec-</span> 
     </span>
     <span class='ocr_line' id='line_1_38' title="bbox 305 2063 1054 2112; baseline -0.004 -11"><span class='ocrx_word' id='word_1_199' title='bbox 305 2066 490 2110; x_wconf 86' lang='lat' dir='ltr'>clesiarum,</span> <span class='ocrx_word' id='word_1_200' title='bbox 508 2065 702 2112; x_wconf 86' lang='lat' dir='ltr'>prioratuum</span> <span class='ocrx_word' id='word_1_201' title='bbox 725 2072 777 2099; x_wconf 83' lang='lat' dir='ltr'>aut</span> <span class='ocrx_word' id='word_1_202' title='bbox 799 2063 932 2098; x_wconf 88' lang='lat' dir='ltr'>aliorum</span> <span class='ocrx_word' id='word_1_203' title='bbox 955 2063 1054 2099; x_wconf 89' lang='lat' dir='ltr'>bene-</span> 
     </span>
    </p>
   </div>
   <div class='ocr_carea' id='block_1_5' title="bbox 305 2117 1061 2752">
    <p class='ocr_par' dir='ltr' id='par_1_5' title="bbox 305 2117 1061 2752">
     <span class='ocr_line' id='line_1_39' title="bbox 305 2117 1055 2165; baseline -0.005 -10"><span class='ocrx_word' id='word_1_204' title='bbox 305 2120 445 2155; x_wconf 87' lang='lat' dir='ltr'>ficiorum</span> <span class='ocrx_word' id='word_1_205' title='bbox 468 2119 776 2162; x_wconf 85' lang='lat' dir='ltr'>ecclesiasticorum,</span> <span class='ocrx_word' id='word_1_206' title='bbox 803 2129 838 2152; x_wconf 90' lang='lat' dir='ltr'>ac</span> <span class='ocrx_word' id='word_1_207' title='bbox 869 2129 923 2165; x_wconf 89' lang='lat' dir='ltr'>per</span> <span class='ocrx_word' id='word_1_208' title='bbox 952 2117 1055 2152; x_wconf 89' lang='lat' dir='ltr'>infra-</span> 
     </span>
     <span class='ocr_line' id='line_1_40' title="bbox 306 2171 1054 2222; baseline -0.007 -12"><span class='ocrx_word' id='word_1_209' title='bbox 306 2175 440 2222; x_wconf 89' lang='lat' dir='ltr'>scriptas</span> <span class='ocrx_word' id='word_1_210' title='bbox 466 2173 706 2208; x_wconf 86' lang='lat' dir='ltr'>constitutiones</span> <span class='ocrx_word' id='word_1_211' title='bbox 734 2172 882 2206; x_wconf 86' lang='lat' dir='ltr'>factarum</span> <span class='ocrx_word' id='word_1_212' title='bbox 902 2171 1054 2206; x_wconf 85' lang='lat' dir='ltr'>unionum</span> 
     </span>
     <span class='ocr_line' id='line_1_41' title="bbox 308 2225 1056 2274; baseline -0.004 -10"><span class='ocrx_word' id='word_1_213' title='bbox 308 2227 609 2267; x_wconf 85' lang='lat' dir='ltr'>confirmationibus,</span> <span class='ocrx_word' id='word_1_214' title='bbox 633 2239 687 2274; x_wconf 84' lang='lat' dir='ltr'>per</span> <span class='ocrx_word' id='word_1_215' title='bbox 707 2238 763 2261; x_wconf 88' lang='lat' dir='ltr'>nos</span> <span class='ocrx_word' id='word_1_216' title='bbox 786 2233 815 2260; x_wconf 88' lang='lat' dir='ltr'>et</span> <span class='ocrx_word' id='word_1_217' title='bbox 836 2225 951 2260; x_wconf 86' lang='lat' dir='ltr'>Sedem</span> <span class='ocrx_word' id='word_1_218' title='bbox 969 2238 1056 2273; x_wconf 82' lang='lat' dir='ltr'>prae—</span> 
     </span>
     <span class='ocr_line' id='line_1_42' title="bbox 308 2281 1056 2327; baseline -0.007 -8"><span class='ocrx_word' id='word_1_219' title='bbox 308 2284 435 2324; x_wconf 83' lang='lat' dir='ltr'>dictam,</span> <span class='ocrx_word' id='word_1_220' title='bbox 457 2281 560 2317; x_wconf 88' lang='lat' dir='ltr'>eidem</span> <span class='ocrx_word' id='word_1_221' title='bbox 577 2281 615 2316; x_wconf 91' lang='lat' dir='ltr'>de</span> <span class='ocrx_word' id='word_1_222' title='bbox 639 2293 718 2315; x_wconf 83' lang='lat' dir='ltr'>novo</span> <span class='ocrx_word' id='word_1_223' title='bbox 741 2288 864 2315; x_wconf 84' lang='lat' dir='ltr'>erectae</span> <span class='ocrx_word' id='word_1_224' title='bbox 882 2292 1056 2327; x_wconf 86' lang='lat' dir='ltr'>congrega-</span> 
     </span>
     <span class='ocr_line' id='line_1_43' title="bbox 310 2335 1058 2382; baseline -0.004 -8"><span class='ocrx_word' id='word_1_225' title='bbox 310 2339 384 2374; x_wconf 91' lang='lat' dir='ltr'>tioni</span> <span class='ocrx_word' id='word_1_226' title='bbox 408 2338 454 2373; x_wconf 91' lang='lat' dir='ltr'>vel</span> <span class='ocrx_word' id='word_1_227' title='bbox 483 2338 514 2373; x_wconf 92' lang='lat' dir='ltr'>in</span> <span class='ocrx_word' id='word_1_228' title='bbox 537 2337 605 2373; x_wconf 89' lang='lat' dir='ltr'>eius</span> <span class='ocrx_word' id='word_1_229' title='bbox 628 2337 762 2372; x_wconf 75' lang='lat' dir='ltr'>favorem</span> <span class='ocrx_word' id='word_1_230' title='bbox 786 2335 946 2381; x_wconf 86' lang='lat' dir='ltr'>faciendis,</span> <span class='ocrx_word' id='word_1_231' title='bbox 967 2348 1058 2382; x_wconf 90' lang='lat' dir='ltr'>prae-</span> 
     </span>
     <span class='ocr_line' id='line_1_44' title="bbox 311 2390 1057 2431; baseline -0.003 -4"><span class='ocrx_word' id='word_1_232' title='bbox 311 2392 462 2428; x_wconf 90' lang='lat' dir='ltr'>iudicium</span> <span class='ocrx_word' id='word_1_233' title='bbox 481 2391 640 2426; x_wconf 90' lang='lat' dir='ltr'>inferatur.</span> <span class='ocrx_word' id='word_1_234' title='bbox 665 2390 729 2426; x_wconf 86' lang='lat' dir='ltr'>Sed</span> <span class='ocrx_word' id='word_1_235' title='bbox 742 2390 811 2425; x_wconf 88' lang='lat' dir='ltr'>illae</span> <span class='ocrx_word' id='word_1_236' title='bbox 828 2402 949 2431; x_wconf 84' lang='lat' dir='ltr'>omnes,</span> <span class='ocrx_word' id='word_1_237' title='bbox 965 2390 1057 2425; x_wconf 90' lang='lat' dir='ltr'>etiam</span> 
     </span>
     <span class='ocr_line' id='line_1_45' title="bbox 312 2445 1060 2495; baseline -0.004 -13"><span class='ocrx_word' id='word_1_238' title='bbox 312 2455 381 2495; x_wconf 89' lang='lat' dir='ltr'>post</span> <span class='ocrx_word' id='word_1_239' title='bbox 402 2447 628 2486; x_wconf 88' lang='lat' dir='ltr'>revocationes,</span> <span class='ocrx_word' id='word_1_240' title='bbox 650 2445 843 2480; x_wconf 88' lang='lat' dir='ltr'>cassationes</span> <span class='ocrx_word' id='word_1_241' title='bbox 865 2452 895 2479; x_wconf 90' lang='lat' dir='ltr'>et</span> <span class='ocrx_word' id='word_1_242' title='bbox 923 2445 1060 2479; x_wconf 90' lang='lat' dir='ltr'>annulla-</span> 
     </span>
     <span class='ocr_line' id='line_1_46' title="bbox 313 2499 1061 2548; baseline -0.005 -12"><span class='ocrx_word' id='word_1_243' title='bbox 313 2502 412 2537; x_wconf 90' lang='lat' dir='ltr'>tiones</span> <span class='ocrx_word' id='word_1_244' title='bbox 439 2501 630 2548; x_wconf 87' lang='lat' dir='ltr'>praedictas,</span> <span class='ocrx_word' id='word_1_245' title='bbox 659 2500 689 2534; x_wconf 92' lang='lat' dir='ltr'>iu</span> <span class='ocrx_word' id='word_1_246' title='bbox 717 2512 775 2535; x_wconf 92' lang='lat' dir='ltr'>suo</span> <span class='ocrx_word' id='word_1_247' title='bbox 804 2499 917 2534; x_wconf 87' lang='lat' dir='ltr'>robore</span> <span class='ocrx_word' id='word_1_248' title='bbox 943 2499 1061 2533; x_wconf 86' lang='lat' dir='ltr'>incon-</span> 
     </span>
     <span class='ocr_line' id='line_1_47' title="bbox 313 2553 1060 2602; baseline -0.003 -12"><span class='ocrx_word' id='word_1_249' title='bbox 313 2567 421 2591; x_wconf 87' lang='lat' dir='ltr'>cussae</span> <span class='ocrx_word' id='word_1_250' title='bbox 436 2554 601 2602; x_wconf 87' lang='lat' dir='ltr'>persistant</span> <span class='ocrx_word' id='word_1_251' title='bbox 617 2555 647 2589; x_wconf 94' lang='lat' dir='ltr'>in</span> <span class='ocrx_word' id='word_1_252' title='bbox 666 2554 812 2590; x_wconf 90' lang='lat' dir='ltr'>omnibus</span> <span class='ocrx_word' id='word_1_253' title='bbox 834 2561 862 2588; x_wconf 87' lang='lat' dir='ltr'>et</span> <span class='ocrx_word' id='word_1_254' title='bbox 878 2564 932 2600; x_wconf 89' lang='lat' dir='ltr'>per</span> <span class='ocrx_word' id='word_1_255' title='bbox 944 2553 1060 2597; x_wconf 87' lang='lat' dir='ltr'>omnia,</span> 
     </span>
     <span class='ocr_line' id='line_1_48' title="bbox 315 2606 1060 2657; baseline -0.005 -13"><span class='ocrx_word' id='word_1_256' title='bbox 315 2621 350 2644; x_wconf 90' lang='lat' dir='ltr'>ac</span> <span class='ocrx_word' id='word_1_257' title='bbox 370 2610 408 2655; x_wconf 82' lang='lat' dir='ltr'>si·,</span> <span class='ocrx_word' id='word_1_258' title='bbox 430 2609 530 2657; x_wconf 88' lang='lat' dir='ltr'>quoad</span> <span class='ocrx_word' id='word_1_259' title='bbox 554 2621 606 2644; x_wconf 88' lang='lat' dir='ltr'>eas</span> <span class='ocrx_word' id='word_1_260' title='bbox 627 2617 658 2643; x_wconf 84' lang='lat' dir='ltr'>et</span> <span class='ocrx_word' id='word_1_261' title='bbox 679 2609 816 2656; x_wconf 89' lang='lat' dir='ltr'>ipsarum</span> <span class='ocrx_word' id='word_1_262' title='bbox 834 2606 987 2653; x_wconf 89' lang='lat' dir='ltr'>singulas,</span> <span class='ocrx_word' id='word_1_263' title='bbox 1002 2607 1060 2641; x_wconf 91' lang='lat' dir='ltr'>ali-</span> 
     </span>
     <span class='ocr_line' id='line_1_49' title="bbox 315 2660 1061 2712; baseline -0.003 -14"><span class='ocrx_word' id='word_1_264' title='bbox 315 2675 374 2712; x_wconf 87' lang='lat' dir='ltr'>qua</span> <span class='ocrx_word' id='word_1_265' title='bbox 388 2664 553 2707; x_wconf 77' lang='lat' dir='ltr'>revocatio,</span> <span class='ocrx_word' id='word_1_266' title='bbox 568 2662 739 2698; x_wconf 81' lang='lat' dir='ltr'>annullatio</span> <span class='ocrx_word' id='word_1_267' title='bbox 758 2662 804 2697; x_wconf 90' lang='lat' dir='ltr'>vel</span> <span class='ocrx_word' id='word_1_268' title='bbox 818 2661 949 2697; x_wconf 86' lang='lat' dir='ltr'>cassatio</span> <span class='ocrx_word' id='word_1_269' title='bbox 963 2660 1061 2696; x_wconf 89' lang='lat' dir='ltr'>nulla-</span> 
     </span>
     <span class='ocr_line' id='line_1_50' title="bbox 393 2718 924 2752; baseline -0.006 -1"><span class='ocrx_word' id='word_1_270' title='bbox 393 2721 467 2752; x_wconf 88' lang='lat' dir='ltr'>Bull.</span> <span class='ocrx_word' id='word_1_271' title='bbox 487 2720 565 2751; x_wconf 84' lang='lat' dir='ltr'><em>Rom.</em></span> <span class='ocrx_word' id='word_1_272' title='bbox 592 2720 648 2751; x_wconf 82' lang='lat' dir='ltr'>Vol.</span> <span class='ocrx_word' id='word_1_273' title='bbox 673 2720 702 2750; x_wconf 88' lang='lat' dir='ltr'>V.</span> <span class='ocrx_word' id='word_1_274' title='bbox 888 2718 924 2748; x_wconf 79' lang='lat'>70</span> 
     </span>
    </p>
   </div>
   <div class='ocr_carea' id='block_1_6' title="bbox 1709 251 1776 263">
    <p class='ocr_par' dir='ltr' id='par_1_6' title="bbox 1709 251 1776 263">
     <span class='ocr_line' id='line_1_51' title="bbox 1709 251 1776 263; baseline 0.03 -2"><span class='ocrx_word' id='word_1_275' title='bbox 1709 251 1776 263; x_wconf 76' lang='lat' dir='ltr'>uiu-</span> 
     </span>
    </p>
   </div>
   <div class='ocr_carea' id='block_1_7' title="bbox 1707 261 1776 285">
    <p class='ocr_par' dir='ltr' id='par_1_7' title="bbox 1707 261 1776 285">
     <span class='ocr_line' id='line_1_52' title="bbox 1707 261 1776 285; baseline 0 0"><span class='ocrx_word' id='word_1_276' title='bbox 1707 261 1776 285; x_wconf 71' lang='lat'>000</span> 
     </span>
    </p>
   </div>
   <div class='ocr_carea' id='block_1_8' title="bbox 1079 316 1863 2655">
    <p class='ocr_par' dir='ltr' id='par_1_8' title="bbox 1079 316 1835 954">
     <span class='ocr_line' id='line_1_53' title="bbox 1080 316 1829 365; baseline -0.004 -10"><span class='ocrx_word' id='word_1_277' title='bbox 1080 329 1170 356; x_wconf 85' lang='lat' dir='ltr'>tenus</span> <span class='ocrx_word' id='word_1_278' title='bbox 1180 326 1389 359; x_wconf 86' lang='lat' dir='ltr'>emanassent</span> <span class='ocrx_word' id='word_1_279' title='bbox 1401 318 1460 353; x_wconf 88' lang='lat' dir='ltr'>uisi</span> <span class='ocrx_word' id='word_1_280' title='bbox 1478 316 1553 352; x_wconf 90' lang='lat' dir='ltr'>dum</span> <span class='ocrx_word' id='word_1_281' title='bbox 1569 316 1829 365; x_wconf 88' lang='lat' dir='ltr'>etquandoipsae</span> 
     </span>
     <span class='ocr_line' id='line_1_54' title="bbox 1079 366 1829 418; baseline -0.005 -12"><span class='ocrx_word' id='word_1_282' title='bbox 1079 383 1175 418; x_wconf 81' lang='lat' dir='ltr'>super</span> <span class='ocrx_word' id='word_1_283' title='bbox 1196 369 1377 410; x_wconf 85' lang='lat' dir='ltr'>unionibus,</span> <span class='ocrx_word' id='word_1_284' title='bbox 1396 368 1519 403; x_wconf 83' lang='lat' dir='ltr'>illatum</span> <span class='ocrx_word' id='word_1_285' title='bbox 1535 366 1829 403; x_wconf 82' lang='lat' dir='ltr'>confirmationibus</span> 
     </span>
     <span class='ocr_line' id='line_1_55' title="bbox 1081 416 1830 474; baseline -0.007 -18"><span class='ocrx_word' id='word_1_286' title='bbox 1081 421 1127 456; x_wconf 91' lang='lat' dir='ltr'>vcl</span> <span class='ocrx_word' id='word_1_287' title='bbox 1165 417 1475 474; x_wconf 88' lang='lat' dir='ltr'>appropriationibus</span> <span class='ocrx_word' id='word_1_288' title='bbox 1510 429 1564 452; x_wconf 89' lang='lat' dir='ltr'>seu</span> <span class='ocrx_word' id='word_1_289' title='bbox 1604 416 1830 452; x_wconf 86' lang='lat' dir='ltr'>donationibus</span> 
     </span>
     <span class='ocr_line' id='line_1_56' title="bbox 1080 467 1831 512; baseline -0.008 -6"><span class='ocrx_word' id='word_1_290' title='bbox 1080 470 1240 506; x_wconf 87' lang='lat' dir='ltr'>confectae</span> <span class='ocrx_word' id='word_1_291' title='bbox 1262 469 1382 508; x_wconf 85' lang='lat' dir='ltr'>literae,</span> <span class='ocrx_word' id='word_1_292' title='bbox 1405 481 1436 502; x_wconf 88' lang='lat' dir='ltr'>ln</span> <span class='ocrx_word' id='word_1_293' title='bbox 1459 467 1708 512; x_wconf 89' lang='lat' dir='ltr'>revocationum,</span> <span class='ocrx_word' id='word_1_294' title='bbox 1725 478 1831 502; x_wconf 87' lang='lat' dir='ltr'>cassa-</span> 
     </span>
     <span class='ocr_line' id='line_1_57' title="bbox 1081 516 1831 557; baseline -0.008 -2"><span class='ocrx_word' id='word_1_295' title='bbox 1081 521 1200 555; x_wconf 91' lang='lat' dir='ltr'>tiouum</span> <span class='ocrx_word' id='word_1_296' title='bbox 1224 527 1254 554; x_wconf 90' lang='lat' dir='ltr'>et</span> <span class='ocrx_word' id='word_1_297' title='bbox 1276 517 1526 553; x_wconf 90' lang='lat' dir='ltr'>annullationum</span> <span class='ocrx_word' id='word_1_298' title='bbox 1551 517 1664 557; x_wconf 83' lang='lat' dir='ltr'>literis,</span> <span class='ocrx_word' id='word_1_299' title='bbox 1684 516 1831 552; x_wconf 90' lang='lat' dir='ltr'>constitu-</span> 
     </span>
     <span class='ocr_line' id='line_1_58' title="bbox 1082 565 1832 621; baseline -0.005 -17"><span class='ocrx_word' id='word_1_300' title='bbox 1082 570 1222 605; x_wconf 87' lang='lat' dir='ltr'>tionibus</span> <span class='ocrx_word' id='word_1_301' title='bbox 1248 577 1279 603; x_wconf 90' lang='lat' dir='ltr'>et</span> <span class='ocrx_word' id='word_1_302' title='bbox 1300 566 1550 603; x_wconf 87' lang='lat' dir='ltr'>ordinationibus</span> <span class='ocrx_word' id='word_1_303' title='bbox 1573 565 1770 621; x_wconf 81' lang='lat' dir='ltr'>huiusmodi,</span> <span class='ocrx_word' id='word_1_304' title='bbox 1793 565 1832 600; x_wconf 92' lang='lat' dir='ltr'>de</span> 
     </span>
     <span class='ocr_line' id='line_1_59' title="bbox 1083 615 1833 660; baseline -0.005 -6"><span class='ocrx_word' id='word_1_305' title='bbox 1083 619 1176 654; x_wconf 84' lang='lat' dir='ltr'>verbo</span> <span class='ocrx_word' id='word_1_306' title='bbox 1199 618 1235 653; x_wconf 87' lang='lat' dir='ltr'>ad</span> <span class='ocrx_word' id='word_1_307' title='bbox 1265 617 1392 652; x_wconf 73' lang='lat' dir='ltr'>verbum</span> <span class='ocrx_word' id='word_1_308' title='bbox 1423 617 1648 660; x_wconf 86' lang='lat' dir='ltr'>insererentur,</span> <span class='ocrx_word' id='word_1_309' title='bbox 1670 627 1706 651; x_wconf 88' lang='lat' dir='ltr'>ac</span> <span class='ocrx_word' id='word_1_310' title='bbox 1734 615 1763 650; x_wconf 95' lang='lat' dir='ltr'>in</span> <span class='ocrx_word' id='word_1_311' title='bbox 1786 616 1833 650; x_wconf 91' lang='lat' dir='ltr'>eis</span> 
     </span>
     <span class='ocr_line' id='line_1_60' title="bbox 1082 665 1833 716; baseline -0.007 -12"><span class='ocrx_word' id='word_1_312' title='bbox 1082 668 1254 716; x_wconf 88' lang='lat' dir='ltr'>specialis,</span> <span class='ocrx_word' id='word_1_313' title='bbox 1281 678 1429 714; x_wconf 81' lang='lat' dir='ltr'>expressa</span> <span class='ocrx_word' id='word_1_314' title='bbox 1452 674 1482 701; x_wconf 89' lang='lat' dir='ltr'>et</span> <span class='ocrx_word' id='word_1_315' title='bbox 1509 665 1669 700; x_wconf 89' lang='lat' dir='ltr'>individua</span> <span class='ocrx_word' id='word_1_316' title='bbox 1695 665 1762 700; x_wconf 86' lang='lat' dir='ltr'>de</span> <span class='ocrx_word' id='word_1_317' title='bbox 1757 665 1833 712; x_wconf 84' lang='lat' dir='ltr'>ipsis</span> 
     </span>
     <span class='ocr_line' id='line_1_61' title="bbox 1084 715 1832 762; baseline -0.007 -8"><span class='ocrx_word' id='word_1_318' title='bbox 1084 717 1282 754; x_wconf 88' lang='lat' dir='ltr'>monasteriis</span> <span class='ocrx_word' id='word_1_319' title='bbox 1294 726 1324 752; x_wconf 91' lang='lat' dir='ltr'>et</span> <span class='ocrx_word' id='word_1_320' title='bbox 1339 717 1416 751; x_wconf 92' lang='lat' dir='ltr'>locis</span> <span class='ocrx_word' id='word_1_321' title='bbox 1435 728 1470 750; x_wconf 87' lang='lat' dir='ltr'>ac</span> <span class='ocrx_word' id='word_1_322' title='bbox 1488 715 1733 762; x_wconf 80' lang='lat' dir='ltr'>congregatione</span> <span class='ocrx_word' id='word_1_323' title='bbox 1748 727 1832 750; x_wconf 90' lang='lat' dir='ltr'>men-</span> 
     </span>
     <span class='ocr_line' id='line_1_62' title="bbox 1083 742 1832 807; baseline -0.005 -4"><span class='ocrx_word' id='word_1_324' title='bbox 1083 770 1124 803; x_wconf 91' lang='lat' dir='ltr'>tio</span> <span class='ocrx_word' id='word_1_325' title='bbox 1148 768 1245 807; x_wconf 61' lang='lat' dir='ltr'>fieren</span> <span class='ocrx_word' id='word_1_326' title='bbox 1270 779 1394 801; x_wconf 86' lang='lat' dir='ltr'>necnon</span> <span class='ocrx_word' id='word_1_327' title='bbox 1419 765 1539 800; x_wconf 74' lang='lat' dir='ltr'>irritum</span> <span class='ocrx_word' id='word_1_328' title='bbox 1549 742 1592 800; x_wconf 59' lang='lat' dir='ltr'>t&#39;et</span> <span class='ocrx_word' id='word_1_329' title='bbox 1617 767 1709 799; x_wconf 86' lang='lat' dir='ltr'>inane</span> <span class='ocrx_word' id='word_1_330' title='bbox 1732 772 1832 800; x_wconf 88' lang='lat' dir='ltr'>totum</span> 
     </span>
     <span class='ocr_line' id='line_1_63' title="bbox 1084 815 1834 865; baseline -0.007 -12"><span class='ocrx_word' id='word_1_331' title='bbox 1084 827 1113 853; x_wconf 84' lang='lat' dir='ltr'>et</span> <span class='ocrx_word' id='word_1_332' title='bbox 1140 817 1289 865; x_wconf 84' lang='lat' dir='ltr'>quicquid</span> <span class='ocrx_word' id='word_1_333' title='bbox 1318 817 1349 850; x_wconf 88' lang='lat' dir='ltr'>in</span> <span class='ocrx_word' id='word_1_334' title='bbox 1364 815 1569 859; x_wconf 78' lang='lat' dir='ltr'>contratium,</span> <span class='ocrx_word' id='word_1_335' title='bbox 1592 815 1702 861; x_wconf 85' lang='lat' dir='ltr'>quavis</span> <span class='ocrx_word' id='word_1_336' title='bbox 1724 822 1834 849; x_wconf 86' lang='lat' dir='ltr'>aucto-</span> 
     </span>
     <span class='ocr_line' id='line_1_64' title="bbox 1085 864 1835 912; baseline -0.007 -9"><span class='ocrx_word' id='word_1_337' title='bbox 1085 869 1196 911; x_wconf 85' lang='lat' dir='ltr'>ritate,</span> <span class='ocrx_word' id='word_1_338' title='bbox 1225 866 1360 901; x_wconf 84' lang='lat' dir='ltr'>scienter</span> <span class='ocrx_word' id='word_1_339' title='bbox 1388 865 1433 900; x_wconf 86' lang='lat' dir='ltr'>vel</span> <span class='ocrx_word' id='word_1_340' title='bbox 1464 865 1643 912; x_wconf 86' lang='lat' dir='ltr'>ignoranter</span> <span class='ocrx_word' id='word_1_341' title='bbox 1670 864 1835 911; x_wconf 84' lang='lat' dir='ltr'>contigerit</span> 
     </span>
     <span class='ocr_line' id='line_1_65' title="bbox 1085 917 1240 954; baseline -0.028 0"><span class='ocrx_word' id='word_1_342' title='bbox 1085 917 1240 954; x_wconf 83' lang='lat' dir='ltr'>attentari.</span> 
     </span>
    </p>

    <p class='ocr_par' dir='ltr' id='par_1_9' title="bbox 1086 963 1851 2655">
     <span class='ocr_line' id='line_1_66' title="bbox 1133 963 1832 1015; baseline -0.004 -14"><span class='ocrx_word' id='word_1_343' title='bbox 1133 969 1153 1015; x_wconf 62' lang='grc' dir='ltr'>ξ</span> <span class='ocrx_word' id='word_1_344' title='bbox 1180 969 1237 1001; x_wconf 79' lang='grc'>47.</span> <span class='ocrx_word' id='word_1_345' title='bbox 1265 966 1393 1000; x_wconf 81' lang='lat' dir='ltr'>Necnon</span> <span class='ocrx_word' id='word_1_346' title='bbox 1417 964 1554 1011; x_wconf 83' lang='lat' dir='ltr'>generali</span> <span class='ocrx_word' id='word_1_347' title='bbox 1584 965 1627 999; x_wconf 72' lang='lat' dir='ltr'>vtl</span> <span class='ocrx_word' id='word_1_348' title='bbox 1655 963 1832 1004; x_wconf 88' lang='lat' dir='ltr'>abbatibus</span> 
     </span>
     <span class='ocr_line' id='line_1_67' title="bbox 1087 1013 1834 1072; baseline -0.007 -20"><span class='ocrx_word' id='word_1_349' title='bbox 1087 1017 1255 1072; x_wconf 84' lang='lat' dir='ltr'>prioribus,</span> <span class='ocrx_word' id='word_1_350' title='bbox 1280 1015 1430 1059; x_wconf 79' lang='lat' dir='ltr'>monacis,</span> <span class='ocrx_word' id='word_1_351' title='bbox 1458 1015 1629 1053; x_wconf 83' lang='lat' dir='ltr'>conversis,</span> <span class='ocrx_word' id='word_1_352' title='bbox 1657 1013 1834 1048; x_wconf 88' lang='lat' dir='ltr'>commissis</span> 
     </span>
     <span class='ocr_line' id='line_1_68' title="bbox 1086 1063 1863 1112; baseline -0.007 -10"><span class='ocrx_word' id='word_1_353' title='bbox 1086 1076 1116 1102; x_wconf 85' lang='lat' dir='ltr'>et</span> <span class='ocrx_word' id='word_1_354' title='bbox 1130 1066 1267 1107; x_wconf 81' lang='lat' dir='ltr'>novitiis,</span> <span class='ocrx_word' id='word_1_355' title='bbox 1284 1064 1501 1112; x_wconf 88' lang='lat' dir='ltr'>praesentibus</span> <span class='ocrx_word' id='word_1_356' title='bbox 1516 1072 1543 1098; x_wconf 89' lang='lat' dir='ltr'>et</span> <span class='ocrx_word' id='word_1_357' title='bbox 1560 1063 1685 1107; x_wconf 90' lang='lat' dir='ltr'>futuris,</span> <span class='ocrx_word' id='word_1_358' title='bbox 1701 1075 1863 1109; x_wconf 85' lang='lat' dir='ltr'>congre-</span> 
     </span>
     <span class='ocr_line' id='line_1_69' title="bbox 1086 1113 1836 1163; baseline -0.007 -11.993"><span class='ocrx_word' id='word_1_359' title='bbox 1086 1117 1219 1163; x_wconf 79' lang='lat' dir='ltr'>gationis</span> <span class='ocrx_word' id='word_1_360' title='bbox 1234 1115 1272 1149; x_wconf 88' lang='lat' dir='ltr'>de</span> <span class='ocrx_word' id='word_1_361' title='bbox 1284 1126 1364 1149; x_wconf 92' lang='lat' dir='ltr'>novo</span> <span class='ocrx_word' id='word_1_362' title='bbox 1386 1121 1507 1148; x_wconf 87' lang='lat' dir='ltr'>erectae</span> <span class='ocrx_word' id='word_1_363' title='bbox 1521 1113 1714 1153; x_wconf 84' lang='lat' dir='ltr'>huiusmodi,</span> <span class='ocrx_word' id='word_1_364' title='bbox 1731 1121 1764 1146; x_wconf 93' lang='lat' dir='ltr'>ut</span> <span class='ocrx_word' id='word_1_365' title='bbox 1779 1124 1836 1147; x_wconf 90' lang='lat' dir='ltr'>eo-</span> 
     </span>
     <span class='ocr_line' id='line_1_70' title="bbox 1088 1161 1835 1206; baseline -0.007 -5"><span class='ocrx_word' id='word_1_366' title='bbox 1088 1179 1155 1201; x_wconf 90' lang='lat' dir='ltr'>rum</span> <span class='ocrx_word' id='word_1_367' title='bbox 1179 1165 1353 1200; x_wconf 88' lang='lat' dir='ltr'>animarum</span> <span class='ocrx_word' id='word_1_368' title='bbox 1377 1163 1468 1198; x_wconf 88' lang='lat' dir='ltr'>saluti</span> <span class='ocrx_word' id='word_1_369' title='bbox 1495 1163 1623 1197; x_wconf 87' lang='lat' dir='ltr'>uberius</span> <span class='ocrx_word' id='word_1_370' title='bbox 1641 1161 1835 1206; x_wconf 86' lang='lat' dir='ltr'>consulatur,</span> 
     </span>
     <span class='ocr_line' id='line_1_71' title="bbox 1089 1212 1838 1268; baseline -0.008 -17"><span class='ocrx_word' id='word_1_371' title='bbox 1089 1224 1120 1251; x_wconf 90' lang='lat' dir='ltr'>ut</span> <span class='ocrx_word' id='word_1_372' title='bbox 1134 1215 1330 1250; x_wconf 87' lang='lat' dir='ltr'>confessores</span> <span class='ocrx_word' id='word_1_373' title='bbox 1347 1212 1464 1257; x_wconf 89' lang='lat' dir='ltr'>idonei,</span> <span class='ocrx_word' id='word_1_374' title='bbox 1486 1225 1569 1268; x_wconf 84' lang='lat' dir='ltr'>quos</span> <span class='ocrx_word' id='word_1_375' title='bbox 1586 1212 1624 1247; x_wconf 91' lang='lat' dir='ltr'>de</span> <span class='ocrx_word' id='word_1_376' title='bbox 1639 1224 1767 1246; x_wconf 91' lang='lat' dir='ltr'>suorum</span> <span class='ocrx_word' id='word_1_377' title='bbox 1783 1224 1838 1246; x_wconf 89' lang='lat' dir='ltr'>vo-</span> 
     </span>
     <span class='ocr_line' id='line_1_72' title="bbox 1088 1262 1838 1311; baseline -0.007 -11"><span class='ocrx_word' id='word_1_378' title='bbox 1088 1266 1204 1300; x_wconf 87' lang='lat' dir='ltr'>luntate</span> <span class='ocrx_word' id='word_1_379' title='bbox 1219 1263 1432 1311; x_wconf 88' lang='lat' dir='ltr'>superiorum,</span> <span class='ocrx_word' id='word_1_380' title='bbox 1444 1271 1497 1297; x_wconf 86' lang='lat' dir='ltr'>aut</span> <span class='ocrx_word' id='word_1_381' title='bbox 1513 1263 1571 1310; x_wconf 71' lang='lat' dir='ltr'>ipsn</span> <span class='ocrx_word' id='word_1_382' title='bbox 1587 1262 1767 1308; x_wconf 88' lang='lat' dir='ltr'>superiores</span> <span class='ocrx_word' id='word_1_383' title='bbox 1783 1273 1838 1308; x_wconf 92' lang='lat' dir='ltr'>pro</span> 
     </span>
     <span class='ocr_line' id='line_1_73' title="bbox 1087 1312 1839 1367; baseline -0.007 -17"><span class='ocrx_word' id='word_1_384' title='bbox 1087 1315 1175 1350; x_wconf 92' lang='lat' dir='ltr'>libito</span> <span class='ocrx_word' id='word_1_385' title='bbox 1198 1313 1361 1360; x_wconf 85' lang='lat' dir='ltr'>elegerint,</span> <span class='ocrx_word' id='word_1_386' title='bbox 1383 1312 1524 1347; x_wconf 91' lang='lat' dir='ltr'>omnium</span> <span class='ocrx_word' id='word_1_387' title='bbox 1549 1319 1748 1367; x_wconf 76' lang='lat' dir='ltr'>peccatorum</span> <span class='ocrx_word' id='word_1_388' title='bbox 1764 1323 1839 1346; x_wconf 89' lang='lat' dir='ltr'>suo-</span> 
     </span>
     <span class='ocr_line' id='line_1_74' title="bbox 1089 1361 1839 1410; baseline -0.005 -11"><span class='ocrx_word' id='word_1_389' title='bbox 1089 1378 1170 1405; x_wconf 80' lang='lat' dir='ltr'>rum,</span> <span class='ocrx_word' id='word_1_390' title='bbox 1186 1363 1353 1410; x_wconf 86' lang='lat' dir='ltr'>dequibus</span> <span class='ocrx_word' id='word_1_391' title='bbox 1376 1361 1471 1397; x_wconf 90' lang='lat' dir='ltr'>corde</span> <span class='ocrx_word' id='word_1_392' title='bbox 1493 1362 1618 1397; x_wconf 87' lang='lat' dir='ltr'>contriti</span> <span class='ocrx_word' id='word_1_393' title='bbox 1640 1370 1670 1396; x_wconf 90' lang='lat' dir='ltr'>et</span> <span class='ocrx_word' id='word_1_394' title='bbox 1691 1372 1744 1396; x_wconf 92' lang='lat' dir='ltr'>ore</span> <span class='ocrx_word' id='word_1_395' title='bbox 1762 1373 1839 1395; x_wconf 89' lang='lat' dir='ltr'>con-</span> 
     </span>
     <span class='ocr_line' id='line_1_75' title="bbox 1089 1411 1840 1459; baseline -0.004 -11"><span class='ocrx_word' id='word_1_396' title='bbox 1089 1415 1161 1450; x_wconf 87' lang='lat' dir='ltr'>fessi</span> <span class='ocrx_word' id='word_1_397' title='bbox 1175 1413 1302 1454; x_wconf 83' lang='lat' dir='ltr'>fuerint,</span> <span class='ocrx_word' id='word_1_398' title='bbox 1319 1413 1441 1459; x_wconf 89' lang='lat' dir='ltr'>plenam</span> <span class='ocrx_word' id='word_1_399' title='bbox 1455 1411 1552 1447; x_wconf 89' lang='lat' dir='ltr'>semel</span> <span class='ocrx_word' id='word_1_400' title='bbox 1571 1419 1689 1446; x_wconf 84' lang='lat' dir='ltr'>tantuin</span> <span class='ocrx_word' id='word_1_401' title='bbox 1707 1411 1738 1445; x_wconf 94' lang='lat' dir='ltr'>in</span> <span class='ocrx_word' id='word_1_402' title='bbox 1755 1422 1840 1445; x_wconf 88' lang='lat' dir='ltr'>mor-</span> 
     </span>
     <span class='ocr_line' id='line_1_76' title="bbox 1091 1460 1840 1501; baseline -0.007 -2"><span class='ocrx_word' id='word_1_403' title='bbox 1091 1466 1129 1499; x_wconf 81' lang='lat' dir='ltr'>tis</span> <span class='ocrx_word' id='word_1_404' title='bbox 1152 1463 1281 1499; x_wconf 89' lang='lat' dir='ltr'>articulo</span> <span class='ocrx_word' id='word_1_405' title='bbox 1305 1462 1520 1497; x_wconf 87' lang='lat' dir='ltr'>remissionem</span> <span class='ocrx_word' id='word_1_406' title='bbox 1537 1461 1592 1501; x_wconf 82' lang='lat' dir='ltr'>eis,</span> <span class='ocrx_word' id='word_1_407' title='bbox 1608 1461 1638 1495; x_wconf 91' lang='lat' dir='ltr'>in</span> <span class='ocrx_word' id='word_1_408' title='bbox 1661 1460 1840 1496; x_wconf 85' lang='lat' dir='ltr'>sinceritate</span> 
     </span>
     <span class='ocr_line' id='line_1_77' title="bbox 1092 1510 1840 1558; baseline -0.007 -9"><span class='ocrx_word' id='word_1_409' title='bbox 1092 1515 1184 1558; x_wconf 81' lang='lat' dir='ltr'>fidei,</span> <span class='ocrx_word' id='word_1_410' title='bbox 1208 1514 1325 1548; x_wconf 82' lang='lat' dir='ltr'>unitate</span> <span class='ocrx_word' id='word_1_411' title='bbox 1346 1521 1470 1547; x_wconf 87' lang='lat' dir='ltr'>sauctae</span> <span class='ocrx_word' id='word_1_412' title='bbox 1494 1511 1652 1546; x_wconf 76' lang='lat' dir='ltr'>Romanae</span> <span class='ocrx_word' id='word_1_413' title='bbox 1667 1510 1840 1551; x_wconf 83' lang='lat' dir='ltr'>Ecclesiae,</span> 
     </span>
     <span class='ocr_line' id='line_1_78' title="bbox 1090 1560 1841 1600; baseline -0.007 -1"><span class='ocrx_word' id='word_1_414' title='bbox 1090 1577 1124 1600; x_wconf 85' lang='lat' dir='ltr'>ac</span> <span class='ocrx_word' id='word_1_415' title='bbox 1143 1564 1319 1599; x_wconf 86' lang='lat' dir='ltr'>obedientia</span> <span class='ocrx_word' id='word_1_416' title='bbox 1342 1570 1372 1597; x_wconf 90' lang='lat' dir='ltr'>et</span> <span class='ocrx_word' id='word_1_417' title='bbox 1388 1561 1553 1597; x_wconf 89' lang='lat' dir='ltr'>devotione</span> <span class='ocrx_word' id='word_1_418' title='bbox 1576 1568 1681 1595; x_wconf 88' lang='lat' dir='ltr'>nostra</span> <span class='ocrx_word' id='word_1_419' title='bbox 1705 1560 1751 1595; x_wconf 91' lang='lat' dir='ltr'>vel</span> <span class='ocrx_word' id='word_1_420' title='bbox 1767 1573 1841 1595; x_wconf 88' lang='lat' dir='ltr'>suc—</span> 
     </span>
     <span class='ocr_line' id='line_1_79' title="bbox 1091 1610 1841 1649; baseline -0.007 0"><span class='ocrx_word' id='word_1_421' title='bbox 1091 1626 1252 1649; x_wconf 88' lang='lat' dir='ltr'>cessorum</span> <span class='ocrx_word' id='word_1_422' title='bbox 1282 1621 1461 1647; x_wconf 89' lang='lat' dir='ltr'>nostrorum</span> <span class='ocrx_word' id='word_1_423' title='bbox 1483 1611 1698 1646; x_wconf 88' lang='lat' dir='ltr'>Romanorum</span> <span class='ocrx_word' id='word_1_424' title='bbox 1726 1610 1841 1645; x_wconf 91' lang='lat' dir='ltr'>Ponti—</span> 
     </span>
     <span class='ocr_line' id='line_1_80' title="bbox 1093 1660 1840 1708; baseline -0.007 -9"><span class='ocrx_word' id='word_1_425' title='bbox 1093 1665 1183 1699; x_wconf 87' lang='lat' dir='ltr'>ficum</span> <span class='ocrx_word' id='word_1_426' title='bbox 1204 1663 1354 1698; x_wconf 88' lang='lat' dir='ltr'>canonice</span> <span class='ocrx_word' id='word_1_427' title='bbox 1383 1661 1567 1696; x_wconf 89' lang='lat' dir='ltr'>intrantium</span> <span class='ocrx_word' id='word_1_428' title='bbox 1590 1660 1840 1708; x_wconf 82' lang='lat' dir='ltr'>persistentibus,</span> 
     </span>
     <span class='ocr_line' id='line_1_81' title="bbox 1091 1709 1842 1759; baseline -0.007 -10"><span class='ocrx_word' id='word_1_429' title='bbox 1091 1714 1274 1749; x_wconf 88' lang='lat' dir='ltr'>auctoritate</span> <span class='ocrx_word' id='word_1_430' title='bbox 1290 1712 1424 1759; x_wconf 86' lang='lat' dir='ltr'>praefata</span> <span class='ocrx_word' id='word_1_431' title='bbox 1446 1710 1620 1746; x_wconf 85' lang='lat' dir='ltr'>concedere</span> <span class='ocrx_word' id='word_1_432' title='bbox 1642 1710 1773 1745; x_wconf 90' lang='lat' dir='ltr'>valeant.</span> <span class='ocrx_word' id='word_1_433' title='bbox 1788 1709 1842 1745; x_wconf 92' lang='lat' dir='ltr'>Sic</span> 
     </span>
     <span class='ocr_line' id='line_1_82' title="bbox 1093 1759 1843 1809; baseline -0.009 -9"><span class='ocrx_word' id='word_1_434' title='bbox 1093 1773 1197 1800; x_wconf 89' lang='lat' dir='ltr'>tamen</span> <span class='ocrx_word' id='word_1_435' title='bbox 1234 1763 1316 1809; x_wconf 89' lang='lat' dir='ltr'>quod</span> <span class='ocrx_word' id='word_1_436' title='bbox 1342 1763 1401 1809; x_wconf 90' lang='lat' dir='ltr'>ipsi</span> <span class='ocrx_word' id='word_1_437' title='bbox 1429 1760 1639 1804; x_wconf 85' lang='lat' dir='ltr'>confessores,</span> <span class='ocrx_word' id='word_1_438' title='bbox 1661 1759 1699 1795; x_wconf 89' lang='lat' dir='ltr'>de</span> <span class='ocrx_word' id='word_1_439' title='bbox 1723 1760 1781 1801; x_wconf 89' lang='lat' dir='ltr'>bis,</span> <span class='ocrx_word' id='word_1_440' title='bbox 1804 1760 1843 1794; x_wconf 86' lang='lat' dir='ltr'>de</span> 
     </span>
     <span class='ocr_line' id='line_1_83' title="bbox 1093 1809 1842 1861; baseline -0.008 -12"><span class='ocrx_word' id='word_1_441' title='bbox 1093 1814 1209 1861; x_wconf 89' lang='lat' dir='ltr'>quibus</span> <span class='ocrx_word' id='word_1_442' title='bbox 1227 1813 1318 1847; x_wconf 85' lang='lat' dir='ltr'>fuerit</span> <span class='ocrx_word' id='word_1_443' title='bbox 1332 1811 1419 1846; x_wconf 89' lang='lat' dir='ltr'>alteri</span> <span class='ocrx_word' id='word_1_444' title='bbox 1435 1809 1604 1846; x_wconf 85' lang='lat' dir='ltr'>satisfactio</span> <span class='ocrx_word' id='word_1_445' title='bbox 1621 1809 1842 1856; x_wconf 87' lang='lat' dir='ltr'>impendenda,</span> 
     </span>
     <span class='ocr_line' id='line_1_84' title="bbox 1093 1859 1843 1909; baseline -0.008 -10"><span class='ocrx_word' id='word_1_446' title='bbox 1093 1865 1176 1899; x_wconf 89' lang='lat' dir='ltr'>illam</span> <span class='ocrx_word' id='word_1_447' title='bbox 1204 1861 1457 1909; x_wconf 83' lang='lat' dir='ltr'>congregationis</span> <span class='ocrx_word' id='word_1_448' title='bbox 1479 1859 1659 1895; x_wconf 86' lang='lat' dir='ltr'>huiusmodi</span> <span class='ocrx_word' id='word_1_449' title='bbox 1688 1859 1843 1907; x_wconf 82' lang='lat' dir='ltr'>personis,</span> 
     </span>
     <span class='ocr_line' id='line_1_85' title="bbox 1096 1890 1843 1960; baseline -0.008 -11"><span class='ocrx_word' id='word_1_450' title='bbox 1096 1922 1187 1960; x_wconf 89' lang='lat' dir='ltr'>prout</span> <span class='ocrx_word' id='word_1_451' title='bbox 1209 1913 1246 1948; x_wconf 92' lang='lat' dir='ltr'>ad</span> <span class='ocrx_word' id='word_1_452' title='bbox 1266 1890 1341 1947; x_wconf 82' lang='lat' dir='ltr'>illas</span> <span class='ocrx_word' id='word_1_453' title='bbox 1356 1910 1552 1959; x_wconf 86' lang='lat' dir='ltr'>pertinuerit,</span> <span class='ocrx_word' id='word_1_454' title='bbox 1565 1921 1620 1957; x_wconf 90' lang='lat' dir='ltr'>per</span> <span class='ocrx_word' id='word_1_455' title='bbox 1637 1922 1670 1944; x_wconf 88' lang='lat' dir='ltr'>se</span> <span class='ocrx_word' id='word_1_456' title='bbox 1688 1909 1732 1944; x_wconf 88' lang='lat' dir='ltr'>vel</span> <span class='ocrx_word' id='word_1_457' title='bbox 1748 1909 1843 1944; x_wconf 91' lang='lat' dir='ltr'>alium</span> 
     </span>
     <span class='ocr_line' id='line_1_86' title="bbox 1095 1959 1844 2014; baseline -0.008 -15"><span class='ocrx_word' id='word_1_458' title='bbox 1095 1963 1284 1999; x_wconf 87' lang='lat' dir='ltr'>faciendam</span> <span class='ocrx_word' id='word_1_459' title='bbox 1279 1963 1455 2009; x_wconf 81' lang='lat' dir='ltr'>iniungant,</span> <span class='ocrx_word' id='word_1_460' title='bbox 1464 1973 1558 2008; x_wconf 85' lang='lat' dir='ltr'>quam</span> <span class='ocrx_word' id='word_1_461' title='bbox 1573 1960 1614 1994; x_wconf 94' lang='lat' dir='ltr'>illi</span> <span class='ocrx_word' id='word_1_462' title='bbox 1629 1959 1741 2000; x_wconf 87' lang='lat' dir='ltr'>facere,</span> <span class='ocrx_word' id='word_1_463' title='bbox 1753 1967 1844 2014; x_wconf 83' lang='lat' dir='ltr'>prout</span> 
     </span>
     <span class='ocr_line' id='line_1_87' title="bbox 1097 2009 1845 2061; baseline -0.008 -12"><span class='ocrx_word' id='word_1_464' title='bbox 1097 2013 1265 2061; x_wconf 89' lang='lat' dir='ltr'>potuerint,</span> <span class='ocrx_word' id='word_1_465' title='bbox 1279 2012 1408 2047; x_wconf 88' lang='lat' dir='ltr'>omuino</span> <span class='ocrx_word' id='word_1_466' title='bbox 1421 2017 1596 2046; x_wconf 87' lang='lat' dir='ltr'>teneantur.</span> <span class='ocrx_word' id='word_1_467' title='bbox 1606 2009 1764 2056; x_wconf 82' lang='lat' dir='ltr'>Quodque</span> <span class='ocrx_word' id='word_1_468' title='bbox 1778 2021 1845 2044; x_wconf 83' lang='lat' dir='ltr'>sin-</span> 
     </span>
     <span class='ocr_line' id='line_1_88' title="bbox 1096 2059 1846 2111; baseline -0.008 -12.992"><span class='ocrx_word' id='word_1_469' title='bbox 1096 2064 1158 2111; x_wconf 89' lang='lat' dir='ltr'>guli</span> <span class='ocrx_word' id='word_1_470' title='bbox 1175 2076 1212 2098; x_wconf 85' lang='lat' dir='ltr'>ex</span> <span class='ocrx_word' id='word_1_471' title='bbox 1228 2063 1345 2098; x_wconf 88' lang='lat' dir='ltr'>eisdem</span> <span class='ocrx_word' id='word_1_472' title='bbox 1369 2060 1511 2108; x_wconf 89' lang='lat' dir='ltr'>personis</span> <span class='ocrx_word' id='word_1_473' title='bbox 1542 2060 1665 2098; x_wconf 83' lang='lat' dir='ltr'>clerici,</span> <span class='ocrx_word' id='word_1_474' title='bbox 1691 2059 1846 2106; x_wconf 87' lang='lat' dir='ltr'>quampri-</span> 
     </span>
     <span class='ocr_line' id='line_1_89' title="bbox 1098 2112 1845 2153; baseline -0.009 0"><span class='ocrx_word' id='word_1_475' title='bbox 1098 2131 1184 2153; x_wconf 87' lang='lat' dir='ltr'>mum</span> <span class='ocrx_word' id='word_1_476' title='bbox 1202 2117 1405 2152; x_wconf 84' lang='lat' dir='ltr'>concessione</span> <span class='ocrx_word' id='word_1_477' title='bbox 1432 2114 1643 2150; x_wconf 66' lang='lat' dir='ltr'>absolutionis</span> <span class='ocrx_word' id='word_1_478' title='bbox 1662 2112 1845 2148; x_wconf 87' lang='lat' dir='ltr'>huiusmodi</span> 
     </span>
     <span class='ocr_line' id='line_1_90' title="bbox 1098 2166 1847 2219; baseline -0.008 -12"><span class='ocrx_word' id='word_1_479' title='bbox 1098 2172 1233 2219; x_wconf 82' lang='lat' dir='ltr'>gaudere</span> <span class='ocrx_word' id='word_1_480' title='bbox 1256 2170 1422 2214; x_wconf 80' lang='lat' dir='ltr'>voluerint,</span> <span class='ocrx_word' id='word_1_481' title='bbox 1444 2176 1562 2216; x_wconf 85' lang='lat' dir='ltr'>septem</span> <span class='ocrx_word' id='word_1_482' title='bbox 1581 2168 1717 2215; x_wconf 88' lang='lat' dir='ltr'>psalmos</span> <span class='ocrx_word' id='word_1_483' title='bbox 1739 2166 1847 2215; x_wconf 87' lang='lat' dir='ltr'>poeni-</span> 
     </span>
     <span class='ocr_line' id='line_1_91' title="bbox 1099 2222 1847 2272; baseline -0.009 -10"><span class='ocrx_word' id='word_1_484' title='bbox 1099 2227 1253 2272; x_wconf 87' lang='lat' dir='ltr'>tentiales,</span> <span class='ocrx_word' id='word_1_485' title='bbox 1276 2239 1347 2262; x_wconf 86' lang='lat' dir='ltr'>cum</span> <span class='ocrx_word' id='word_1_486' title='bbox 1372 2224 1488 2260; x_wconf 92' lang='lat' dir='ltr'>litaniis</span> <span class='ocrx_word' id='word_1_487' title='bbox 1509 2232 1539 2258; x_wconf 89' lang='lat' dir='ltr'>et</span> <span class='ocrx_word' id='word_1_488' title='bbox 1560 2222 1752 2258; x_wconf 89' lang='lat' dir='ltr'>orationibus</span> <span class='ocrx_word' id='word_1_489' title='bbox 1770 2233 1847 2256; x_wconf 90' lang='lat' dir='ltr'>con-</span> 
     </span>
     <span class='ocr_line' id='line_1_92' title="bbox 1099 2276 1847 2324; baseline -0.009 -7"><span class='ocrx_word' id='word_1_490' title='bbox 1099 2283 1212 2322; x_wconf 64' lang='lat' dir='ltr'>suetis,</span> <span class='ocrx_word' id='word_1_491' title='bbox 1235 2281 1375 2316; x_wconf 84' lang='lat' dir='ltr'>conversi</span> <span class='ocrx_word' id='word_1_492' title='bbox 1400 2291 1470 2314; x_wconf 86' lang='lat' dir='ltr'>vero</span> <span class='ocrx_word' id='word_1_493' title='bbox 1485 2277 1700 2321; x_wconf 81' lang='lat' dir='ltr'>etcomntissi,</span> <span class='ocrx_word' id='word_1_494' title='bbox 1719 2284 1772 2311; x_wconf 88' lang='lat' dir='ltr'>aut</span> <span class='ocrx_word' id='word_1_495' title='bbox 1793 2276 1847 2324; x_wconf 92' lang='lat' dir='ltr'>qui</span> 
     </span>
     <span class='ocr_line' id='line_1_93' title="bbox 1101 2331 1846 2384; baseline -0.009 -12"><span class='ocrx_word' id='word_1_496' title='bbox 1101 2336 1253 2384; x_wconf 87' lang='lat' dir='ltr'>praefatos</span> <span class='ocrx_word' id='word_1_497' title='bbox 1281 2334 1418 2383; x_wconf 85' lang='lat' dir='ltr'>psalmos</span> <span class='ocrx_word' id='word_1_498' title='bbox 1452 2332 1558 2368; x_wconf 87' lang='lat' dir='ltr'>dicere</span> <span class='ocrx_word' id='word_1_499' title='bbox 1586 2331 1751 2367; x_wconf 86' lang='lat' dir='ltr'>commode</span> <span class='ocrx_word' id='word_1_500' title='bbox 1785 2343 1846 2365; x_wconf 89' lang='lat' dir='ltr'>non</span> 
     </span>
     <span class='ocr_line' id='line_1_94' title="bbox 1102 2384 1849 2438; baseline -0.011 -12"><span class='ocrx_word' id='word_1_501' title='bbox 1102 2387 1527 2438; x_wconf 80' lang='lat' dir='ltr'>potuerint,quinquagesies</span> <span class='ocrx_word' id='word_1_502' title='bbox 1541 2385 1724 2422; x_wconf 88' lang='lat' dir='ltr'>Orationem</span> <span class='ocrx_word' id='word_1_503' title='bbox 1738 2384 1849 2419; x_wconf 88' lang='lat' dir='ltr'>Domi-</span> 
     </span>
     <span class='ocr_line' id='line_1_95' title="bbox 1103 2438 1846 2486; baseline -0.009 -7"><span class='ocrx_word' id='word_1_504' title='bbox 1103 2445 1204 2480; x_wconf 87' lang='lat' dir='ltr'>nicam</span> <span class='ocrx_word' id='word_1_505' title='bbox 1226 2453 1255 2479; x_wconf 87' lang='lat' dir='ltr'>et</span> <span class='ocrx_word' id='word_1_506' title='bbox 1279 2444 1393 2478; x_wconf 89' lang='lat' dir='ltr'>totiens</span> <span class='ocrx_word' id='word_1_507' title='bbox 1407 2441 1635 2477; x_wconf 87' lang='lat' dir='ltr'>Salutationem</span> <span class='ocrx_word' id='word_1_508' title='bbox 1652 2438 1846 2486; x_wconf 83' lang='lat' dir='ltr'>Angelicam,</span> 
     </span>
     <span class='ocr_line' id='line_1_96' title="bbox 1103 2491 1851 2546; baseline -0.012 -12"><span class='ocrx_word' id='word_1_509' title='bbox 1103 2498 1236 2546; x_wconf 90' lang='lat' dir='ltr'>singulis</span> <span class='ocrx_word' id='word_1_510' title='bbox 1259 2495 1476 2536; x_wconf 78' lang='lat' dir='ltr'>hebdomadis,</span> <span class='ocrx_word' id='word_1_511' title='bbox 1499 2495 1638 2534; x_wconf 82' lang='lat' dir='ltr'>t·ecitare;</span> <span class='ocrx_word' id='word_1_512' title='bbox 1662 2493 1767 2540; x_wconf 84' lang='lat' dir='ltr'>idque,</span> <span class='ocrx_word' id='word_1_513' title='bbox 1778 2491 1851 2537; x_wconf 87' lang='lat' dir='ltr'>legi-</span> 
     </span>
     <span class='ocr_line' id='line_1_97' title="bbox 1104 2546 1851 2598; baseline -0.012 -10"><span class='ocrx_word' id='word_1_514' title='bbox 1104 2554 1180 2588; x_wconf 91' lang='lat' dir='ltr'>timo</span> <span class='ocrx_word' id='word_1_515' title='bbox 1197 2560 1335 2587; x_wconf 87' lang='lat' dir='ltr'>cessante</span> <span class='ocrx_word' id='word_1_516' title='bbox 1350 2550 1586 2598; x_wconf 89' lang='lat' dir='ltr'>impedimento,</span> <span class='ocrx_word' id='word_1_517' title='bbox 1601 2561 1656 2596; x_wconf 90' lang='lat' dir='ltr'>per</span> <span class='ocrx_word' id='word_1_518' title='bbox 1667 2559 1783 2582; x_wconf 88' lang='lat' dir='ltr'>anuum</span> <span class='ocrx_word' id='word_1_519' title='bbox 1800 2546 1851 2579; x_wconf 90' lang='lat' dir='ltr'>in-</span> 
     </span>
     <span class='ocr_line' id='line_1_98' title="bbox 1106 2601 1851 2655; baseline -0.013 -12"><span class='ocrx_word' id='word_1_520' title='bbox 1106 2617 1238 2655; x_wconf 87' lang='lat' dir='ltr'>tegrum,</span> <span class='ocrx_word' id='word_1_521' title='bbox 1254 2607 1345 2640; x_wconf 88' lang='lat' dir='ltr'>etiam</span> <span class='ocrx_word' id='word_1_522' title='bbox 1365 2606 1390 2639; x_wconf 89' lang='lat' dir='ltr'>si</span> <span class='ocrx_word' id='word_1_523' title='bbox 1414 2603 1540 2639; x_wconf 87' lang='lat' dir='ltr'>totidem</span> <span class='ocrx_word' id='word_1_524' title='bbox 1558 2602 1627 2649; x_wconf 90' lang='lat' dir='ltr'>plus</span> <span class='ocrx_word' id='word_1_525' title='bbox 1643 2601 1797 2641; x_wconf 89' lang='lat' dir='ltr'>minusve,</span> <span class='ocrx_word' id='word_1_526' title='bbox 1813 2612 1851 2634; x_wconf 77' lang='lat' dir='ltr'>ex</span> 
     </span>
    </p>
   </div>
   <div class='ocr_carea' id='block_1_9' title="bbox 1106 2655 1853 2709">
    <p class='ocr_par' dir='ltr' id='par_1_10' title="bbox 1106 2655 1853 2709">
     <span class='ocr_line' id='line_1_99' title="bbox 1106 2655 1853 2709; baseline -0.012 -11"><span class='ocrx_word' id='word_1_527' title='bbox 1106 2663 1163 2698; x_wconf 88' lang='lat' dir='ltr'>alia</span> <span class='ocrx_word' id='word_1_528' title='bbox 1175 2661 1285 2709; x_wconf 81' lang='lat' dir='ltr'>quavis</span> <span class='ocrx_word' id='word_1_529' title='bbox 1298 2671 1465 2705; x_wconf 84' lang='lat' dir='ltr'>causa,eos</span> <span class='ocrx_word' id='word_1_530' title='bbox 1477 2658 1590 2694; x_wconf 84' lang='lat' dir='ltr'>dixisse</span> <span class='ocrx_word' id='word_1_531' title='bbox 1601 2664 1630 2692; x_wconf 90' lang='lat' dir='ltr'>et</span> <span class='ocrx_word' id='word_1_532' title='bbox 1644 2655 1746 2691; x_wconf 86' lang='lat' dir='ltr'>dicere</span> <span class='ocrx_word' id='word_1_533' title='bbox 1760 2666 1853 2702; x_wconf 89' lang='lat' dir='ltr'>opor—</span> 
     </span>
    </p>
   </div>
   <div class='ocr_carea' id='block_1_10' title="bbox 1842 259 2026 288">
    <p class='ocr_par' dir='ltr' id='par_1_11' title="bbox 1842 259 2026 288">
     <span class='ocr_line' id='line_1_100' title="bbox 1842 259 2026 288; baseline 0.005 -1"><span class='ocrx_word' id='word_1_534' title='bbox 1842 259 1894 288; x_wconf 79' lang='lat' dir='ltr'>An.</span> <span class='ocrx_word' id='word_1_535' title='bbox 1916 260 2026 288; x_wconf 78' lang='lat' dir='ltr'>c.t515</span> 
     </span>
    </p>
   </div>
   <div class='ocr_carea' id='block_1_11' title="bbox 1849 980 2035 1095">
    <p class='ocr_par' dir='ltr' id='par_1_12' title="bbox 1862 980 2035 1005">
     <span class='ocr_line' id='line_1_101' title="bbox 1862 980 2035 1005; baseline -0.012 -4"><span class='ocrx_word' id='word_1_536' title='bbox 1862 980 1883 1000; x_wconf 87' lang='lat' dir='ltr'>lu</span> <span class='ocrx_word' id='word_1_537' title='bbox 1887 981 1905 1001; x_wconf 82' lang='lat' dir='ltr'>lt</span> <span class='ocrx_word' id='word_1_538' title='bbox 1907 980 1933 1000; x_wconf 79' lang='lat' dir='ltr'>it</span> <span class='ocrx_word' id='word_1_539' title='bbox 1924 980 1993 1005; x_wconf 77' lang='lat' dir='ltr'>entia</span> <span class='ocrx_word' id='word_1_540' title='bbox 2015 980 2035 999; x_wconf 84' lang='lat' dir='ltr'>in</span> 
     </span>
    </p>

    <p class='ocr_par' dir='ltr' id='par_1_13' title="bbox 1849 1010 2029 1033">
     <span class='ocr_line' id='line_1_102' title="bbox 1849 1010 2029 1033; baseline -0.017 0"><span class='ocrx_word' id='word_1_541' title='bbox 1849 1016 1908 1033; x_wconf 80' lang='lat' dir='ltr'>mort</span> <span class='ocrx_word' id='word_1_542' title='bbox 1939 1010 2029 1032; x_wconf 78' lang='lat' dir='ltr'>articulo</span> 
     </span>
    </p>

    <p class='ocr_par' dir='ltr' id='par_1_14' title="bbox 1849 1042 2033 1095">
     <span class='ocr_line' id='line_1_103' title="bbox 1849 1042 2033 1070; baseline -0.022 -6"><span class='ocrx_word' id='word_1_543' title='bbox 1849 1049 1873 1070; x_wconf 58' lang='grc' dir='ltr'>με</span> <span class='ocrx_word' id='word_1_544' title='bbox 1863 1046 1901 1063; x_wconf 78' lang='lat' dir='ltr'>attr</span> <span class='ocrx_word' id='word_1_545' title='bbox 1905 1042 1942 1062; x_wconf 80' lang='lat' dir='ltr'>bus</span> <span class='ocrx_word' id='word_1_546' title='bbox 1965 1042 2033 1061; x_wconf 80' lang='lat' dir='ltr'>danda</span> 
     </span>
     <span class='ocr_line' id='line_1_104' title="bbox 1852 1073 2018 1095; baseline -0.023 0.591"><span class='ocrx_word' id='word_1_547' title='bbox 1852 1073 2018 1095; x_wconf 68' lang='lat' dir='ltr'>ncoutessortti.</span> 
     </span>
    </p>
   </div>
  </div>
 </body>
</html>
