2281 3251
127 268 176 294 An.
195 269 224 294 C.
242 268 308 295 11179

140 772 257 792 Alexin-tra
282 773 306 792 tle

125 802 192 822 Allan.
203 803 308 823 huiusttr·

125 834 178 854 dinis
192 833 304 854 fundatrix.

140 2116 206 2144 Leges
221 2119 260 2137 tam
276 2118 308 2138 vi-

126 2149 154 2169 ris
179 2154 238 2174 quam
261 2154 309 2168 rnu-

126 2179 212 2200 tieribus
223 2185 259 2200 seu
267 2185 309 2200 mo-

126 2210 216 2231 nialibus
238 2211 307 2235 datae,

126 2248 248 2262 communes
263 2247 308 2262 cum

126 2274 225 2295 tratribus
258 2275 309 2295 hos-

127 2306 196 2332 pitalis
211 2305 230 2326 S.
245 2306 309 2327 loan-

127 2338 159 2357 nis
184 2336 310 2364 Hier-›soti-

127 2370 205 2389 mitani.

967 270 1076 293 fitt'rts
1105 272 1136 293 Μ’
1161 271 1207 293 Pl'.

322 323 409 364 dicii,
444 330 478 357 ut
510 322 594 369 quod
622 323 800 357 coniectura
835 323 1004 369 probabili,
1038 334 1065 359 et

323 372 477 407 interdum
507 379 622 407 attenta
645 372 900 407 consideratione
922 373 997 408 utile
1021 374 1067 407 vi-

322 422 469 466 debatur,
498 421 626 468 reperiri
657 421 842 457 damnosum
876 423 1066 471 quandoque

321 472 492 518 contingat,
511 472 588 506 solct
601 471 702 506 Sedes
723 471 903 519 Apostolica
927 485 1067 508 nonnun—

322 534 429 569 quam,
444 520 527 568 quod
546 520 690 555 consulte
705 522 823 561 statuit,
844 530 1019 569 temporum
1039 532 1068 557 et

323 582 525 618 personarum
555 570 712 615 varietate,
735 571 882 618 qualitate
904 580 933 606 ct
955 573 1068 607 condi—

323 621 406 655 tione
440 620 600 667 inspecta,
638 633 674 655 ex
707 621 841 655 sanioris
875 621 1068 669 inspectione

323 669 441 710 iudicii,
470 681 625 704 revocare.

370 720 390 766 g
406 721 436 753 1.
453 719 581 753 Dudum
607 719 777 766 siquidem,
803 732 857 765 pro
875 729 959 767 parte.
973 733 1070 767 quon-

322 769 392 803 dam
417 768 613 803 Alexandrae
641 769 679 803 de
695 768 827 809 Alfanis,
852 769 973 814 puellae
995 770 1069 804 Flo-

323 818 476 862 rentinae,
500 818 589 865 nobis
610 819 752 865 exposito
775 818 860 865 quod
890 820 968 866 ipsa,
991 832 1070 866 quae

321 868 359 902 ab
383 868 509 902 ineunte
531 877 630 902 aetate
654 869 683 901 in
707 868 818 902 timore
840 868 966 902 Domini
991 870 1072 903 edu-

322 926 387 952 cata
411 918 503 952 vitam
534 918 687 952 coelibem
711 925 742 951 et
763 917 976 952 heremiticam
1005 918 1071 952 du-

320 979 391 1002 cere
425 976 584 1013 coeperam
612 976 643 1001 et
675 980 711 1001 ex
735 966 826 1001 bonis
860 967 918 1001 sibi
951 980 965 1001 a
1005 967 1071 1002 Deo

321 1016 454 1060 collatis,
470 1018 653 1063 praesertim
677 1017 770 1051 domo
790 1025 929 1062 paterna,
948 1017 988 1051 ob
1004 1030 1071 1064 spe-

322 1067 445 1110 cialem,
467 1079 559 1113 quam
583 1067 619 1101 ad
644 1066 769 1100 beatum
793 1065 941 1100 loannem
965 1066 1073 1113 Bapti-

322 1125 414 1159 stam,
431 1128 665 1162 praecursorem
684 1115 822 1155 Domini,
837 1127 870 1149 se
892 1128 1000 1161 gerere
1020 1129 1072 1150 as-

324 1166 447 1200 serebat
468 1165 678 1209 devotionem,
701 1164 854 1211 quaedam
872 1164 1071 1200 heremitoria
1091 1182 1094 1220 1

323 1227 395 1249 cum
419 1215 561 1249 oratoriis
578 1215 785 1254 ordinaverat,
807 1215 837 1248 in
857 1215 973 1260 quibus
992 1228 1073 1249 non-
1092 1224 1094 1227 '

324 1264 426 1299 nullae
453 1264 530 1298 aliae
558 1264 681 1310 puellae
709 1264 856 1309 virgines,
878 1276 984 1298 seeum
1008 1264 1074 1300 Do-

324 1314 408 1348 mino
438 1313 665 1353 deservientes,
688 1312 882 1347 laudabiliter
911 1314 1073 1358 vivebant,

323 1362 470 1398 credebat
495 1363 578 1410 quod
605 1363 631 1398 si
654 1375 691 1397 ex
714 1363 921 1397 heremitoriis
950 1372 981 1398 et
1002 1376 1074 1398 ora-

323 1412 409 1447 toriis
432 1412 599 1459 praedictis
619 1412 844 1447 monasterium
870 1412 899 1446 in
920 1413 1072 1448 honorem

322 1461 464 1496 eiusdem
496 1462 614 1502 sancti,
642 1462 729 1496 acin
759 1461 868 1496 eadem
898 1463 1021 1497 civitate
1043 1472 1074 1498 et

323 1511 477 1555 dioecesi,
504 1511 639 1558 aliisque
674 1510 824 1545 dominiis
858 1510 1072 1554 Florentinis,

323 1559 475 1595 nonnulla
505 1561 565 1595 alia
602 1561 792 1595 monasteria
830 1569 890 1595 tam
933 1562 1071 1596 virorum

321 1622 415 1657 quam
433 1609 613 1654 mulierum,
637 1623 707 1644 cum
723 1609 841 1644 Christi
866 1611 1005 1645 fidelium
1025 1611 1074 1645 ad-

322 1659 435 1695 iutorio
455 1668 485 1693 et
499 1659 677 1705 largitione,
701 1659 830 1693 fundare
845 1670 874 1694 et
890 1661 1022 1706 erigere,
1045 1670 1075 1695 et

322 1708 430 1743 fideles
458 1709 544 1755 ipsos
570 1711 606 1743 ad
636 1709 695 1743 hoc
721 1708 890 1744 sollicitare
917 1719 947 1744 et
975 1711 1074 1745 indu—

321 1770 391 1793 cere
413 1771 451 1792 ex
474 1759 646 1805 apostolica
669 1758 793 1792 licentia
818 1768 934 1804 posset,
958 1760 986 1793 in
1007 1760 1074 1807 qui-

321 1807 393 1852 bus,
406 1808 544 1842 virorum
566 1808 721 1847 videlicet,
745 1808 916 1855 presbyteri
939 1809 976 1843 ad
995 1822 1075 1855 prte-

321 1856 492 1892 dicandum
527 1866 557 1891 et
589 1858 693 1892 divina
728 1856 970 1898 celebrandum;
1005 1859 1073 1893 laici

322 1918 410 1947 vero,
452 1914 611 1953 tamquam
640 1906 774 1941 athletae
798 1906 917 1942 Christi
945 1908 983 1942 ad
1013 1921 1073 1955 pu-

321 1955 481 2001 gnandum
511 1968 566 2002 pro
599 1955 660 1990 fide
695 1956 847 1991 catholica
871 1965 977 1992 contra
1009 1971 1074 2005 per-

321 2004 402 2039 fidos
416 2005 534 2040 Turcas
553 2014 582 2040 et
599 2005 754 2049 infideles,
771 2019 844 2040 cum
856 2007 989 2042 solemni
1006 2020 1076 2055 pro-

322 2054 459 2090 fessione
475 2056 567 2089 trium
583 2055 838 2091 substantialium
860 2066 1001 2092 votorum
1019 2071 1075 2105 per

323 2109 439 2145 milites
461 2110 569 2146 Sancti
599 2111 726 2146 Ioannis
748 2110 1027 2159 Hierosolymitani
1048 2125 1074 2147 e·

324 2164 403 2199 mitti
419 2165 520 2200 solita:
545 2166 693 2201 mulieres
714 2174 818 2200 autem
836 2166 971 2212 virgines
984 2159 1076 2201 dum-

324 2226 406 2254 taxat
444 2219 538 2255 simili
574 2220 768 2268 professione
807 2220 985 2265 adstrictae,
1012 2221 1073 2256 sub

323 2272 466 2309 clausura
481 2283 630 2322 perpetua
653 2287 688 2310 ac
710 2275 907 2310 observantia
927 2276 1073 2322 regulari,

324 2328 487 2364 Altissimo
499 2338 566 2365 vota
579 2342 635 2365 sua
651 2329 829 2372 redderent,
845 2329 1075 2378 cuiuscumque

323 2383 415 2418 etiam
443 2392 554 2425 status,
583 2383 711 2432 gradus,
739 2384 860 2419 ordinis
887 2384 934 2419 vel
956 2385 1075 2420 condi-

325 2437 420 2473 tionis
442 2439 634 2480 existerent;
662 2451 754 2486 quae,
777 2447 810 2473 ut
834 2438 931 2473 libere
953 2439 1073 2486 ingredi

323 2499 355 2526 et
379 2485 604 2540 professionem
627 2492 810 2528 huiusmodi
839 2493 982 2528 emittere
1008 2506 1075 2540 pos-

325 2555 408 2589 sent,
441 2548 665 2596 reciperentur:
689 2547 742 2595 qui
770 2547 920 2582 omnibus
946 2557 975 2582 et
1008 2547 1076 2582 sin-

327 2601 409 2647 gulis
431 2601 648 2649 indulgentiis,
671 2602 790 2648 gratiis,
813 2600 954 2642 indultis,
977 2601 1073 2637 liber-

327 2655 455 2701 tatibus,
473 2655 655 2703 privilegiis,
678 2655 838 2690 favoribus
859 2663 889 2690 et
906 2656 1074 2703 exemptio·
1093 2694 1100 2711 h

1736 260 1799 292 271
1872 270 1920 297 An.
1943 268 1970 294 C.
1988 268 2052 296 ιἰ79

1110 325 1223 369 nibus,
1258 325 1373 372 quibus
1412 324 1519 358 fratres
1553 324 1714 371 hospitalis
1747 324 1854 359 Sancti

1108 375 1232 410 Ioannis
1256 373 1532 421 Hierosolymitani
1552 383 1581 408 et
1603 374 1680 409 aliae
1704 375 1856 410 moniales

1109 425 1285 471 gaudebant
1319 434 1347 459 et
1377 425 1552 464 utebantur,
1579 437 1634 458 seu
1663 423 1798 470 gaudere
1825 433 1854 459 et

1111 476 1150 507 uti
1177 483 1326 520 possent,
1360 474 1533 521 gauderent
1562 482 1592 507 et
1617 482 1794 513 uterentur,
1828 474 1856 507 id

1112 525 1248 570 profecto
1276 525 1304 558 in
1329 524 1513 558 christianae
1545 523 1614 557 fidei
1637 532 1667 557 et
1699 524 1858 568 religionis

1110 582 1325 620 augmentum,
1348 573 1442 607 divini
1465 573 1569 608 cultus
1589 574 1858 620 propagationem,

1110 624 1282 657 animarum
1306 623 1436 657 salutem
1472 632 1500 657 et
1527 622 1723 657 fructuosum
1751 635 1859 658 exem-

1113 673 1197 719 plum
1220 672 1345 707 cederet
1373 672 1601 717 planmorum:

1160 723 1225 769 §⁶2-
1248 722 1313 756 Nos
1340 721 1453 756 dilecto
1481 722 1544 756 lilio
1568 729 1674 756 nostro
1695 721 1858 768 Stephano
1887 733 2011 769 ‹qni-nais
2027 734 2057 768 a-

1112 773 1191 805 tituli
1229 771 1362 805 Sanctae
1394 772 1508 806 Mariae
1548 772 1576 805 in
1610 767 2058 821 Τνθηεῑίὺετίῐη,ξζζῖωῃῗᾞῃῗζ

1875 828 1907 847 liis
1931 827 2056 853 inquireretv

1113 830 1186 855 tunc
1208 821 1313 855 Sancti
1338 820 1465 855 Adriani
1495 821 1673 868 presbytero
1699 822 1859 866 cardinali,

1114 882 1144 906 ut
1167 871 1205 904 de
1228 870 1406 917 praemissis
1429 883 1463 905 se
1484 870 1649 917 diligenter
1667 870 1859 912 informaret,

1113 930 1141 954 et
1172 932 1251 967 quae
1289 920 1440 954 inveniret
1477 919 1567 954 nobis
1602 920 1747 962 referret,
1775 921 1861 956 vivae

1114 970 1197 1004 vocis
1219 970 1346 1003 oraculo
1372 970 1601 1004 commisimus.

1161 1020 1181 1066 g
1209 1022 1240 1053 5.
1268 1019 1307 1053 Et
1330 1027 1492 1065 comperto
1519 1032 1556 1053 ex
1584 1018 1724 1053 eiusdem
1752 1019 1860 1054 cardi-

1115 1069 1192 1102 nalis
1224 1068 1372 1102 relatione
1404 1068 1488 1115 quod
1518 1068 1599 1102 dicta
1623 1068 1799 1103 Alexandra
1822 1069 1860 1104 de

1116 1127 1191 1152 vitae
1227 1125 1408 1153 austeritate
1434 1128 1462 1152 et
1487 1130 1608 1152 morum
1642 1127 1860 1156 sanctimonia,

1115 1168 1175 1202 fide
1189 1167 1357 1213 dignorum
1379 1168 1572 1208 testimonio,
1592 1167 1762 1215 plurimum
1780 1180 1863 1202 com-

1116 1218 1333 1255 mendabatur.
1358 1218 1457 1264 ipsius
1480 1217 1676 1252 Alexandrae
1703 1218 1862 1265 supplica-

1115 1267 1254 1302 tionibus
1282 1266 1437 1307 inclinati,
1472 1267 1625 1313 praefatae
1665 1267 1862 1302 Alexandrae

1116 1326 1158 1361 ut,
1182 1330 1219 1351 ex
1245 1316 1403 1356 domibus,
1433 1317 1643 1351 heremitoriis
1670 1326 1700 1351 et
1721 1317 1863 1352 oratoriis

1116 1366 1307 1411 huiusmodi,
1332 1379 1441 1407 unum,
1456 1379 1490 1400 ac
1509 1367 1538 1400 in
1562 1367 1699 1402 dioecesi
1715 1375 1744 1401 et
1766 1367 1865 1401 domi·

1116 1417 1173 1450 niis
1197 1416 1364 1462 praedictis
1392 1416 1449 1450 alia
1473 1416 1659 1451 monasteria
1683 1416 1862 1451 huiusmodi

1115 1466 1234 1511 erigere
1262 1474 1292 1500 et
1315 1465 1458 1509 fundare,
1481 1474 1511 1499 et
1532 1475 1565 1500 ut
1585 1465 1780 1512 erigerentur
1799 1466 1864 1501 sol-

1116 1516 1244 1559 licitare,
1267 1516 1305 1549 de
1334 1515 1460 1561 speciali
1483 1515 1606 1550 licentia
1634 1516 1862 1551 ordinariorum

1117 1565 1270 1605 tonorum,
1287 1565 1405 1611 absque
1430 1574 1531 1599 tamen
1549 1565 1624 1599 iuris
1639 1565 1773 1600 alicuius
1792 1577 1863 1612 prae-

1116 1614 1242 1658 iudicio,
1265 1615 1398 1661 gratiose
1420 1615 1646 1655 concessimus
1668 1624 1697 1650 et
1712 1615 1796 1662 quod
1821 1616 1865 1649 in-

1115 1664 1293 1709 gredientes
1334 1665 1522 1698 monasteria
1551 1664 1750 1705 huiusmodi,
1785 1665 1863 1700 facta

1118 1714 1310 1760 professione
1333 1726 1388 1760 per
1409 1726 1475 1757 eOS,
1498 1726 1532 1748 ac
1561 1722 1746 1761 pugnantes,
1768 1715 1864 1749 mini-

1116 1764 1171 1797 stri
1199 1771 1229 1796 et
1257 1764 1423 1798 servitores
1445 1763 1628 1798 eorumdem
1659 1764 1808 1799 omnibus
1835 1773 1865 1799 et

1115 1813 1246 1859 singulis
1266 1813 1446 1859 privilegiis,
1464 1814 1582 1859 gratiis,
1598 1813 1746 1859 indultis,
1770 1814 1864 1848 liber-

1117 1863 1231 1896 tatibus
1262 1871 1292 1896 et
1314 1863 1582 1909 exemptionihuS,
1609 1863 1724 1910 quibus
1755 1863 1864 1899 fratres

1117 1911 1287 1959 Hospitalis
1303 1912 1450 1959 praedicti
1473 1912 1651 1953 utebantur,
1667 1925 1720 1947 seu
1738 1914 1779 1948 uti
1798 1926 1866 1960 pos-

1115 1970 1185 1996 sent
1211 1970 1239 1996 et
1262 1961 1436 2008 gauderent
1458 1962 1696 2009 quomodolibet
1725 1963 1753 1996 in
1776 1962 1864 1997 futu-

1118 2024 1197 2049 rum,
1223 2013 1264 2045 uti
1290 2020 1321 2045 et
1346 2011 1482 2058 gaudere
1506 2021 1633 2058 possent
1659 2022 1689 2047 et
1717 2013 1864 2051 valerent,

1115 2060 1235 2107 absque
1269 2061 1329 2095 ulla
1357 2062 1543 2102 differentia,
1571 2062 1600 2095 in
1635 2073 1751 2107 genere
1777 2071 1806 2096 et
1835 2063 1864 2096 in

1116 2116 1234 2162 specie,
1268 2116 1297 2149 in
1321 2116 1469 2151 omnibus
1496 2125 1525 2151 et
1559 2128 1613 2163 per
1635 2116 1751 2156 omnia,
1779 2128 1814 2150 ac
1840 2116 1864 2149 si

1116 2169 1233 2203 eisdem
1251 2179 1281 2203 et
1297 2169 1457 2216 erigendis
1473 2170 1669 2204 monasteriis
1685 2169 1865 2204 huiusmodi

1116 2223 1293 2269 specialiter
1327 2232 1355 2256 et
1390 2236 1537 2270 expresse
1571 2236 1718 2258 concessa
1764 2224 1866 2257 forent

1890 1025 1946 1049 Data,
1963 1029 2055 1046 auctori-

1876 1060 1917 1076 tati·
1934 1056 2022 1081 np-„tott
2033 1062 2058 1078 ra,

1875 1087 1963 1107 fac-nias
1982 1093 2056 1106 novum

1876 1119 1929 1138 hunc
1958 1118 2056 1138 inuitandi

1875 1149 1983 1172 Ordinem,
1997 1150 2059 1175 eique

1877 1182 2002 1201 communic.
2017 1186 2061 1200 om-

1877 1214 1911 1232 nia
1935 1216 1956 1232 et
1978 1212 2058 1238 singula

1878 1244 1994 1270 privilegia.
2010 1244 2057 1269 qui-

1878 1274 1915 1294 bus
1925 1273 2004 1294 linunt.
2015 1273 2060 1293 lra-

1878 1308 1921 1326 tres
1950 1305 2062 1331 hospitatis

1877 1336 1897 1356 S.
1914 1336 1998 1355 liannis
2009 1335 2060 1355 Hio-

1878 1367 1985 1393 rosoliniit
2003 1373 2030 1386 ni,

1094 2305 1096 2312 .
1116 2289 1172 2311 scu
1196 2277 1341 2317 fuissent,
1359 2277 1560 2318 indulsimus;
1576 2285 1605 2311 et
1619 2277 1782 2324 quibusvis
1799 2289 1868 2323 per-

1116 2332 1214 2375 sonis,
1228 2331 1458 2378 cuiuscumque
1481 2332 1596 2378 gradus
1611 2344 1668 2367 seu
1678 2332 1866 2366 conditionis

1116 2386 1298 2427 existerent,
1317 2394 1348 2419 ut
1364 2386 1550 2420 monasteria
1561 2385 1716 2432 praedicta
1732 2385 1865 2433 ingredi,

1117 2449 1145 2473 et
1169 2441 1394 2487 professionem
1421 2440 1598 2475 huiusmodi
1624 2439 1698 2474 inibi
1721 2440 1865 2474 emittere

1117 2502 1146 2528 et
1179 2495 1342 2529 Altissimo
1366 2494 1546 2528 famulatum
1578 2494 1708 2529 reddere
1740 2501 1866 2540 possent

1118 2549 1328 2594 permisimus,
1351 2556 1379 2581 et
1404 2560 1475 2582 cum
1499 2548 1558 2583 illis
1580 2548 1718 2595 desuper
1741 2548 1866 2594 dispen-

1116 2603 1266 2641 savimus3
1282 2615 1316 2636 ac
1335 2602 1483 2636 omnibus
1505 2611 1533 2637 et
1551 2603 1682 2648 singulis
1702 2602 1865 2648 utriusque

1117 2669 1211 2691 sexus
1257 2658 1387 2693 t't*SO!?lS,
1411 2669 1491 2704 quas*
1516 2657 1544 2691 in
1569 2656 1687 2691 eisdem
1711 2664 1868 2690 monaste-

1235 2670 1241 2703 ἱ
1248 2675 1249 2682 ι
