2281 3251
93 288 142 314 An.
161 286 190 314 C.
208 284 274 314 1516

98 596 273 618 Praevonttonem

93 627 194 654 permittit
219 626 274 646 lnter

93 657 194 678 oetaeum
204 656 275 678 voion-

114 1926 213 1948 thituo
237 1931 279 1947 non

95 1958 185 1983 relevat,
194 1959 240 1984 post
248 1961 281 1977 re-

97 1989 231 2016 quisittonem
241 1993 281 2009 το-

96 2020 183 2040 lentium
206 2018 281 2040 aedifi-

97 2055 153 2072 cant

962 277 1024 300 LEO
1052 278 1073 300 Χ
1103 277 1149 300 Pr.

292 348 429 385 cumque
456 335 602 382 capitula,
625 341 810 373 conventus,
834 332 994 378 hospitalia
1009 340 1040 367 et

289 388 347 424 alia
375 386 502 434 quaevis
524 385 618 419 etiam
643 384 692 431 pia
709 383 775 418 loca
799 382 835 416 atl
861 382 1038 416 faciendum

289 438 402 473 dictam
427 435 689 483 permutationem
712 445 782 468 cunt
802 440 973 479 augmento
989 432 1039 466 di-

289 495 355 522 ctae
377 485 519 520 decimae
543 484 648 530 partis.

336 539 352 579 ἓ
375 537 407 570 5.
432 535 482 578 Et,
506 534 530 568 si
547 535 627 568 inter
655 533 733 567 duos
753 539 805 565 aut
822 531 926 577 plures
953 530 1040 565 aedi-

289 584 380 620 ficare
417 583 556 619 volentes
584 583 620 618 lis
647 590 698 617 aut
726 581 938 616 controversia
967 580 1038 614 oriri

287 634 471 679 contingat,
494 632 639 667 volumus
667 639 697 665 et
728 630 932 665 decernimus
954 629 1038 676 quod

288 683 467 731 praeventio
486 682 598 717 habeat
621 682 737 722 locum3
753 679 836 726 quod
854 680 906 725 qni
922 679 1040 724 primus

288 734 453 779 negocium
490 732 660 778 incoeperit
697 738 727 764 et
761 730 860 763 dictos
894 728 1039 761 dominos

288 782 514 830 proprietarios
537 782 657 828 primus
693 778 959 824 interpellaverit,
989 778 1039 811 ille

286 832 326 866 sit
351 832 464 879 potior,
488 843 545 866 nec
568 830 606 865 ab
629 829 734 876 aliquo
759 836 863 874 postea
881 826 1038 861 molestari

288 881 336 916 vel
369 892 496 929 quoquo
520 880 614 914 modo
638 878 782 925 impediri
812 877 909 923 possit
936 885 965 910 et
988 888 1039 909 va-

287 930 358 971 leat,
387 931 565 977 quinimmo
588 942 626 964 ex
650 937 725 962 tuuc
747 928 786 961 sit
809 927 849 960 illi
875 926 923 959 ins
942 937 1040 971 quae-

287 981 395 1015 situm.
426 979 463 1014 Et
487 988 608 1019 tamen,
635 978 672 1013 ad
697 976 869 1012 tollendum
896 974 1038 1009 scandala

288 1041 343 1065 seu
368 1029 609 1072 controversias,
631 1040 711 1074 quae
733 1025 845 1060 exinde
867 1024 941 1058 oriri
964 1036 1040 1058 cou-

289 1080 435 1125 tingeret,
449 1091 487 1113 ne
509 1079 581 1124 quis
595 1086 701 1125 postea
722 1074 830 1109 dolose
852 1081 881 1107 et
905 1072 1040 1107 frandu-

288 1129 388 1164 lenter
411 1127 521 1176 (quod,
538 1127 578 1161 ob
602 1125 787 1173 proterviam
811 1124 987 1169 aliquorum
1011 1130 1041 1155 et

289 1178 512 1223 invidiam,seu
526 1177 664 1223 ipsorum
676 1173 894 1213 commodum,
909 1171 1040 1216 plerum-

292 1240 353 1274 que
377 1227 441 1261 fieri
462 1230 588 1274 posset),
609 1225 699 1259 etiam
723 1223 748 1257 si
770 1223 839 1269 plus
861 1221 997 1264 offerret,
1012 1230 1042 1254 et

292 1277 385 1320 aliis,
413 1284 446 1310 ut
469 1274 690 1323 praemittitur,
713 1280 796 1307 esset
830 1269 1042 1316 impedimen-

294 1334 380 1366 tum,
403 1325 549 1359 volumus
572 1332 602 1357 et
633 1321 835 1357 decernimus
862 1319 945 1366 quod
971 1332 1042 1365 per-

293 1375 422 1410 mutatio
446 1372 640 1413 huiusmodi,
656 1384 727 1406 cum
755 1377 927 1415 augmento
954 1370 1043 1403 deei-

292 1437 360 1459 mae
375 1424 469 1471 partis
482 1431 512 1457 et
527 1422 618 1463 ultra,
634 1428 726 1469 prout
741 1420 923 1455 arbitratum
937 1417 1042 1460 fuerit,

292 1483 327 1509 ut
355 1473 540 1520 praefertur,
560 1479 726 1507 censeatur
748 1477 777 1504 et
804 1469 843 1503 sit
867 1468 896 1502 in
920 1467 1042 1502 eviden-

293 1532 354 1558 tem
384 1524 561 1557 utilitatem.
592 1521 630 1555 Et
658 1532 709 1564 ne,
731 1519 770 1554 ob
794 1516 976 1552 liuiusmodi
994 1517 1043 1551 in-

293 1573 555 1620 terpellationem,
569 1570 688 1605 domini
701 1577 731 1604 et
745 1567 940 1616 proprietarii
963 1579 1044 1613 pi·ae-

293 1622 367 1657 dicti
404 1622 506 1668 aliqua
535 1620 649 1655 damna
685 1631 741 1654 seu
765 1616 964 1652 incommoda
990 1629 1044 1662 pa-

294 1672 426 1713 tiantur,
461 1669 544 1717 quod
585 1670 675 1704 liceat
711 1667 787 1715 ipsis
817 1666 943 1701 easdem
971 1677 1044 1700 suas

293 1722 416 1766 domos,
439 1720 505 1755 loca
528 1727 558 1754 et
584 1719 665 1754 bona
694 1718 848 1757 retinere⁷
876 1716 978 1750 donec
1005 1715 1045 1749 sit

293 1770 353 1805 illis
383 1783 455 1805 cum
484 1769 597 1805 effectu
625 1768 781 1814 assignata
805 1766 886 1800 dicta
922 1776 1044 1799 recom-

294 1833 390 1868 pensa
413 1832 485 1855 cum
509 1826 679 1866 augmento
703 1815 894 1850 huiusmodi.

343 1874 358 1914 ἕ
392 1871 424 1904 6.
454 1869 489 1903 Εῑ
525 1868 700 1916 quoniam,
732 1866 813 1900 sicut
841 1864 1044 1911 accepimus,

294 1920 438 1954 nonnulli
468 1918 506 1953 ad
536 1916 742 1953 habitandum
776 1915 907 1957 domm,
931 1913 1046 1960 quibus

296 1969 415 2004 illarum
436 1968 568 2010 vicinos,
588 1979 642 2014 pro
658 1974 768 2001 ornatu
792 1974 821 1999 et
843 1964 1046 2009 ampliatione

297 2019 474 2066 praedictis,
499 2018 640 2062 indigere
662 2015 882 2062 conspiciunt,
906 2013 945 2047 de
967 2024 1046 2046 novo

295 2081 329 2103 se
352 2068 531 2111 conferunt,
554 2067 600 2100 vel
625 2067 691 2100 illas
710 2064 876 2098 instaurari
894 2071 946 2097 aut
962 2062 1046 2097 refici

295 2122 424 2163 faciunt,
448 2129 494 2159 ut,
508 2119 592 2167 quod
613 2120 657 2154 eis
676 2118 794 2153 directo
814 2130 874 2151 non
893 2117 977 2159 licet,
991 2116 1049 2150 liac

295 2177 405 2211 saltem
434 2176 481 2210 via
504 2175 631 2221 obliqua
654 2173 755 2207 dictae
779 2171 865 2206 urbis
887 2170 992 2205 decori
1020 2178 1049 2204 et

297 2231 422 2266 utilitati
445 2230 582 2270 obvient,
598 2229 664 2262 illas
684 2239 800 2273 augere
822 2225 1048 2268 desiderantes,

297 2285 335 2321 ad
369 2285 482 2320 domos
517 2284 600 2330 ipsas
629 2282 721 2328 longe
744 2280 816 2328 plus
844 2281 926 2314 iusto
950 2280 1050 2326 pretio

297 2339 469 2374 emendum
493 2338 679 2372 necessitate
704 2335 914 2381 compellant,
943 2341 1051 2368 aueto-

298 2394 388 2428 ritate
415 2401 445 2427 et
473 2400 581 2427 tenore
615 2389 796 2438 praemissis
831 2387 1051 2431 declaramus,

299 2459 412 2483 omnes
445 2454 476 2481 et
502 2445 666 2491 singulos,
701 2443 768 2490 qui,
802 2451 966 2489 postquam
997 2453 1052 2488 pro

301 2509 387 2548 parte
421 2500 577 2535 dictorum
619 2498 841 2544 magistrorum
868 2507 963 2542 super
995 2494 1053 2529 do-

302 2555 406 2589 mibus
428 2566 539 2589 eorum
571 2565 625 2599 per
644 2564 698 2586 eos
717 2559 791 2585 tunc
814 2561 876 2584 non
892 2548 1053 2592 habitatis,

302 2620 358 2655 pro
381 2607 601 2643 commoditate
621 2606 650 2639 in
672 2605 733 2639 illis
745 2612 774 2639 et
788 2602 871 2651 apud
888 2602 955 2637 illas
968 2602 1056 2637 aedi-

304 2663 395 2697 ficare
423 2662 606 2705 volentium,
622 2668 654 2694 ut
674 2659 859 2707 praefertur,
875 2656 1054 2692 vendendis

383 2719 456 2749 Ball.
480 2718 555 2749 Rom.
583 2717 637 2748 Vol.
664 2717 692 2747 V.
879 2714 916 2745 83

1715 261 1784 293 657

1080 330 1223 379 requisiti
1252 329 1380 372 fuerint,
1399 328 1511 362 domos
1534 324 1715 361 vendendas
1731 325 1833 359 liuius-

1082 382 1165 416 modi
1193 381 1232 416 de
1257 392 1336 414 novo
1361 378 1499 413 babitare
1521 384 1574 411 aut
1597 375 1765 409 instaurari
1784 375 1831 409 vel

1081 431 1179 468 refici,
1214 443 1275 465 non
1313 438 1415 463 tamen
1444 440 1458 461 a
1496 425 1707 460 fundamentis
1730 424 1832 458 facere

1082 481 1296 526 incoeperint,
1329 478 1365 513 ad
1400 476 1466 511 illas
1499 474 1718 514 vendendum,
1749 473 1832 507 iuxta

1081 530 1232 563 dictarum
1254 528 1332 563 Sixti
1358 524 1609 573 praedecessoris
1623 523 1831 570 posteriorum

1082 579 1240 613 literarum
1267 588 1419 615 tenorent,
1449 573 1580 622 perinde
1602 585 1638 607 ac
1668 573 1691 606 si
1715 572 1752 606 ad
1778 584 1831 606 eas

1081 629 1118 661 de
1143 641 1222 662 novo
1246 625 1449 661 habitandum
1471 636 1504 658 se
1529 635 1589 657 uon
1613 622 1832 664 contulissent,

1082 677 1187 712 illasve
1217 676 1380 710 instaurari
1402 682 1453 707 aut
1477 672 1560 707 refici
1585 672 1685 706 facere
1709 683 1770 705 non
1789 671 1832 704 in—

1081 728 1271 772 coepissent,
1296 738 1350 771 pcr
1376 723 1584 758 camerarium
1614 728 1643 755 et
1666 721 1832 766 magistros

1083 777 1237 821 praefatos
1271 775 1339 820 cogi
1377 782 1406 807 et
1437 771 1581 818 compelli
1620 783 1711 817 posse
1738 780 1832 815 atque

1081 825 1219 869 debere,
1248 832 1308 858 tani
1339 824 1369 857 in
1403 821 1576 869 praeteritis
1598 832 1692 867 quam
1722 819 1751 853 in
1780 819 1833 853 fu-

1082 884 1171 909 turis.

1130 925 1149 967 §²
1173 926 1204 957 7.
1229 923 1274 957 Ac
1297 922 1441 956 volumus
1463 932 1498 955 ea
1522 919 1626 954 omnia
1645 946 1652 958 ‚
1675 931 1755 965 quae
1779 931 1831 965 per

1081 973 1206 1008 Sixtum
1236 972 1508 1018 praedecessorem
1530 968 1714 1016 praefatum,
1736 980 1832 1015 super

1083 1021 1314 1056 venditionibus
1345 1030 1375 1055 et
1409 1018 1615 1054 divisionibus
1643 1018 1830 1058 domorum,

1082 1084 1223 1105 arearum
1248 1071 1312 1105 sire
1336 1070 1507 1115 platearum
1528 1069 1606 1102 intra
1623 1066 1739 1101 Urbem
1756 1079 1832 1101 con-

1083 1120 1312 1163 sistentium,in
1324 1119 1458 1153 favorem
1477 1129 1681 1163 personarum
1696 1116 1734 1149 tle
1751 1128 1831 1150 novo

1082 1170 1248 1205 aedificare
1270 1177 1323 1203 aut
1346 1175 1525 1202 constructa
1544 1165 1684 1199 aedilicia
1699 1173 1728 1199 et
1743 1177 1833 1211 prae-

1083 1220 1131 1254 dia
1150 1220 1301 1266 ampliare
1325 1217 1510 1259 volentium,
1526 1215 1564 1250 ab
1581 1215 1683 1249 invitis
1699 1214 1835 1248 dominis

1083 1282 1138 1303 seu
1159 1271 1252 1303 etiam
1277 1280 1385 1301 eorum
1415 1266 1542 1300 nomine
1569 1263 1737 1305 faciendis,
1761 1275 1834 1309 pro-

1084 1319 1154 1353 vide
1181 1326 1254 1352 sunt
1276 1316 1444 1364 disposita,
1468 1315 1562 1349 etiam
1585 1322 1669 1348 extra
1694 1312 1811 1347 Urbem
1827 1340 1835 1353 ,

1084 1369 1113 1402 in
1142 1368 1220 1402 locis
1242 1367 1321 1401 ultra
1345 1365 1503 1413 praedicta
1532 1363 1672 1398 milliaria
1699 1374 1762 1396 non
1786 1362 1835 1395 di-

1083 1417 1252 1457 stantibus,
1268 1417 1298 1450 in
1314 1416 1442 1463 quibus,
1457 1414 1494 1448 ab
1509 1413 1626 1459 aliquot
1641 1412 1717 1446 citra
1732 1412 1836 1455 annis,

1085 1467 1180 1501 multa
1204 1474 1234 1500 et
1261 1466 1405 1513 speciosa
1429 1463 1583 1506 viridaria,
1612 1463 1710 1496 vineae
1733 1469 1761 1495 et
1777 1462 1834 1495 alia

1085 1530 1147 1551 non
1182 1516 1289 1550 miuus
1318 1514 1448 1561 pulchra
1479 1525 1574 1560 quam
1598 1512 1670 1545 usui
1695 1511 1835 1545 liumano

1086 1567 1171 1601 utilia
1193 1574 1224 1600 et
1247 1564 1442 1603 necessaria,
1464 1573 1609 1597 secessus
1641 1569 1672 1595 et
1693 1560 1835 1594 aedificia

1085 1627 1215 1662 surgere
1249 1615 1480 1660 incoeperunt,
1504 1612 1564 1645 vim
1587 1610 1647 1645 sibi
1671 1610 1836 1643 vendicare

1085 1674 1114 1700 et
1136 1665 1280 1700 effectum
1303 1662 1405 1698 sortiri
1430 1662 1556 1702 debere,
1577 1659 1630 1694 ubi
1644 1667 1673 1694 et
1690 1659 1836 1706 quotiens

1085 1715 1204 1750 eisdem
1241 1713 1412 1748 camerario
1445 1719 1475 1746 et
1502 1709 1659 1756 magistris
1682 1708 1838 1743 videbitur

1087 1764 1209 1800 utilitati
1233 1763 1280 1797 vel
1303 1762 1425 1797 ornatui
1455 1760 1581 1808 publico
1604 1759 1762 1805 expedire.

1135 1818 1149 1857 ἓ
1173 1816 1204 1848 8.
1233 1812 1303 1847 Non
1338 1810 1535 1846 obstantibus
1559 1807 1838 1844 constitutionibus

1086 1873 1116 1900 et
1142 1861 1394 1898 ordinationibus
1417 1859 1598 1907 apostolicis
1615 1871 1651 1893 ac
1674 1858 1840 1905 quibusvis

1089 1914 1267 1948 facultatum
1288 1922 1317 1946 et
1337 1911 1533 1945 licentiarum
1555 1908 1687 1943 testandi
1711 1915 1741 1941 et
1763 1907 1840 1941 alias

1088 1962 1277 2010 disponendi
1302 1962 1382 1995 inter
1404 1960 1491 1994 vivos
1514 1959 1560 1993 vel
1590 1958 1620 1992 in
1651 1957 1760 1991 ultima
1784 1969 1841 1990 vo-

1089 2014 1210 2047 luntate
1243 2011 1282 2045 (le
1319 2010 1411 2044 bonis
1433 2018 1463 2043 et
1491 2008 1585 2043 rebus
1613 2019 1668 2054 per
1690 2006 1841 2041 ecclesias

1088 2071 1118 2097 et
1140 2062 1197 2096 alia
1220 2060 1428 2096 ecclesiastica
1454 2067 1483 2092 et
1508 2058 1557 2104 pia
1581 2057 1658 2096 loca,
1677 2057 1842 2090 illorumve

1091 2117 1221 2155 fructus,
1237 2114 1377 2149 redditus
1391 2121 1419 2148 et
1436 2120 1606 2160 proventus
1630 2123 1685 2157 pro
1701 2119 1843 2156 tempore

1090 2171 1282 2218 acquisitos,
1304 2167 1447 2216 personis
1469 2165 1705 2208 ecclesiasticis,
1729 2176 1844 2199 saecu-

1090 2225 1208 2259 laribus
1243 2232 1270 2258 et
1301 2220 1498 2268 regularibus
1535 2232 1588 2266 per
1615 2218 1733 2253 Sedem
1756 2218 1844 2264 Apo-

1091 2279 1232 2314 stolicam
1256 2274 1494 2324 quomodolibet
1528 2284 1765 2315 concessarum,
1794 2284 1846 2305 re-

1093 2333 1318 2369 vocationibus.
1348 2328 1604 2371 reductionibus,
1628 2326 1845 2361 modificatio-

1094 2388 1205 2433 nibus,
1239 2383 1504 2433 suspensionibus
1531 2390 1561 2417 et
1583 2382 1651 2416 aliis
1679 2380 1844 2415 contrariis

1094 2439 1390 2481 constitutionibus,
1417 2437 1511 2471 etiam
1540 2448 1595 2482 per
1625 2436 1703 2469 riam
1730 2446 1845 2480 perpe-

1095 2506 1164 2531 tuae
1187 2492 1432 2534 constitutionis,
1449 2502 1486 2525 ex
1504 2489 1682 2537 quibusvis,
1704 2488 1795 2522 etiam
1815 2487 1844 2521 in

1096 2551 1167 2586 fidei
1185 2563 1220 2585 ac
1242 2549 1356 2583 'l'errae
1377 2545 1511 2580 Sanctae
1526 2552 1634 2579 contra
1657 2542 1801 2576 infideles
1815 2548 1846 2575 et

1096 2606 1228 2641 fabricae
1257 2604 1357 2637 dictae
1385 2599 1534 2635 basilicae
1566 2597 1765 2640 subsidium,
1792 2603 1846 2629 aut

1096 2660 1166 2695 aliis
1193 2655 1427 2706 quantumlibet
1459 2652 1602 2689 maximis
1628 2659 1658 2687 et
1686 2649 1847 2698 urgentis-

1849 269 1901 296 An.
1919 269 1947 296 C.
1968 270 2034 298 1516

1860 929 1957 950 Extendit
1982 928 2031 948 bul—

1847 963 1885 981 tam
1901 960 1951 981 sint
1967 959 1994 980 lv
2011 965 2031 980 e-

1889 1000 1895 1012 i
1916 995 1976 1013 extra
1991 989 2031 1011 ῐῖῐ-

1847 1024 1900 1045 bem.

1865 1818 1975 1839 clausulae
1997 1818 2036 1839 d·-

1852 1851 1979 1876 rogatoriam.
