2281 3251
238 274 285 300 An,
305 273 334 300 C.
353 275 419 301 llt'tfi

249 682 307 703 ΑΙιΜ
321 682 420 703 subortos

235 717 307 734 narrat
346 714 419 734 nam

235 750 299 770 nuper
315 750 337 765 re
357 750 419 766 erro-

234 780 282 798 101.

250 2482 333 2510 anque
342 2483 424 2504 damnat

242 2513 353 2541 eugenius<

484 262 529 295 86

434 330 589 376 opinioni,
611 342 704 377 quam
727 329 846 363 dudum
871 328 1030 367 babuerat.
1054 335 1181 362 contra-

434 381 499 423 riis,
527 389 557 414 ct
589 380 708 427 quilns
736 379 925 426 respondere
954 391 1014 412 nou
1045 386 1183 424 poterat,

434 430 667 472 demonstratis,
694 428 821 464 cosdem
849 427 996 462 articulos
1030 440 1091 461 nou
1114 440 1183 461 esse

434 492 524 514 veros
551 479 722 520 allirmans,
753 478 833 516 illos,
855 479 883 512 iu
907 477 1095 511 consistorio
1118 490 1183 523 pu-

435 529 516 564 blico
546 542 666 564 necnon
696 529 836 575 ipsorum
867 527 990 561 loannis
1021 526 1122 572 Papae
1154 535 1183 560 et

433 579 638 614 cardinalium
669 577 854 625 praeseutia,
882 576 1083 610 revocaverit.

482 629 502 676 ἐ
525 631 556 663 5.
578 628 710 666 Tamen,
732 627 822 662 sicuti
847 638 948 672 nuper
970 625 1097 660 fratrum
1120 624 1183 659 Or-

433 678 542 714 dinum
569 677 754 713 eorumdem
779 675 970 710 lamentabili
993 674 1120 722 querela
1143 675 1181 709 ad

434 737 576 764 nostrum
601 740 662 761 uon
684 727 754 761 siue
775 725 972 772 displicentia
1000 725 1084 771 gravi
1111 738 1183 771 per-

434 778 517 813 venit
543 777 698 819 anditum,
721 776 827 822 plures
851 775 1081 809 ecclesiasticae
1108 788 1181 809 nee-

434 840 494 862 non
522 827 598 862 aliae
627 827 788 874 utriusque
815 838 911 860 sexus
934 838 1098 871 personae,
1127 837 1182 858 re-

434 877 549 924 probos
570 876 870 923 superstitiososque
897 874 1046 910 articulos
1069 874 1181 908 liuius-

432 927 516 962 motli
554 926 790 973 amplexantes,
825 925 1027 971 fideliumque
1060 924 1182 958 animos

431 976 569 1015 inlicere,
591 989 627 1011 ac
646 988 710 1015 cos,
729 985 760 1010 ut
780 975 926 1010 fratribus
943 974 1099 1009 Ordinum
1121 974 1182 1008 bu-

433 1026 566 1062 iusmodi
597 1039 658 1060 non
690 1026 920 1068 confiteantur,
945 1034 973 1059 vt
997 1024 1034 1058 ab
1057 1024 1180 1058 illorum

431 1076 597 1111 devotione
631 1075 790 1111 retrabere
826 1075 1012 1113 molientes,
1040 1086 1079 1108 ne
1106 1073 1180 1107 dum

433 1126 620 1174 praedictos,
643 1125 696 1161 sed
716 1134 746 1160 et
767 1125 847 1160 alios
865 1126 958 1160 etiam
976 1124 1073 1159 sacris
1091 1136 1181 1158 cano-

432 1175 527 1211 nibus
545 1176 675 1211 omnino
690 1176 864 1210 contrarios
878 1173 1027 1210 articulos
1041 1182 1182 1208 astruere

433 1225 554 1272 publice
578 1238 640 1261 nou
657 1235 815 1265 verentur,
840 1225 983 1260 videlicet
1005 1222 1088 1270 qnod
1105 1235 1183 1257 con—

432 1275 525 1311 fessio
549 1275 697 1310 fratribus
720 1275 766 1310 sic
787 1275 897 1310 electis
919 1283 949 1309 et
971 1273 1120 1308 admissis
1143 1272 1183 1307 fa-

431 1334 492 1370 cta,
514 1324 697 1360 dubitabilis
710 1325 749 1360 sit
766 1332 795 1359 et
818 1324 947 1363 incerta,
972 1322 1053 1358 uude
1076 1331 1183 1357 tenen-

433 1384 483 1410 tur
499 1387 610 1410 omnes
626 1375 780 1410 incertum
792 1374 962 1414 dimittere,
979 1381 1008 1407 ct
1019 1372 1063 1407 sic
1077 1372 1180 1407 solum

431 1425 572 1459 confiteri
601 1425 666 1459 suis
688 1424 904 1460 sacerdotibus
925 1435 1032 1459 curaui
1061 1423 1182 1457 auima-

433 1487 499 1509 rum
523 1474 725 1514 habentibus,
747 1474 807 1509 sub
831 1486 930 1520 poena
953 1473 1071 1521 peccati
1097 1485 1183 1507 mor-

433 1525 519 1559 talis:
543 1533 572 1558 et
595 1525 740 1572 quamvis
763 1523 820 1571 ipsi
843 1524 952 1558 fratres
973 1522 1101 1557 admissi
1123 1534 1182 1556 au-

432 1575 608 1609 ctoritatem
637 1573 771 1609 babeant
792 1573 1009 1609 confessiones
1035 1571 1181 1607 audiendi

433 1633 463 1659 et
495 1623 697 1665 absolvendi,
725 1632 828 1659 tamen
857 1623 895 1658 ad
923 1636 978 1658 eos
1011 1621 1181 1657 accedendi

433 1673 570 1722 populus
584 1673 757 1717 subiectus,
772 1674 839 1708 siue
855 1673 981 1708 licentia
999 1672 1116 1719 proprii
1136 1684 1182 1706 sa-

432 1723 580 1768 cerdotis,
603 1736 665 1758 non
702 1724 792 1758 babet
829 1731 1026 1771 potestatem.
1054 1721 1182 1757 Fratres

433 1785 559 1821 quoque
582 1773 742 1820 privilegia
767 1786 822 1820 pro
845 1772 1098 1808 confessionibus
1119 1785 1182 1806 au-

432 1823 558 1858 diendis
591 1831 621 1857 et
651 1823 825 1870 sepulturis
859 1822 1014 1857 habendis
1042 1830 1183 1868 petentes

432 1881 506 1908 suut
529 1873 558 1907 in
580 1881 706 1920 peccato
729 1873 870 1913 mortali,
893 1881 924 1907 et
945 1871 1079 1906 Romani
1103 1871 1185 1906 Pon-

433 1922 533 1958 tifices
547 1922 596 1958 illa
611 1922 863 1958 Meudicantibus
885 1921 1095 1958 concedentes
1119 1922 1184 1957 sive

433 1972 676 2013 confirmantes,
703 1973 796 2008 etiam
825 1974 855 2007 in
879 1972 973 2007 simili
1003 1979 1132 2018 peccato
1154 1980 1184 2007 et

433 2022 697 2059 excommunicati
713 2031 808 2063 sunt;
830 2035 866 2058 ac
882 2023 956 2057 dicti
973 2021 1082 2056 fratres
1100 2021 1186 2056 Meu-

433 2073 594 2116 dicantes,
622 2084 683 2107 uon
708 2080 864 2120 pastores,
881 2072 936 2107 sed
960 2071 1061 2112 fures,
1088 2071 1185 2106 latro-

434 2135 491 2158 ues
517 2131 547 2158 et
572 2122 639 2168 lupi
672 2131 863 2164 censentur;
896 2120 1045 2157 sacerdos
1080 2130 1184 2156 autem

435 2180 562 2208 curatus
595 2170 852 2208 Mendicantibus
876 2172 1092 2207 confessiones
1126 2183 1186 2206 au-

436 2222 543 2257 diendi
575 2222 731 2257 licentiam
755 2221 846 2267 daus,
875 2222 972 2268 magis
998 2233 1093 2267 super
1128 2221 1187 2256 isto

437 2280 551 2308 statuto
577 2273 685 2307 Omnis
708 2274 864 2318 utriusque
889 2283 978 2306 sexus
1009 2270 1186 2318 dispensat,

437 2334 531 2371 quam
559 2321 644 2370 Papa
675 2322 823 2357 fratribus
857 2321 1011 2356 licentiam
1046 2321 1188 2356 tribuens

438 2374 522 2409 iuxta
546 2371 676 2406 formam
704 2371 870 2407 decretalis
891 2370 1077 2407 antedictae.

486 2427 502 2466 ᾗ
523 2424 556 2456 4.
576 2421 642 2457 Nos
664 2422 769 2468 igitur,
791 2423 965 2457 animarum
989 2429 1020 2454 et
1035 2420 1092 2455 alia
1109 2433 1188 2467 quae

440 2473 683 2520 praemissorum
707 2471 910 2506 articulorum
934 2471 1113 2513 occasione,
1130 2471 1187 2504 uisi

441 2522 634 2570 prodeuntes
668 2521 739 2556 inde
772 2521 1010 2556 confutarentur
1042 2532 1190 2563 errores,

440 2571 612 2607 succedere
627 2580 755 2619 possent
771 2570 921 2618 pericula,
939 2570 1141 2618 trepidantes,
1155 2582 1190 2605 ac

441 2621 516 2666 illis,
537 2630 691 2669 quantum
707 2621 736 2655 in
751 2620 840 2656 nobis
863 2620 966 2661 fuerit,
990 2620 1115 2655 obviare
1133 2632 1191 2654 cu-

442 2672 578 2721 pientes,
605 2683 717 2708 omues
749 2670 898 2708 articulos
926 2670 1101 2719 praedictos
1130 2682 1189 2705 una

1023 270 1208 294 amianton!
1237 269 1396 292 ROMANUM

1226 339 1297 362 cum
1313 326 1544 361 venerabilibus
1558 326 1704 362 fratribus
1719 325 1925 362 nostrisS.R.
1936 325 1973 360 E.

1225 375 1438 411 cardinalibus
1451 385 1571 412 mature
1587 377 1796 423 inspeximus,
1818 385 1845 410 et
1864 388 1919 423 per
1931 375 1976 410 di-

1228 439 1332 461 versos
1356 426 1385 459 in
1411 427 1476 461 iurc
1495 427 1647 461 canonico
1665 426 1810 461 doctores
1831 435 1860 461 et
1879 437 1975 460 sacrae

1227 476 1357 521 paginae
1386 475 1580 522 professores
1608 476 1776 522 diligenter
1803 476 1973 510 examinari

1227 525 1372 564 fecimus,
1393 534 1424 559 et
1450 526 1522 572 quia
1552 526 1695 572 protinus
1730 525 1799 560 illos
1826 525 1920 559 falsos
1946 534 1975 559 et

1225 587 1392 613 erroneos.
1424 587 1460 609 ac
1487 575 1604 609 eisdem
1627 574 1802 610 canonibus
1829 574 1976 610 adversos

1226 624 1290 658 fore
1323 625 1520 671 reperimus.
1550 625 1630 668 illos,
1663 625 1820 659 dictorum
1845 624 1974 659 fratrum

1227 682 1405 708 nostrorum
1428 674 1461 707 S.
1488 672 1525 708 R.
1551 673 1585 708 Ε.
1609 674 1815 709 cardinalium
1845 673 1976 709 consilio

1225 733 1253 757 et
1277 736 1419 767 assensu,
1441 723 1632 758 authoritate
1654 723 1835 770 apostolica,
1852 735 1908 771 pro
1924 722 1977 757 fal-

1225 774 1266 807 sis
1301 782 1329 807 et
1367 774 1507 808 erroneis
1540 783 1569 808 et
1605 773 1843 808 adversantibus
1878 774 1976 808 sacris

1225 823 1412 862 canonibus,
1449 823 1613 858 danmatus
1647 822 1891 871 reprobatosque
1917 822 1976 858 de—

1224 874 1380 908 claramus
1406 883 1500 920 atque
1523 873 1734 908 deceruimus.

1274 924 1340 969 §5
1364 924 1434 966 Quo
1457 924 1537 958 eirca
1568 923 1758 957 universitati
1783 930 1902 958 vestrae
1921 934 1975 969 per

1224 973 1394 1020 apostolica
1426 974 1540 1020 scripta
1579 973 1783 1013 mandamus,
1819 981 1974 1019 quatenus

1223 1023 1336 1070 singuli
1362 1032 1512 1064 restrum,
1534 1022 1662 1071 quando
1683 1035 1781 1069 super
1796 1022 1872 1056 liisa
1892 1034 1974 1068 quo-

1224 1086 1318 1121 quam
1344 1073 1574 1118 praedictorum
1590 1072 1747 1108 Ordiuum
1765 1071 1974 1107 Praedicato-

1226 1137 1307 1164 rum,
1330 1122 1487 1158 Minorum
1515 1132 1546 1159 et
1568 1123 1698 1157 aliorum
1727 1122 1974 1157 Mendieantium

1223 1186 1320 1220 super
1336 1173 1517 1220 praemissis
1536 1173 1806 1220 privilegiatorum
1826 1172 1975 1218 magistro

1223 1223 1361 1270 generali
1390 1235 1424 1257 ac
1454 1221 1635 1269 provinciali
1667 1222 1828 1268 magistro,
1861 1221 1975 1256 vicario

1226 1274 1270 1308 vel
1293 1272 1354 1307 alio
1376 1281 1505 1319 gerente
1524 1271 1674 1313 officium,
1691 1271 1812 1306 fueritis
1832 1271 1974 1318 requisiti

1224 1322 1260 1357 ad
1277 1321 1488 1357 confutandos
1510 1331 1540 1357 et
1556 1321 1776 1368 reprimendos
1797 1333 1833 1356 ac
1849 1321 1976 1367 penitus

1225 1372 1380 1407 tollendos
1416 1371 1599 1407 huiusmodi
1633 1383 1774 1411 errores,
1814 1379 1906 1418 prout
1944 1371 1973 1405 iu

1226 1422 1371 1469 praefatis
1386 1421 1532 1457 decretali
1551 1422 1616 1457 sive
1631 1421 1858 1456 constitutione
1876 1421 1977 1466 Super

1227 1474 1424 1515 Cathedram,
1445 1484 1482 1506 ac
1504 1479 1725 1517 extravagante
1748 1472 1805 1504 Vas
1826 1471 1976 1505 electionis

1224 1523 1415 1565 continetur,
1430 1522 1570 1568 diligenti
1586 1522 1691 1556 studio
1707 1529 1800 1568 atque
1818 1533 1892 1555 cura
1909 1533 1978 1568 pro-

1225 1572 1357 1607 videatis
1383 1584 1419 1606 ac
1441 1571 1626 1607 intendatis:
1656 1570 1872 1618 praefatasque
1898 1582 1977 1606 con-

1224 1622 1404 1658 stitutiones
1431 1621 1552 1668 integre
1583 1629 1761 1661 serrantes,
1790 1620 1911 1656 faciatis
1937 1619 1976 1655 ab

1224 1672 1373 1708 omuibus
1395 1671 1614 1706 iuviolabiliter
1637 1671 1807 1706 observari.

1273 1723 1340 1769 gss.
1356 1721 1435 1756 Etsi
1454 1734 1534 1768 quos
1553 1721 1656 1756 forsan
1681 1720 1862 1756 huiusmodi
1883 1720 1975 1754 dam-

1226 1781 1326 1811 natos,
1344 1779 1377 1806 ut
1395 1770 1577 1818 praefertur,
1600 1771 1760 1813 articulos,
1775 1779 1825 1805 aut
1840 1770 1974 1818 aliquem

1224 1835 1279 1857 seu
1307 1821 1432 1868 aliquos
1459 1834 1568 1856 eorum
1598 1820 1797 1868 pertinaciter
1823 1832 1977 1863 asserere,

1226 1872 1276 1907 vel
1296 1881 1402 1906 tenere
1423 1884 1478 1906 seu
1502 1871 1682 1918 praedicare
1707 1870 1884 1914 invenietis,
1906 1881 1978 1904 con-

1227 1931 1270 1956 tra
1288 1921 1590 1965 illos,communiter
1606 1921 1651 1955 vel
1667 1920 1802 1964 divisim,
1818 1928 1976 1967 tamquam

1226 1981 1332 2007 contra
1379 1971 1554 2006 haereticos
1588 1979 1618 2006 et
1651 1969 1690 2005 de
1723 1970 1876 2005 catholica
1918 1970 1979 2005 tide

1226 2029 1391 2069 suspectos
1410 2021 1590 2066 procedere,
1614 2032 1737 2055 necnon
1761 2021 1847 2067 ipsos
1869 2028 1899 2054 et
1921 2032 1978 2055 eo-

1228 2085 1298 2107 rum
1313 2071 1501 2118 quemlibet,
1517 2071 1599 2106 iuxta
1614 2078 1770 2105 tantorum
1791 2082 1978 2105 excessuum

1227 2122 1428 2169 qualitatem,
1457 2132 1699 2168 percensuram
1733 2119 1978 2155 ecclesiasticam

1228 2180 1258 2206 et
1279 2172 1337 2206 alia
1365 2180 1541 2218 opportuna
1566 2171 1644 2205 iuris
1666 2170 1818 2213 remedia,
1840 2170 1980 2204 auctori-

1230 2231 1290 2256 tate
1326 2221 1483 2268 praedicta
1518 2232 1721 2268 compescere
1749 2219 1913 2262 studeatis,
1950 2219 1980 2253 in

1230 2272 1422 2306 contrarium
1457 2270 1645 2306 facientibus
1681 2282 1742 2305 non
1780 2268 1982 2305 obstantibus

1230 2321 1499 2368 quibuscumque.

1280 2370 1365 2406 Nulli
1389 2383 1463 2415 ergo
1485 2379 1537 2405 etc.

1280 2420 1395 2455 Datum
1420 2420 1537 2455 Romae
1556 2419 1640 2467 apud
1663 2418 1816 2454 Sanctum
1840 2419 1982 2463 Petrum,

1231 2484 1314 2505 auno
1344 2470 1571 2506 lucaruationis
1600 2469 1778 2504 dominicae
1815 2469 1983 2504 millesimo

1231 2520 1546 2567 quadringentesimo
1589 2518 1835 2566 quadragesimo
1876 2526 1982 2557 sexto,

1232 2570 1493 2617 decimoseptimo
1509 2569 1657 2604 kalendas
1675 2568 1838 2610 februarii,
1857 2568 1984 2616 pontifi-

1233 2628 1322 2654 catus
1345 2621 1439 2655 nostri
1456 2631 1538 2654 anno
1560 2618 1785 2654 sextodecimo.

1268 2677 1328 2708 Dat.
1342 2678 1387 2708 die
1407 2678 1440 2708 16
1456 2677 1584 2708 ianuarii
1601 2676 1686 2715 1446,
1702 2681 1780 2717 pont.
1798 2685 1875 2707 anno
1890 2684 1946 2707 xV1.

1990 269 2042 297 An.
2058 268 2088 295 C.
2105 267 2173 296 1Βίιῦ

2003 932 2098 959 Singulis
2129 933 2177 960 epi-

1991 964 2070 991 scopis,
2086 966 2109 984 ut
2121 963 2175 984 bueo

1991 995 2074 1022 populis
2093 994 2178 1020 signin-

1991 1030 2039 1047 cent
2056 1029 2077 1047 ει
2097 1026 2176 1047 ohser-

1990 1059 2034 1079 ἰιι-ἰ
2096 1057 2175 1079 factm!

1990 1089 2082 1110 mandat.

2004 1727 2082 1748 Contra
2099 1728 2178 1748 eontu-

1991 1763 2063 1780 mtces
2087 1758 2175 1785 procedi

1990 1789 2057 1810 lubet.

2276 1406 2281 1450 -.Α
2276 1370 2281 1381 -
2274 1145 2281 1361 ,μμ-...ᾳ-ι-
2273 1042 2281 1135 “.Λ-
