2281 3251
244 264 248 268 .
266 243 295 269 C.
316 242 383 269 ta78

218 1087 290 1107 Off-fix
313 1088 336 1107 92
352 1087 390 1107 ab-

205 1153 262 1168 tin-it
280 1151 303 1169 ,ια
322 1149 391 1169 colto-

205 1183 284 1200 ΙΙΟΙῚΘΙΙΙ
294 1185 391 1200 ‘'ferin-

206 1210 295 1231 cellarii.

448 233 520 265 258

399 309 473 344 pore
496 297 659 332 existentis
679 296 812 331 Romam
834 294 993 330 pontilicis
1009 294 1043 327 si
1037 303 1149 340 gnatu-

399 359 448 381 ras
459 346 610 385 extendit,
621 358 705 381 nunc
727 354 756 380 et
780 354 987 391 protempore
1000 343 1149 382 existens

397 396 492 430 alium
512 408 549 430 ex
564 395 655 430 dictis
677 403 808 441 septuzgi
801 393 1012 428 ¹iutaduobus
1027 392 1149 426 Abbrc-

399 445 544 480 viatoriae
566 444 677 479 officiis
695 457 749 491 pro
766 443 905 490 ‹prolibet
928 454 1038 477 eorum
1075 441 1152 476 obti

401 503 506 538 neant,
521 502 549 529 et
566 494 738 540 percipiant
753 505 845 527 uuam
858 504 912 539 pro
928 492 1067 538 quolibet
1079 503 1153 537 por-

401 545 516 579 tionem
533 543 819 578 emolumentorum
836 540 1019 576 eorumdem
1035 553 1153 587 aequa—

401 593 461 628 lem
476 592 546 627 aliis
558 591 755 639 portionibus
769 591 917 629 aliorum,
935 598 1152 636 praeterquam

401 642 439 677 de
455 642 551 688 prima
577 640 783 687 praesidentia
798 640 1050 674 abbreviatorum
1071 651 1152 686 prae-

401 691 570 730 dictorum;
594 690 779 736 possintque
801 688 840 723 ab
861 688 964 723 oflicio
980 697 1009 723 et
1030 688 1155 723 emolu-

403 748 578 774 mentorum
598 739 800 785 perceptione
821 737 999 772 huiusmodi
1021 749 1076 784 pro
1088 737 1155 772 solu

402 789 501 836 ipsius
522 788 670 823 Roderici
693 788 832 834 episcopi
858 795 887 822 et
908 786 1153 821 vicecancellarii

402 848 454 873 aut
482 837 610 872 alterins
632 837 670 871 ad
694 836 754 870 boc
776 836 815 870 ab
838 849 874 870 eo
896 835 1078 882 specialiter
1100 836 1155 870 de-

403 887 501 934 putati
525 894 602 921 nutu
626 886 778 929 amoveri,
801 894 830 920 et
865 885 915 919 alii
954 897 1063 920 eorum
1088 885 1156 919 loco

402 937 565 982 subrogari
589 936 682 970 toties
704 935 828 982 quoties
860 934 917 968 sibi
946 934 1104 968 videbitur
1127 944 1153 968 et

404 985 548 1033 placebit.

453 1035 544 1082 §25-
557 1033 694 1081 thuod
710 1033 899 1068 dilectorum
923 1032 1060 1067 filiorum
1086 1044 1157 1066 rna-

380 1083 574 1134 gistrorum
589 1083 715 1118 Ioannis
741 1083 778 1116 de
803 1082 931 1128 Borgia,
960 1082 1157 1125 correctoris

380 1129 525 1168 Nicolai
549 1132 587 1167 de
610 1131 716 1175 Caste,
734 1131 868 1166 Ferrarii
893 1131 930 1165 de
946 1130 1068 1173 Galbis,
1083 1130 1158 1165 Gre-

406 1183 484 1228 gorii
508 1181 548 1216 de
569 1181 682 1225 Puteo,
699 1181 818 1216 Nicolai
840 1180 962 1226 Bregeo
985 1189 1014 1215 et
1037 1179 1156 1214 Alberti

407 1231 485 1270 Roc,
499 1230 593 1265 modo
614 1243 669 1265 sex
691 1230 730 1264 de
752 1230 859 1264 maiori
884 1229 1105 1275 praesidentia,
1123 1241 1158 1263 ac

406 1280 445 1314 de
468 1280 582 1315 minori
608 1291 701 1326 parco
724 1288 858 1325 septem,
872 1278 991 1313 scilicet
1009 1278 1157 1312 Lodovici

407 1328 588 1369 Podocatel,
612 1329 770 1363 Laurentii
795 1328 833 1362 de
858 1328 1010 1369 Mucliiis,
1032 1327 1160 1361 Ioannis

406 1378 551 1413 Andreae
573 1377 612 1412 de
630 1377 741 1424 Regio,
770 1376 873 1411 lacobi
911 1376 949 1410 de
987 1376 1159 1420 Botasoco,

405 1426 557 1474 Stephani
572 1426 611 1461 de
625 1425 743 1465 Caciis,
765 1425 889 1460 loannis
901 1425 1009 1460 Victor
1024 1433 1052 1460 et
1067 1425 1158 1459 Fran

406 1476 480 1510 cisci
517 1475 556 1509 de
582 1475 710 1509 Arianis
733 1475 771 1508 de
795 1474 919 1513 Parma3
942 1486 1064 1509 necnon
1089 1483 1159 1508 octo

406 1524 652 1559 examinantium
690 1524 720 1558 in
755 1525 853 1570 prima
878 1523 1016 1561 visione
1039 1523 1160 1558 scilicet

406 1573 564 1608 Francisci
587 1574 626 1608 de
648 1573 814 1615 Maximis
836 1572 1018 1620 Hieronymi
1047 1572 1159 1612 Pauli

407 1622 509 1657 lacobi
531 1622 641 1662 Fiella
664 1622 789 1656 Ioannis
811 1621 850 1656 de
873 1621 944 1665 Rio,
967 1621 1049 1656 Petri
1078 1621 1160 1656 Leo-

407 1671 508 1717 pardi,
530 1671 634 1706 lacobi
657 1671 830 1711 casanova,
857 1670 985 1705 loannis
1006 1670 1104 1717 Copis
1130 1679 1160 1705 et

407 1719 565 1755 Francisci
577 1720 696 1760 Gaseti,
709 1720 961 1755 abbreviatorum
977 1719 1158 1754 earumdem

409 1769 585 1810 literarum,
607 1768 867 1804 Abbreviatoriae
889 1768 988 1804 officia
1017 1777 1047 1803 et
1082 1769 1160 1809 loca,

407 1819 484 1853 dum
512 1830 568 1865 per
593 1830 717 1853 cessum
754 1818 799 1852 vel
823 1818 987 1853 decessum
1011 1826 1063 1852 aut
1087 1830 1160 1864 pro-

407 1867 592 1907 motionem,
609 1867 816 1914 privationem
834 1879 888 1902 seu
908 1867 1052 1913 quamvis
1067 1867 1158 1901 aliam

412 1915 630 1951 dimissionem
673 1916 906 1963 praedictorum
950 1924 979 1950 et
1025 1915 1158 1950 aliorum

407 1977 696 2011 quorumcumque,
717 1966 770 2012 qui
793 1964 893 1999 officia
924 1972 953 1998 et
989 1964 1054 1999 loca
1094 1965 1159 2011 ipsa

407 2026 464 2060 pro
478 2021 620 2061 tempore
643 2014 843 2053 obtinebunt,
859 2014 894 2048 ad
915 2013 1044 2049 liberam
1061 2014 1160 2061 ipsius

407 2067 555 2103 Roderici
571 2068 713 2116 episcopi
728 2077 758 2103 et
775 2080 830 2115 pro
841 2077 982 2115 tempore
997 2068 1161 2103 existentis

407 2121 654 2156 vicecancellarii
691 2121 931 2168 dispositionem
961 2121 1161 2168 pertineant;

408 2175 568 2223 possitque
604 2184 634 2210 et
664 2175 774 2211 debeat
804 2176 869 2222 ipse
892 2175 1069 2210 Rodcricus
1090 2175 1159 2221 cpi-

408 2241 523 2276 scopus
545 2237 575 2263 et
597 2241 652 2276 pro
675 2237 816 2277 tempore
844 2230 983 2264 existens
1015 2229 1160 2264 vicecan-

407 2283 567 2328 cellarius,
587 2291 641 2318 aut
663 2295 719 2331 per
740 2296 812 2318 eum
841 2283 879 2318 ad
899 2283 958 2318 hoc
985 2283 1161 2330 specialiter

407 2336 588 2385 deputatus,
604 2337 727 2372 illorum
752 2338 996 2384 resignationem
1020 2337 1160 2383 recipere

408 2400 439 2426 et
459 2391 648 2432 admittere,
671 2404 706 2426 ac
729 2404 784 2438 per
807 2404 880 2427 suas
903 2391 1009 2426 literas
1031 2403 1089 2426 suo
1111 2391 1159 2425 si—

408 2447 482 2493 gillo
504 2446 661 2494 pendente
685 2447 833 2490 munitas,
860 2446 899 2481 de
922 2445 993 2485 illis,
1009 2445 1085 2480 dum
1105 2458 1160 2492 pro

969 240 1046 262 RFLL
1050 239 1128 262 ARU
1131 240 1153 262 Μ

1183 240 1343 262 ΒΟΜᾹΝΓΜ

1193 306 1342 341 personas
1358 293 1486 327 idoneas
1502 291 1947 339 providere;et,cxigentibus

1194 354 1399 390 personarum
1423 343 1545 376 meritis
1579 351 1607 376 «t
1631 341 1829 380 sufficieutia
1852 352 1947 386 super

1193 392 1375 426 earumdem
1401 402 1616 438 personarum
1639 391 1755 438 quilius
1784 391 1848 436 ipse
1874 402 1946 436 pro-

1195 441 1302 476 viderit
1325 441 1363 476 de
1387 440 1567 474 huiusmodi
1591 440 1702 474 officiis
1724 448 1754 474 et
1778 439 1867 483 locis,
1897 450 1948 473 re-

1194 491 1382 537 quisitarum
1398 489 1585 537 qualitatum
1599 489 1785 527 defectibus
1800 501 1872 523 curn
1887 488 1946 522 sibi

1197 539 1347 586 placuerit
1357 547 1410 573 aut
1422 538 1611 585 deputandis
1623 538 1815 577 huiusmodi,
1825 537 1947 583 dispen-

1196 600 1264 623 sare
1287 600 1357 622 cum
1381 587 1499 622 eisdem
1525 588 1667 633 personis
1694 586 1731 621 ad
1756 588 1822 633 ipsa
1847 586 1947 621 officia

1197 645 1226 671 et
1248 637 1313 672 loca
1337 636 1519 671 obtinenda.
1543 636 1612 670 Non
1635 635 1836 670 obstantibus
1858 647 1948 682 prae-

1197 686 1353 721 dictorum
1378 685 1543 720 Benedicti
1561 693 1590 720 et
1603 685 1723 720 Callisti
1747 685 1844 719 literis
1859 696 1949 732 prae-

1199 736 1268 770 fatis
1303 747 1397 782 super
1431 734 1613 775 liabilitate3
1641 742 1671 768 et
1695 733 1750 773 illi,
1773 733 1889 781 quibus
1911 733 1949 768 de

1198 784 1318 819 eisdem
1333 784 1443 818 officiis
1459 784 1580 818 etlocis
1604 784 1670 830 ipsc
1695 783 1870 818 Rodericus
1883 782 1951 829 epi-

1198 846 1315 880 scopus
1337 841 1365 867 et
1395 845 1450 880 pro
1473 841 1615 879 tempore
1637 833 1778 867 existens
1807 834 1952 866 vicecan-

1199 883 1344 917 cellarius
1366 894 1421 916 seu
1444 882 1583 928 deputati
1599 881 1747 916 duxerint
1767 882 1834 916 suis
1856 881 1952 915 literis

1201 931 1442 979 providendum,
1465 932 1502 966 ad
1526 931 1624 965 officia
1652 940 1681 965 et
1706 931 1772 965 loca
1796 929 1953 978 ipsa,abs-

1200 993 1261 1028 que
1283 981 1387 1028 aliqua
1414 980 1472 1014 alia
1497 981 1689 1027 provisione,
1707 980 1901 1026 recipiantur
1921 986 1951 1013 et

1200 1030 1414 1065 admittantur.
1438 1029 1482 1064 lta
1504 1029 1588 1084 quod
1618 1029 1720 1063 dictae
1739 1029 1845 1064 literae
1868 1039 1954 1082 prae-

1201 1080 1273 1114 dicti
1295 1079 1441 1114 Roderici
1465 1079 1604 1126 episcopi
1633 1090 1687 1113 seu
1710 1078 1747 1113 ad
1771 1077 1831 1112 lioc
1849 1078 1887 1112 ab
1908 1076 1954 1111 eis

1200 1129 1378 1175 specialiter
1405 1128 1546 1175 deputati
1575 1127 1620 1162 vel
1645 1140 1701 1174 pro
1724 1135 1865 1174 tempore
1887 1126 1955 1162 exi-

1202 1178 1313 1212 stentis
1335 1176 1594 1220 vicecancellarii,
1617 1188 1713 1223 quas,
1735 1176 1854 1223 absque
1876 1175 1955 1210 alia-

1202 1239 1269 1261 rum
1319 1226 1478 1261 literarum
1532 1226 1773 1273 apostolicarum
1817 1225 1954 1271 desuper

1201 1275 1469 1311 conficiendarum
1489 1275 1702 1322 expeditione,
1718 1282 1888 1321 perpetuae
1909 1274 1954 1308 fir<

1202 1325 1319 1359 mitatis
1353 1325 1450 1359 robur
1480 1324 1623 1359 obtinere
1658 1323 1879 1367 decernimus,
1918 1324 1954 1357 iis

1201 1374 1318 1420 quibus
1340 1374 1439 1408 officia
1463 1373 1530 1420 ipsa
1557 1381 1586 1408 et
1622 1373 1689 1408 loca
1712 1372 1903 1408 concesserit
1924 1380 1955 1406 et

1201 1423 1418 1469 assignaverit,
1435 1423 1620 1470 plenissime
1642 1430 1671 1457 et
1698 1434 1753 1469 per
1774 1421 1880 1456 omnia
1901 1432 1955 1455 va·

1203 1472 1285 1506 leant
1307 1479 1337 1507 et
1359 1472 1583 1518 suffragentur
1606 1483 1642 1506 ac
1664 1471 1689 1505 si
1709 1483 1805 1518 super
1828 1470 1864 1505 iis
1885 1469 1955 1505 offi-

1202 1521 1258 1555 ciis
1280 1529 1310 1555 et
1332 1521 1409 1556 locis
1436 1520 1545 1555 literae
1567 1520 1759 1568 apostolicae
1793 1519 1955 1555 confectae

1202 1578 1231 1604 et
1247 1569 1412 1617 expeditae
1435 1569 1577 1603 fuissent.
1600 1569 1759 1617 Quodque
1779 1569 1894 1616 recepti
1917 1569 1954 1604 ad

1202 1619 1304 1654 officia
1326 1628 1355 1653 et
1378 1619 1456 1659 loca
1476 1619 1512 1653 ad
1531 1631 1611 1666 quae
1628 1619 1743 1666 recepti
1759 1618 1885 1658 fuerint,
1897 1630 1957 1653 suo

1202 1668 1312 1703 ordine
1339 1668 1547 1703 collocentur.
1581 1668 1700 1715 Sicque
1728 1667 1880 1702 continuo
1902 1679 1957 1714 per

1204 1718 1305 1764 ipsum
1328 1716 1520 1752 Rodericum
1541 1718 1726 1764 episcopum
1750 1725 1780 1750 et
1803 1728 1859 1763 pro
1875 1724 1956 1750 tem-

1205 1778 1278 1813 pore
1301 1766 1486 1801 existentem
1512 1765 1816 1805 vicecancellarium,
1838 1765 1957 1812 absque

1203 1815 1448 1850 contradictione.
1471 1815 1622 1862 qnalibet,
1644 1814 1840 1850 observetur.

1251 1868 1266 1907 ἓ
1281 1867 1338 1899 26.
1353 1863 1578 1908 Decerneutes,
1593 1864 1631 1898 (le
1649 1863 1809 1899 similibus
1823 1862 1956 1898 consilio

1202 1922 1231 1948 et
1247 1925 1375 1948 assensu
1393 1914 1522 1948 fratrum
1539 1912 1782 1960 praedictorum,
1802 1912 1954 1959 quidquid

1202 1973 1294 1997 secus
1315 1975 1410 2009 super
1433 1963 1472 1996 iis
1494 1963 1530 1996 ad
1552 1961 1702 2009 praedicti
1725 1961 1872 1998 Roderici
1893 1961 1958 2008 epi-

1202 2012 1288 2058 scopi
1312 2020 1340 2046 et
1370 2024 1424 2058 pro
1452 2021 1594 2058 tempore
1616 2011 1781 2046 existentis
1803 2011 1956 2046 vicecan-

1202 2065 1318 2100 cellarii
1362 2065 1628 2113 dispositionem,
1669 2073 1701 2099 ut
1736 2065 1956 2112 praemittitur,

1202 2120 1417 2166 spectantibus
1436 2120 1559 2163 officiis,
1575 2128 1604 2155 et
1622 2131 1638 2154 a
1655 2119 1746 2154 nobis
1762 2127 1815 2154 aut
1837 2131 1959 2154 succes-

1202 2174 1327 2209 soribus
1350 2175 1465 2208 nostris
1494 2173 1646 2208 Romanis
1669 2172 1877 2207 Pontificibus
1902 2184 1957 2219 pro

1203 2237 1345 2276 tempore
1387 2227 1609 2268 existentibus,
1650 2226 1771 2274 absque
1805 2239 1956 2274 expresso

1205 2282 1354 2329 praedicti
1389 2281 1539 2317 Roderici
1574 2281 1715 2328 episcopi
1743 2289 1774 2315 et
1797 2293 1853 2328 pro
1875 2288 1957 2316 tem-

1203 2348 1279 2382 pore
1313 2336 1475 2371 existentis
1502 2334 1748 2370 vicecancellarii
1784 2346 1956 2379 consensu,

1202 2391 1369 2437 contigerit
1388 2390 1544 2433 attentari,
1560 2389 1681 2423 irritum
1705 2396 1735 2424 et
1758 2388 1861 2429 inane,
1884 2388 1957 2423 nul-

1202 2445 1326 2491 liusque
1350 2444 1471 2479 roboris
1493 2443 1537 2478 vel
1567 2443 1716 2478 momenti
1745 2443 1889 2478 existere.

1962 241 2010 264 An.
2028 237 2058 263 C.
2077 237 2142 263 tti78

1984 1872 2086 1894 clausula
2100 1877 2155 1899 pm-

1972 1903 2098 1924 somnne.

408 2509 549 2547 ternpore
575 2499 849 2547 qualitercumque
885 2499 1059 2534 vacaverint
1075 2526 1082 2538 ,
1106 2511 1160 2546 per

408 2555 548 2603 seipsum
571 2566 626 2590 seu
649 2554 718 2589 eius
742 2555 1021 2597 locumtenentem,
1043 2565 1100 2588 seu
1122 2553 1158 2587 ad

409 2608 470 2644 hoc
493 2608 531 2644 ab
553 2621 590 2644 eo
612 2609 749 2656 speciale
773 2608 955 2644 mandatum
978 2607 1160 2652 habentem,

1251 2500 1270 2544 g
1289 2501 1346 2533 27.
1362 2498 1571 2559 Reliquorum
1589 2509 1816 2544 ver0,qu0rum
1828 2497 1954 2532 nomina
1983 2512 2069 2540 neuqua
2091 2518 2153 2537 om-

1203 2561 1231 2587 et
1263 2553 1466 2600 cognomina,
1496 2560 1547 2587 etc.
1557 2580 1566 2597 ,
1598 2560 1629 2587 et
1662 2564 1772 2587 eorum
1795 2551 1877 2596 loco,
1900 2563 1956 2599 per
1970 2543 2157 2596 {¹flfflnffffissssssfi‘ss'j

1203 2618 1438 2655 quamcumque
1460 2607 1653 2643 vacationem
1673 2617 1727 2642 seu
1742 2605 1833 2641 aliam
1849 2605 1956 2641 dimis-
1970 2606 2151 2627 ⁰¹⁵¹⁶¹⁶¹V⁸¹¹¹¹¹‘·
