2281 3251
127 267 173 292 An.
193 265 220 291 C.
244 265 307 290 t'tts'b'

138 1258 217 1279 Gallist.
229 1257 253 1278 Ill
265 1264 314 1284 prae-

130 1291 233 1310 dictorum
251 1288 313 1310 intor-

131 1321 214 1340 marion,
243 1319 315 1339 archi-

130 1352 196 1378 episc.
211 1350 313 1371 florenu-

130 1388 157 1403 no
173 1383 276 1403 commisit
293 1385 315 1403 et

131 1414 193 1434 etiam
208 1415 313 1434 executio-

131 1451 186 1466 nem.

147 1711 195 1732 Pius
207 1710 225 1731 tl
237 1717 249 1731 a
259 1716 317 1737 prae·

134 1744 189 1764 dieto
214 1742 319 1768 archiepi-

135 1779 199 1799 scopo
218 1774 317 1794 unionem

133 1803 182 1825 lact.
203 1804 269 1824 tuisse
286 1809 317 1824 ac-

135 1837 197 1862 cepit,
222 1835 258 1856 sed
276 1840 318 1855 non

135 1867 230 1893 plenarie
240 1871 318 1886 execu-

135 1902 186 1923 tum.
215 1902 319 1924 superve-

135 1929 192 1949 nien.
205 1928 262 1949 obitu
275 1927 319 1948 Cat-

135 1960 176 1980 tis-ti
193 1958 229 1979 111.

151 2329 244 2356 ideoque
254 2328 322 2349 abbati

139 2361 159 2381 Β.
180 2360 258 2381 Mariae
279 2358 324 2379 Flo-

139 2399 185 2414 ren.
202 2393 222 2412 in
241 2396 322 2412 eorum-

140 2425 186 2445 dem
196 2422 322 2443 informatio-

140 2460 188 2476 nem
207 2456 229 2474 et
248 2456 322 2472 execu-

140 2488 219 2507 tionem
237 2487 258 2504 et
272 2488 322 2503 non-

139 2517 197 2538 nulla
206 2515 269 2536 enam
277 2518 324 2541 spe-

141 2547 202 2568 cifice
215 2545 324 2566 demanda-

139 2579 177 2598 vit.

904 259 1117 283 lsNOCEN'rit's
1146 261 1174 281 Vt
1183 260 1203 281 tt
1233 259 1283 282 1¹1³.

325 317 577 364 monacis‚quem
593 315 762 361 elegissent
776 314 850 350 dicti
863 314 1072 355 duoabbates3

324 377 353 403 ct
389 366 515 414 quando
548 377 620 400 casu
656 365 799 399 similiter
836 367 953 399 veniret
988 364 1071 411 quod

324 417 437 464 aliquis
463 415 559 450 abbas
585 427 693 450 eorum
719 414 980 449 monasteriorum
1004 426 1073 448 mo-

325 475 455 508 reretur,
485 473 559 499 tunc
595 464 717 498 illorum
746 464 882 508 monaci,
906 475 967 498 una
1001 475 1071 497 cum

325 515 436 551 abbate
454 522 633 549 remanente
656 522 686 547 et
703 525 876 548 oeconomo
890 513 1071 547 monasterii

326 565 462 600 vacantis
488 562 682 603 huiusmodi,
712 562 951 609 possentlibere
970 574 1072 609 proce-

326 615 399 649 dere
422 613 459 648 ad
482 613 670 647 electionem
695 612 765 646 nori
790 611 922 655 abbatis,
945 611 1074 658 quando

327 672 430 698 tamen
450 663 495 698 eis
519 662 678 697 videretur
701 671 730 696 et
754 660 900 708 placeret3
927 673 988 707 qua
1011 661 1074 695 ele-

327 714 431 748 ctione
461 712 599 758 legitime
627 710 798 754 celebrata,
823 711 887 751 ille,
915 710 968 756 qui
998 710 1074 744 foret

327 763 456 801 electus,
486 761 678 807 intelligatur
699 769 729 794 et
752 760 830 794 soret
855 771 946 793 verus
968 759 1075 800 abbas,

327 812 446 858 absque
455 811 510 845 alia
527 810 763 845 confirmatione
776 808 1076 855 ScdisApostolicae

328 862 374 896 vel
410 861 543 895 alicuius
571 860 755 907 superioris,
789 867 944 894 reservata
973 867 1074 892 tamen

329 920 394 946 taxa
417 917 565 945 consueta
581 909 732 944 Gamerae
746 908 946 955 Apostolicae
963 907 1078 954 persol-

329 960 440 1001 venda3
457 959 675 1005 necnonquod
690 958 763 992 dicti
783 957 924 997 abbates,
945 956 1077 991 durante

328 1022 436 1045 eorum
453 1009 660 1046 observantia.
671 1015 799 1055 possent
816 1006 953 1053 recipere
968 1017 1078 1040 omnes

328 1059 459 1094 clericos
490 1058 558 1093 sive
590 1058 684 1092 laicos
719 1056 758 1091 de
791 1055 918 1090 saeculo
951 1055 988 1089 ad
1012 1055 1077 1101 ipsa

330 1108 517 1143 monasteria
532 1107 701 1153 fugientes,
715 1105 833 1152 absque
845 1104 968 1140 licentia
980 1104 1079 1151 ipsius

330 1158 484 1204 generalis
511 1157 584 1191 dicti
607 1155 746 1191 Ordinis,

378 1206 398 1253 S
425 1211 457 1241 5.
481 1205 642 1241 praefatus
662 1203 820 1249 Callistus,
846 1202 1080 1251 praedecessor,

329 1255 484 1290 dictorum
507 1255 655 1289 abbatum
681 1255 710 1287 in
734 1265 768 1287 ea
805 1260 891 1300 parte
913 1252 1080 1299 supplica-

330 1305 467 1340 tionibus
502 1304 686 1344 inclinatus,
715 1302 788 1337 bon.
824 1315 918 1337 mem.
941 1301 1080 1336 Antonio

329 1354 566 1401 archiepiscopo
579 1353 761 1388 Florentino
784 1353 851 1387 suis
878 1352 974 1385 literis
997 1350 1081 1385 dedit

330 1404 359 1438 in
389 1404 544 1438 mandatis
569 1411 614 1447 ut,
638 1410 745 1438 vocato
768 1401 853 1436 dicto
875 1400 1027 1447 generali,
1051 1400 1080 1434 in

331 1454 511 1502 praemissis
534 1453 682 1488 omnibus
697 1459 727 1485 et
749 1451 883 1498 singulis
898 1451 1082 1485 auctoritate

330 1504 499 1551 apostolica
515 1515 570 1550 per
591 1515 624 1537 se
644 1502 748 1549 ipsum
773 1500 949 1548 provideret
963 1508 993 1534 et
1007 1512 1083 1534 exe-

331 1561 492 1601 queretur,
516 1561 606 1599 prout
629 1551 842 1587 conscientiae
858 1562 933 1584 suae
961 1549 1081 1584 videre-

331 1611 382 1638 tur
408 1602 568 1650 expedire.

381 1657 396 1696 ἓ
418 1654 450 1687 6.
475 1651 681 1686 Postmodum
699 1662 784 1694 vere,
803 1662 858 1697 pro
872 1657 958 1696 parte
981 1648 1081 1682 dicto-

333 1714 401 1737 rum
415 1702 563 1736 abbatum
574 1709 823 1736 etconventuum
838 1698 975 1733 recolen.
989 1710 1082 1732 mem.

333 1751 389 1786 Pio
417 1751 519 1798 Papae
535 1750 573 1791 ll,
596 1751 687 1785 etiam
713 1749 946 1796 praedecessori
967 1755 1083 1789 nostro,

333 1801 477 1848 exposito
498 1800 581 1848 quod
607 1799 762 1847 praefatus
787 1799 946 1832 Antonius
962 1797 1084 1831 arcliie-

335 1850 497 1898 piscopus,
519 1850 558 1884 de
581 1849 761 1896 praemissis
789 1848 938 1882 omnibus
961 1854 990 1881 et
1018 1847 1085 1880 sin-

333 1900 416 1947 gulis
431 1907 546 1935 certam
561 1899 700 1933 notitiam
719 1898 850 1937 liabens,
873 1905 981 1932 vocato
1001 1895 1085 1930 dicto

333 1949 488 1997 generali,
529 1948 718 1983 monasteria
758 1947 914 1994 praedicta
956 1945 1084 1980 insimul

335 2000 489 2038 univerat,
511 2005 683 2033 annexerat
705 2004 735 2032 et
762 1998 1027 2042 incorporaverat,
1056 2003 1085 2028 et

335 2048 393 2084 alia
414 2049 445 2083 in
461 2047 554 2083 dictis
566 2047 665 2082 literis
679 2054 825 2082 contenta
842 2045 969 2087 fecerat,
988 2044 1087 2092 quod-

335 2115 408 2151 que,
423 2111 591 2150 antequam
620 2101 708 2146 unio,
729 2100 863 2145 aunei-tio
886 2108 916 2135 et
938 2100 1087 2145 incorpo-

337 2157 413 2193 ratio
437 2156 617 2205 praedictae
631 2168 724 2190 suun]
747 2161 936 2189 consecutae
954 2153 1087 2188 fuissent

336 2211 494 2256 effectum,
505 2211 587 2246 idern
603 2210 754 2245 Callistus
765 2208 866 2244 suerat
880 2208 938 2242 vita
949 2207 1086 2242 functus.

386 2267 406 2314 g
428 2269 460 2299 7.
482 2265 646 2300 praefatus
660 2264 750 2308 Pius,
762 2263 998 2310 praedecessor,
1014 2269 1089 2296 tnnc

337 2320 493 2356 dictorum
509 2319 658 2354 abbatum
683 2325 713 2352 et
734 2323 948 2353 conventuum
966 2315 1089 2362 suppli-

338 2373 516 2408 cationibus
543 2372 736 2416 inclinatus,
771 2370 873 2405 abbati
904 2369 1088 2404 monasterii

337 2428 375 2463 B.
396 2427 510 2462 Mariae
530 2426 721 2469 Florentin.,
734 2425 801 2459 eius
817 2424 944 2471 proprio
961 2423 1090 2458 nomine

339 2493 400 2516 non
424 2493 586 2528 expresso,
608 2480 674 2514 suis
702 2478 799 2513 literis
827 2478 915 2512 dedit
937 2477 968 2511 in
999 2489 1091 2512 man-

339 2535 421 2570 datis
447 2542 482 2569 ut
507 2534 546 2569 de
575 2533 759 2581 praemissis
793 2531 942 2566 omnibus
960 2538 990 2565 et
1024 2530 1092 2565 sin-

339 2589 421 2635 gulis
453 2600 489 2622 ac
515 2600 623 2623 eorum
656 2585 903 2622 circumstantiis
936 2584 1091 2619 universis

340 2656 373 2679 se
394 2643 558 2688 diligenter
578 2641 772 2685 informaret,
788 2648 818 2674 et
835 2640 859 2674 si
876 2651 931 2686 per
946 2638 1091 2674 informa-

419 2700 493 2730 Bau.
517 2698 592 2729 Rom.
616 2698 669 2729 Vol.
696 2698 723 2728 V.
915 2696 952 2726 39

1746 245 1814 277 5θὸ

1116 314 1236 349 tionem
1253 311 1437 348 huiusmodi
1462 311 1500 346 ita
1523 323 1593 346 esse
1613 309 1773 356 reperiret,
1797 321 1866 344 mo-

1117 363 1248 398 nasteria
1277 362 1453 409 praedicta,
1482 361 1563 395 iuxta
1588 368 1730 395 tenorem
1764 359 1866 394 dictae

1115 412 1301 447 concordiae
1324 411 1450 446 insimul
1476 410 1590 451 uniret,
1606 415 1798 448 annecteret,
1816 409 1867 442 in-

1116 469 1309 508 corporaret,
1342 473 1378 495 ac
1407 461 1487 495 inter
1514 468 1616 494 cetera
1652 465 1804 493 statueret
1835 467 1866 492 et

1116 511 1276 546 ordinaret
1325 510 1409 557 quod
1462 521 1562 544 unum
1603 507 1866 542 monasteriorum

1118 560 1350 608 praedictorum
1373 559 1411 594 ab
1438 559 1535 594 altero
1570 569 1632 591 non
1661 556 1867 604 dependeret,

1118 623 1176 645 nec
1210 610 1337 644 alterius
1365 609 1540 643 membrum
1571 618 1639 641 esse
1675 613 1869 650 censeretur,

1117 659 1171 693 sed
1200 668 1282 693 esset
1306 658 1490 693 eorumdem
1520 657 1668 691 abbatum
1686 664 1714 690 et
1735 667 1869 690 conven-

1119 717 1206 743 tuum
1245 720 1304 742 una
1333 707 1545 753 congregatio,
1581 718 1636 753 per
1667 717 1763 752 quarn
1786 704 1868 740 dicta

1120 758 1305 792 monasteria
1329 757 1593 803 gnljuernarentur,
1609 764 1639 789 et
1660 754 1794 802 quilibet
1807 754 1872 789 ab-

1120 808 1225 841 batum
1258 815 1333 841 tunc
1367 806 1568 840 existentium
1607 804 1870 839 monasteriorum

1121 856 1350 903 praedictorum
1388 863 1563 890 remaneret
1588 864 1738 902 perpetuo
1762 854 1791 888 in
1815 865 1870 889 sua

1119 906 1268 952 dignitate
1284 915 1314 940 et
1339 906 1406 940 iure
1422 904 1571 952 quamdiu
1591 905 1706 939 viveret
1723 902 1768 938 vel
1783 903 1871 938 alteri

1120 956 1296 990 cedendum
1307 956 1447 995 duceret;
1457 954 1593 1001 etquod,
1607 954 1873 1000 quandocumque

1120 1005 1254 1052 aliquem
1267 1004 1415 1039 abbatum
1428 1003 1689 1038 monasteriorum
1701 1002 1874 1049 praedicto-

1122 1067 1190 1088 rum
1208 1054 1247 1088 ab
1262 1054 1319 1088 liac
1342 1054 1410 1088 luce
1435 1053 1569 1099 migrare
1591 1052 1798 1098 contingeret,
1816 1064 1871 1086 seu

1123 1103 1268 1150 regimini
1282 1111 1312 1137 et
1323 1101 1588 1137 administrationi
1603 1101 1677 1136 dicti
1693 1101 1871 1135 monasterii

1122 1153 1259 1196 cederet,
1281 1160 1333 1187 aut
1351 1151 1575 1186 monasterium
1595 1163 1686 1185 suum
1703 1150 1778 1184 alias
1791 1163 1876 1197 quo-

1123 1203 1283 1250 quomodo
1319 1202 1502 1245 dimitteret,
1526 1201 1633 1235 liceret
1661 1207 1736 1234 tunc
1769 1199 1873 1234 abbati

1122 1252 1284 1299 superstiti
1312 1263 1347 1285 ac
1369 1262 1546 1286 oeconomo
1578 1249 1758 1284 monasterii
1775 1249 1876 1283 taliter

1124 1302 1262 1336 vacantis
1302 1313 1424 1334 necnon
1467 1299 1608 1334 monacis
1637 1298 1804 1345 praedictis
1838 1298 1876 1332 ad

1123 1350 1310 1385 electionem
1335 1350 1428 1384 futuri
1449 1349 1526 1383 inibi
1545 1349 1667 1383 abbatis
1691 1347 1876 1396 procedere,

1124 1413 1185 1447 qua
1217 1401 1372 1435 electione
1404 1399 1461 1434 rite
1489 1407 1518 1433 et
1546 1398 1683 1444 legitime
1710 1397 1878 1441 celebrata,

1125 1450 1187 1492 ille,
1203 1450 1254 1497 qni
1273 1450 1349 1484 foret
1366 1450 1496 1489 electus,
1512 1449 1738 1494 intelligeretur
1756 1455 1784 1481 et
1799 1447 1878 1481 foret

1126 1499 1527 1546 verusal›bas,absquealia
1538 1496 1878 1533 confirmationesedis

1125 1550 1337 1596 Apostolicae,
1365 1556 1517 1583 reservata
1543 1555 1646 1581 tamen
1671 1557 1736 1581 taxa
1754 1546 1879 1593 praedi-

1126 1608 1192 1634 ctae
1203 1598 1562 1644 Canierae,utsuperius
1575 1606 1621 1631 est
1635 1609 1819 1643 expressum
1830 1609 1838 1637 ;
1849 1604 1880 1631 et

1126 1649 1208 1696 quod
1233 1649 1365 1695 quilibet
1387 1649 1417 1682 in
1436 1647 1578 1682 abbatem
1595 1646 1879 1693 electus,qnolibet

1126 1711 1208 1733 anno
1223 1699 1252 1732 in
1267 1698 1405 1745 capitulo
1420 1710 1474 1744 per
1485 1698 1583 1744 ipsam
1600 1696 1878 1742 congregationem

1128 1748 1330 1792 celebrando,
1346 1754 1507 1782 teneretur
1531 1746 1629 1781 libere
1646 1745 1833 1780 renunciare
1848 1745 1878 1778 in

1128 1798 1275 1832 inanibus
1304 1798 1403 1844 ipsius
1425 1796 1679 1843 congregationis
1693 1795 1739 1829 vel
1761 1794 1880 1842 praesi-

1128 1847 1269 1882 dentium
1306 1860 1361 1882 seu
1397 1846 1599 1880 definitorum
1623 1844 1764 1879 eiusdem
1781 1872 1789 1885 ,
1825 1844 1879 1892 qui

1130 1905 1314 1944 potestatem
1330 1896 1481 1931 baberent
1494 1894 1676 1929 huiusmodi
1693 1894 1880 1929 electionem

1129 1946 1337 1982 confirmandi
1361 1946 1408 1980 vel
1427 1945 1623 1985 infirmandi;
1646 1944 1796 1991 quodque
1817 1951 1880 1978 tam

1131 1996 1280 2044 praedicti
1312 2008 1407 2044 quam
1435 1994 1567 2029 aliorum
1601 2005 1880 2041 quorumcumque

1130 2045 1391 2081 monasteriorum
1415 2044 1489 2079 dicti
1521 2043 1651 2078 Ordinis
1678 2042 1776 2078 Vallis
1797 2041 1880 2077 Um-

1130 2100 1240 2135 brosae
1261 2099 1391 2134 ubilibet
1406 2098 1647 2133 constitutorum
1666 2097 1793 2132 abbates
1808 2108 1882 2131 con-

1130 2154 1293 2189 ventiones
1309 2152 1493 2201 praedictas,
1507 2151 1625 2199 absque
1640 2150 1773 2186 alicuius
1786 2163 1883 2197 supe-

1132 2208 1220 2243 rioris
1246 2208 1384 2251 licentia,
1408 2207 1550 2253 recipere
1564 2213 1594 2240 et
1619 2205 1785 2240 admittere
1809 2217 1885 2252 pos-

1130 2270 1211 2298 sent.
1239 2262 1369 2310 Ipsique
1398 2261 1443 2295 vel
1467 2272 1576 2295 eorum
1605 2259 1728 2303 vicarii,
1752 2258 1884 2294 durante

1131 2317 1328 2352 observantia
1345 2314 1660 2351 liuiusmodi,omnes
1675 2321 1737 2348 tam
1751 2312 1885 2348 clericos

1131 2384 1225 2419 quam
1242 2371 1337 2406 laicos
1353 2370 1391 2403 de
1406 2368 1531 2403 saeculo
1547 2369 1702 2415 fugientes
1716 2368 1754 2402 ad
1772 2367 1885 2414 proba-

1133 2426 1250 2460 tionem
1264 2423 1419 2470 Regulae,
1440 2422 1567 2457 demum
1588 2421 1626 2457 ad
1646 2421 1884 2468 professionem,

1133 2479 1253 2526 absque
1285 2478 1359 2512 dicti
1383 2476 1536 2523 generalis
1560 2475 1699 2520 licentia,
1720 2474 1885 2510 admittere

1136 2541 1276 2581 possent,
1299 2531 1489 2578 indulgeret.

1181 2588 1202 2635 S
1229 2589 1261 2622 8.
1285 2585 1471 2622 Successive
1489 2597 1561 2620 vero
1575 2584 1626 2620 set.
1655 2583 1886 2619 recordationis

1134 2642 1233 2677 Paulo
1248 2639 1398 2688 Papaell,
1410 2640 1503 2676 etiarn
1518 2638 1751 2687 praedecessori
1765 2645 1884 2683 nostro,

1882 254 1931 280 An,
1949 254 1977 281 C.
2000 255 2064 281 ΗΜ
