2281 3251
224 230 271 254 An.
291 229 319 255 C.
342 231 407 256 t'oto

234 1526 340 1547 ltonurida
350 1531 411 1546 attin>

240 1564 277 1577 en<
294 1565 368 1578 annum
386 1559 410 1578 20

227 1589 314 1609 babetur
322 1596 358 1616 pro
369 1596 411 1610 ma-

473 219 542 251 490

421 283 598 330 assignato,
624 282 668 316 tel
696 280 868 327 superioris
885 280 1014 314 arbitrio
1042 278 1123 312 datis
1143 279 1176 311 si·

423 332 653 374 deiussoribus,
675 330 790 365 iocaris
814 329 973 369 vocandis,
997 327 1112 371 audiri,
1137 327 1175 360 de

424 382 552 417 veritate
576 392 703 428 precum
733 379 846 414 docere
869 378 1021 424 legitime,
1043 389 1079 411 ac
1102 389 1175 411 nai-

425 440 486 466 rata
511 432 540 466 in
565 429 712 464 brevibus
725 438 755 464 ct
778 428 875 463 literis
902 427 939 462 ad
962 427 1094 473 gratiam
1117 426 1175 461 oli-

425 480 583 516 tinendam
608 487 637 513 ct
661 479 837 526 principem
861 476 1044 512 leniendum
1081 485 1110 510 et
1129 476 1176 510 sa-

424 531 516 565 cilius
532 528 748 563 inducendum
768 528 927 562 verificare
942 534 971 561 et
990 537 1087 573 super
1100 525 1176 560 sul)-

426 580 567 627 reptione
584 578 630 613 rel
654 577 839 624 obreptione
863 576 1047 623 impetratae
1070 575 1177 621 gratia·

426 630 454 662 in
485 628 600 662 iudicio
628 637 720 662 stare.
749 625 876 668 Quibus
905 638 966 660 non
1005 625 1178 660 observatis

426 678 471 712 vel
502 678 530 711 in
556 677 742 725 probatione
764 674 1008 714 deficientibus,
1038 674 1178 718 veniam,

425 727 645 762 remissionem
668 726 909 766 sententiarum,
924 733 953 760 ct
971 737 1176 772 processuum

425 777 562 824 desuper
583 776 761 811 habitorum
781 775 997 818 abolitionem,
1021 774 1178 809 cancella-

426 837 542 861 tionem
571 834 601 860 et
628 834 848 866 cassationem,
877 831 1010 859 restitut.
1041 837 1071 858 in
1096 832 1176 858 inte-

424 888 528 921 grum,
550 888 605 910 seu
630 875 659 909 in
686 875 852 922 pristinum
883 874 1108 920 repositionem
1123 887 1178 920 pro

426 926 522 960 nullis
561 925 744 972 nulliusque
773 923 976 959 stabilimenti
1016 922 1177 958 habenda<

425 987 506 1015 essm
529 987 663 1022 reosque
680 974 766 1021 ipsos
782 974 858 1008 iuris
874 973 1094 1020 dictarumque
1108 984 1180 1007 con-

425 1024 624 1059 stitutionum
646 1024 757 1071 poenis
770 1023 936 1058 adstrictos
953 1035 1116 1057 remanere
1131 1035 1180 1056 vo-

426 1074 532 1108 lumus
554 1083 582 1108 et
607 1073 806 1117 mandamus,
830 1072 921 1107 dictis
948 1072 1085 1107 obtentis
1108 1084 1180 1118 gra-

428 1124 478 1158 tiis
505 1132 535 1158 et
559 1123 707 1159 brevibus
731 1135 792 1157 non
821 1121 1030 1157 obstantibus.
1059 1121 1098 1155 Et
1118 1134 1177 1155 non

426 1173 530 1208 solum
549 1173 750 1207 remissiones
765 1172 916 1218 deinceps
939 1170 1109 1211 faciendas,
1125 1172 1178 1205 sed

426 1223 519 1257 etiam
549 1222 654 1257 literas
681 1221 868 1268 apostolicas
892 1221 921 1255 in
947 1220 1045 1255 forma
1077 1220 1180 1255 brevis

425 1280 478 1305 aut
501 1272 576 1306 alias
592 1273 650 1306 iam
678 1272 833 1315 obtentas,
860 1283 940 1317 quae
963 1270 1105 1304 nondum
1134 1270 1181 1303 el'-

427 1322 542 1356 l'ectum
566 1321 801 1356 cant-ellationis
829 1329 860 1354 et
882 1320 1066 1355 cassationis
1093 1320 1182 1353 sorti-

427 1380 474 1405 tae
491 1371 619 1412 suerint,
641 1371 701 1405 suli
721 1370 830 1404 eadem
856 1369 952 1404 sorma
971 1378 1000 1403 ct
1024 1369 1179 1416 praesenti

427 1421 652 1455 constitutione
669 1428 773 1455 nostra
795 1419 910 1466 pariter
938 1418 1177 1464 comprehendi.

475 1473 489 1513 ἕ
513 1473 544 1504 4.
569 1470 746 1505 Statuimus
771 1468 1010 1515 insnper,quod
1027 1480 1084 1502 nec
1098 1476 1182 1502 actas

426 1519 529 1554 minor
543 1520 635 1554 annis
647 1531 727 1561 xxv,
745 1518 921 1553 homicidas
934 1518 1019 1564 ipsos
1042 1526 1181 1559 excuset,

426 1577 455 1603 et
472 1568 629 1604 homicida
652 1569 697 1603 sic
712 1568 913 1615 delinquens,
929 1567 982 1614 qui
1000 1580 1045 1601 xx
1061 1579 1179 1601 annum

424 1630 499 1652 suae
515 1619 623 1653 aetatis
639 1618 785 1664 attigerit,
808 1617 960 1652 habeatur
975 1625 1002 1651 et
1020 1623 1183 1663 reputetur

426 1680 480 1712 pro
505 1668 613 1702 maiori
638 1668 667 1702 in
687 1668 834 1702 omnibus
850 1666 1032 1713 praemissis
1046 1665 1181 1700 delictis.

424 1717 488 1752 Nec
513 1726 678 1764 propterea
702 1718 811 1764 poenis
828 1717 904 1751 iuris
920 1725 950 1751 et
973 1715 1179 1751 constitutio-

425 1779 500 1801 num
532 1767 578 1801 vel
605 1774 794 1802 statutorum
827 1766 1005 1801 eximantur
1031 1765 1077 1800 vel
1102 1764 1181 1799 libc-

425 1824 545 1856 rentur,
568 1828 626 1850 nec
650 1815 732 1863 apud
758 1816 892 1851 iudicem
918 1815 1049 1849 minoris
1071 1815 1183 1849 aetatis

425 1865 608 1901 huiusmodi
638 1865 850 1900 consideratio
882 1865 1015 1899 alicuius
1042 1864 1081 1898 sit
1111 1876 1182 1899 mo-

425 1916 532 1950 menti.
556 1914 771 1950 Decernentes
795 1915 917 1949 irritum
938 1923 967 1948 et
983 1914 1074 1948 inane
1089 1914 1181 1960 quic-

424 1965 498 2011 quid
522 1974 628 2000 contra
647 1964 815 2012 praemissa
845 1977 898 1998 seu
922 1975 1031 1998 eorum
1052 1963 1182 2010 aliquod

423 2015 636 2060 attentabitur,
652 2014 698 2049 vel
712 2014 874 2061 quicquid,
887 2013 979 2047 etiam
997 2025 1013 2047 a
1031 2012 1070 2047 de
1086 2013 1183 2047 latere

424 2070 538 2116 legato,
552 2081 606 2105 sen
623 2069 735 2116 quovis
750 2068 809 2103 alio
824 2068 926 2103 dictae
943 2067 1120 2114 provinciae
1137 2081 1184 2102 re-

425 2132 520 2165 ctore,
535 2124 564 2158 in
583 2123 833 2170 derogationem,
851 2121 1117 2158 modificationem
1136 2124 1182 2158 vel

425 2177 598 2224 quamlibet
620 2177 889 2225 dispensationem
911 2176 1053 2211 omnium
1068 2184 1099 2211 et
1113 2178 1181 2212 sin-

426 2231 571 2277 gulorum
589 2231 835 2278 praemissorum
860 2231 890 2264 in
915 2239 1074 2277 posterum
1103 2244 1183 2266 con-

428 2285 531 2331 tigerit
547 2286 703 2330 attentari,
719 2286 787 2320 sine
803 2294 905 2320 nostra
920 2297 1066 2332 expressa
1084 2285 1184 2320 licen-

428 2340 487 2384 tia,
515 2351 595 2386 quae
627 2339 656 2373 in
680 2339 807 2386 scriptis
830 2339 952 2374 ostendi
982 2340 1093 2386 possit.
1118 2340 1184 2374 Nec

428 2394 532 2429 literas
554 2394 755 2441 apostolicas,
776 2406 792 2428 a
808 2393 900 2428 nobis
922 2394 967 2429 vel
987 2394 1070 2429 Sede
1094 2394 1183 2440 Apo-

427 2448 535 2484 stolica
564 2448 722 2496 praedicta
756 2461 811 2496 pro
841 2457 983 2496 tempore
1010 2448 1183 2484 conceden.

428 2512 535 2538 contra
560 2503 730 2550 praemissa
750 2511 803 2537 aut
826 2514 934 2537 eorum
960 2502 1100 2550 aliquod,
1115 2502 1185 2537 eui-

430 2568 522 2603 quam
548 2557 710 2603 suffragari
733 2557 891 2601 volumus,
921 2557 977 2591 nisi
1008 2569 1062 2604 per
1087 2557 1185 2590 trinas

428 2610 532 2647 literas
553 2611 751 2660 interpellate
781 2621 940 2648 emanatas
967 2611 1041 2647 liuic
1060 2618 1185 2646 nostrae

1017 225 1115 247 utun
1122 224 1203 246 nit'lu
1233 223 1344 245 ROMAN
1351 223 1393 245 [M

1215 276 1434 312 constitutioni
1454 277 1482 309 in
1498 277 1603 322 specie
1622 276 1660 310 de
1678 275 1772 309 terlio
1792 274 1828 308 ad
1845 275 1971 309 verbnm

1216 336 1245 362 et
1278 326 1455 373 specialiter
1484 325 1577 360 suerit
1604 325 1811 372 derogatum;
1843 324 1973 371 illasqu-¹

1217 384 1326 411 contra
1356 384 1492 409 mentem
1527 383 1665 409 nostram
1694 383 1723 410 et
1753 374 1852 409 dictae
1880 373 1973 408 Sedis

1219 426 1283 460 sore
1306 437 1473 459 concessas
1487 436 1524 459 ex
1548 437 1645 469 nunc,
1662 433 1751 472 prout
1769 435 1807 458 ex
1825 431 1910 468 tunc,
1925 423 1976 457 dt·-

1218 476 1387 510 claramns.

1267 526 1287 572 g
1315 527 1346 559 ὃ.
1363 523 1655 558 Constitutionibus
1677 531 1706 558 et
1721 522 1974 558 ordinationum<

1218 574 1412 622 apostolicis,
1443 573 1612 619 privilegiis
1634 585 1761 620 quoque
1784 581 1813 607 et
1836 573 1974 611 statutis,

1219 625 1312 658 etiam
1335 623 1575 670 comprehensis
1594 622 1623 656 in
1639 621 1797 657 volumine
1819 623 1974 657 constitu-

1220 675 1339 709 tionum
1381 673 1429 707 lio.
1460 685 1554 707 niem.
1579 670 1697 717 1Egidii
1721 671 1888 706 cardinalis
1916 671 1975 707 Sa-

1220 724 1339 764 l›inen.‚
1355 723 1455 757 dictae
1481 721 1658 769 provinciae
1674 720 1777 766 legati,
1800 720 1838 755 de
1862 733 1976 767 procu-

1221 772 1475 808 ratoribnsetiam
1490 772 1519 805 in
1536 770 1691 805 criminali
1706 782 1798 805 causa
1810 770 1975 806 admitten.

1221 822 1266 858 vel
1283 835 1357 867 non,
1374 835 1390 857 a
1406 821 1489 856 dicta
1508 819 1592 855 Sede
1614 819 1822 864 confirmatis,
1838 819 1876 855 de
1896 832 1978 866 quo-

1220 885 1289 907 rum
1307 881 1414 907 tenore
1429 870 1576 918 specilica
1591 878 1620 903 et
1635 868 1813 909 individua,
1827 869 1977 916 specialis

1220 934 1255 957 ac
1283 922 1322 956 de
1347 921 1440 957 verbo
1468 920 1504 954 ad
1530 919 1660 953 verbum
1689 919 1809 953 mentio
1833 918 1976 953 liabenda

1221 979 1314 1013 essct,
1327 972 1504 1017 ceterisque
1527 970 1557 1003 in
1579 969 1772 1003 contrarium
1791 968 1899 1003 facien.
1915 980 1976 1003 non

1220 1021 1418 1056 obstantibus
1440 1019 1709 1067 quibuscumque.

1270 1076 1284 1113 g'
1307 1072 1339 1104 6.
1370 1070 1560 1113 Postremo,
1590 1075 1622 1102 ut
1651 1066 1831 1101 huiusmodi
1857 1074 1979 1101 nostrae

1221 1120 1468 1163 constitutionis,
1497 1117 1614 1153 decreti
1644 1124 1673 1150 et
1697 1116 1864 1151 voluntatis
1894 1116 1979 1150 nulla

1221 1170 1374 1215 deinceps
1397 1169 1524 1214 allegari
1556 1167 1654 1214 possit
1678 1166 1864 1212 ignorantia,
1889 1165 1979 1200 voln-

1223 1232 1294 1253 mus
1322 1219 1377 1253 lias
1401 1227 1521 1253 nostras
1545 1217 1649 1252 literas
1673 1228 1726 1262 per
1754 1224 1848 1250 totam
1879 1215 1979 1262 ipsam

1223 1268 1415 1316 provinciam
1442 1267 1621 1314 publicari,
1656 1276 1774 1311 easque
1800 1265 1880 1300 inter
1903 1264 1979 1299 alias

1223 1318 1320 1365 ipsius
1344 1317 1523 1364 provinciae
1546 1315 1788 1350 constitutiones
1826 1315 1982 1349 locorum-

1222 1380 1283 1415 que
1302 1375 1417 1402 statuta
1445 1365 1613 1409 conscribi,
1630 1372 1660 1398 et
1677 1364 1708 1398 in
1727 1376 1835 1398 earum
1860 1364 1980 1399 consti-

1223 1417 1382 1451 tutionum
1399 1415 1558 1450 volumine
1589 1414 1704 1459 redigi,
1734 1421 1826 1460 prout
1854 1413 1922 1455 tibi,
1947 1423 1979 1448 ut

1222 1467 1260 1501 ab
1278 1466 1354 1513 ipsis
1381 1465 1546 1512 publicari,
1578 1462 1733 1498 conscribi
1755 1462 1919 1509 redigique
1935 1463 1980 1497 sa-

1222 1517 1299 1556 cias‚
1322 1515 1552 1550 committimus
1569 1521 1598 1548 et
1621 1512 1830 1553 mandamus3
1852 1512 1922 1547 aliis
1936 1513 1980 1547 le-

1223 1565 1314 1612 gilms
1330 1564 1510 1611 apostolicis
1533 1563 1679 1598 ctdictae
1703 1561 1881 1608 provinciae
1903 1573 1981 1596 con-

1222 1614 1438 1650 stitutionibus
1460 1621 1488 1648 et
1502 1611 1730 1656 sanctionibus,
1749 1619 1856 1646 contra
1877 1611 1981 1646 liomi-

1224 1664 1309 1699 cidas
1325 1675 1501 1710 eorumque
1517 1670 1730 1709 receptatores
1751 1669 1782 1695 et
1796 1660 1980 1696 defensores

1223 1714 1327 1755 editis,
1356 1713 1474 1760 quibus
1503 1712 1578 1746 nihil
1602 1710 1795 1746 intendimus
1817 1710 1980 1757 derogare,

1224 1764 1253 1798 in
1282 1775 1339 1798 suo
1363 1763 1474 1797 robore
1503 1760 1729 1809 permansuris.

1273 1812 1387 1847 Datum
1404 1811 1526 1846 Romae
1541 1810 1624 1858 apud
1647 1810 1679 1845 S.
1705 1810 1834 1844 Petrum
1849 1808 1908 1844 sub
1924 1821 1981 1844 an-

1224 1862 1298 1897 nulo
1315 1862 1497 1905 Piscatoris⁷
1520 1860 1570 1896 die
1595 1859 1827 1907 vigesimanona
1851 1858 1981 1893 decem-

1225 1912 1289 1946 bris
1307 1940 1315 1953 ,
1344 1911 1512 1946 millesimo
1546 1908 1803 1957 quingentesimo
1833 1907 1980 1954 decimo,

1225 1962 1426 2008 pontificatus
1449 1960 1546 1995 nostri
1570 1972 1653 1994 anno
1675 1967 1794 1994 octavo.

1239 2019 1299 2049 Dat.
1316 2020 1363 2049 (lie
1378 2019 1416 2049 ⁶29
1433 2018 1600 2049 decembris
1618 2018 1701 2055 1510,
1720 2021 1799 2057 pont.
1816 2026 1892 2047 anno
1909 2026 1966 2048 vni.

1552 2164 1653 2199 XXX.

1225 2240 1512 2274 Anathemctlizatio
1540 2239 1759 2272 haereticorum
1792 2244 1819 2270 et
1845 2238 1979 2270 aliorum

1274 2290 1566 2324 contravent'enti'um
1592 2289 1736 2320 contentis
1768 2287 1799 2319 in
1834 2288 1980 2320 constitu-

1275 2341 1365 2378 cione,
1387 2351 1466 2384 quae
1483 2339 1578 2372 Bulla
1594 2338 1625 2370 ιή
1644 2337 1743 2370 Coena
1759 2337 1888 2369 Domini
1900 2347 1979 2370 nuti-

1275 2398 1414 2435 cupatur.

1495 2458 1708 2489 SUMMAttttut

1225 2529 1317 2559 (lausa
1337 2530 1374 2559 ob
1393 2538 1480 2568 apiani
1500 2528 1624 2566 singulis
1651 2527 1736 2556 annis
1756 2527 1879 2556 Romani
1900 2526 1976 2556 Pon—

1267 2575 1359 2603 tilires
1390 2574 1506 2612 publice
1531 2572 1694 2602 liaeretiros
1714 2571 1977 2601 excommunicant.

1265 2636 1303 2641 —
1326 2620 1347 2649 l.
1368 2618 1635 2648 lecommunicatio
1659 2616 1789 2646 omnium
1811 2616 1976 2647 haeretico-

1990 221 2040 246 An.
2061 220 2087 245 C.
2109 220 2174 246 tth

2027 537 2138 561 [veruga-io

2005 571 2158 588 contrariorum

2018 1079 2084 1100 lussit·
2110 1080 2179 1106 publi-

1995 1112 2056 1131 candi
2073 1111 2124 1131 lianc
2137 1111 2179 1130 bul-

1996 1142 2043 1162 lam.
