2281 3251
262 254 312 280 An.
329 253 357 279 C.
380 253 444 280 11195

277 705 303 724 De
328 706 360 724 Ιιῦι
368 712 384 724 is
408 710 444 723 ‹ui-

317 1107 394 1127 sidtu<

275 1701 297 1721 Ei
313 1702 451 1727 praedicant·-

268 1737 293 1752 ne
311 1732 367 1752 verbi
384 1731 428 1756 Dei,

303 2163 408 2186 Vestibus,

508 243 577 274 354

460 309 543 355 Papa
568 319 664 341 itntttn
688 320 724 339 ex
747 316 870 339 sanctae
900 303 1060 337 lloinanae
1098 301 1206 335 Eccle—

459 358 521 392 siae
544 355 765 398 cardinalibus,
787 354 839 400 qui
854 354 893 387 sit
915 353 1117 399 gulwrnator,
1141 364 1208 396 pro-

461 416 558 442 tector
596 416 624 440 et
653 414 754 440 rector
793 404 883 438 istius
923 402 1095 447 religionis,
1117 401 1206 434 cuius

460 457 590 492 consilio
612 464 640 490 et
660 454 808 489 mandato
831 465 956 500 semper
978 451 1163 486 informetur
1177 459 1205 485 et

460 515 593 553 regatur.

1036 246 1222 269 nuntium!

754 575 834 611 Car».
858 573 910 609 tlt.

508 652 528 697 g
551 655 581 684 7.
604 648 718 683 Clerici
742 647 883 682 divinum
907 645 1044 681 officium
1068 653 1097 680 et
1116 645 1207 679 boras

460 700 626 736 canonicas
647 698 822 734 secundum
856 695 1120 731 consuetudinem
1143 693 1208 728 Cu-

410 743 442 755 m
461 751 535 795 riae,
550 757 680 796 excepto
697 747 855 796 psalterio,
870 746 954 781 boris
973 745 1088 781 debitis
1104 752 1133 779 et
1146 752 1210 778 sta-

461 801 536 834 tutis
557 807 681 834 etcum
714 805 806 833 cantu
847 795 982 843 simplici
1020 794 1208 841 persolvant.

460 849 544 884 Laici
570 860 642 883 vero
665 859 719 882 seu
742 846 885 882 conversi
920 854 949 880 ct
978 845 1072 880 oblati
1101 843 1207 878 dicant

461 898 703 946 vigintiquatuor
747 898 839 931 Pater
878 903 978 930 noster
1012 903 1043 929 et
1082 893 1209 928 totidem

461 951 524 983 Ave
547 949 667 987 Maria,
690 959 745 994 pro
773 947 946 986 matutino,
971 957 1026 992 pro
1055 944 1210 982 laudibus,

460 999 615 1045 quinque3
638 1008 693 1044 pro
709 996 858 1043 vesperis,
873 995 1052 1035 duodecim3
1071 1006 1125 1040 pro
1138 1005 1211 1040 qua-

461 1048 535 1082 libet
556 1048 686 1082 aliarum
723 1047 882 1089 borarum,
903 1053 1038 1092 septem,
1070 1052 1100 1077 et
1121 1051 1210 1077 orent

463 1110 518 1145 pro
540 1097 709 1132 defunctis.
744 1095 933 1130 Nescientes
959 1104 1063 1129 autem
1095 1093 1212 1127 litteras

462 1148 583 1182 discere
605 1158 667 1180 non
694 1145 840 1189 audeant,
868 1145 927 1179 nisi
964 1142 1118 1190 generalis
1140 1154 1212 1177 cor-

464 1197 594 1232 rectoris
615 1195 747 1231 consilio
769 1194 894 1238 habito,
926 1194 978 1241 qui
1015 1205 1070 1227 eos
1092 1200 1210 1227 tantum

463 1248 544 1282 sinat
563 1246 693 1286 discere,
717 1257 852 1292 quorum
871 1244 994 1291 ingenia
1012 1252 1082 1290 apta
1101 1241 1210 1276 viderit

464 1309 532 1331 esse
567 1296 740 1339 doctrinae,
780 1306 838 1329 uec
873 1292 1052 1329 contradire
1082 1304 1212 1338 praesu-

465 1355 562 1387 mant3
585 1345 638 1380 sed
660 1345 764 1392 potius
790 1344 875 1378 omni
903 1355 976 1378 cura
999 1351 1029 1377 et
1051 1342 1211 1388 diligentia

466 1396 684 1443 unusquisque
706 1394 884 1441 generalem
909 1401 1028 1440 patrem
1055 1403 1212 1438 suumque

465 1454 616 1481 rectorem
639 1458 671 1479 re
693 1453 722 1479 et
750 1443 843 1478 verbo
866 1451 1056 1486 revereatur,
1084 1450 1113 1476 et
1137 1454 1213 1488 pure

466 1503 685 1543 prompteque,
720 1493 760 1528 ob
780 1493 954 1528 Dominum
989 1500 1130 1526 nostrum
1167 1490 1213 1525 le—

465 1558 533 1580 sum
557 1544 738 1587 Christum,
759 1555 868 1577 eorum
889 1541 1044 1577 mandatis
1065 1539 1213 1583 obediat,

466 1594 614 1642 quoniam
645 1595 674 1627 in
691 1593 862 1638 Evangelio
884 1592 1036 1639 scriptum
1060 1599 1124 1625 est:
1151 1591 1214 1631 Oui

466 1657 517 1679 vos
538 1646 626 1678 aridi!
648 1656 694 1678 me
715 1645 820 1680 audit,-
847 1650 872 1677 et
894 1643 949 1687 qui
969 1654 1020 1676 vos
1041 1642 1155 1686 spernit
1169 1652 1214 1673 me

465 1697 602 1740 sperm‘t;
626 1693 734 1728 fratres
755 1701 858 1727 autem
882 1692 999 1736 idonei,
1026 1699 1056 1725 et
1078 1702 1093 1725 a
1116 1701 1215 1736 gene-

466 1744 521 1779 rali
544 1742 681 1790 capitulo
709 1742 754 1777 rel
784 1741 965 1789 provinciali
993 1739 1160 1775 examinati
1184 1749 1214 1774 et

465 1793 630 1841 approbati
661 1800 805 1840 poterunt
835 1791 1013 1839 praedicare
1029 1799 1059 1825 et
1073 1801 1214 1835 evange—

465 1844 556 1878 lizare
579 1842 709 1877 verbum
733 1841 790 1877 Dei
820 1854 891 1876 cum
920 1841 1070 1875 brevitate
1091 1851 1214 1873 sermo-

466 1894 514 1927 nis
541 1891 755 1927 annuntiando
785 1890 901 1938 populo
929 1891 1000 1924 vitia
1020 1899 1048 1925 et
1073 1889 1214 1933 virtutes,

465 1954 599 1990 poenam
626 1950 656 1978 et
677 1940 820 1988 gloriam.

759 2020 838 2056 Cap.
867 2020 918 2055 lV.

515 2104 530 2143 ἕ
552 2103 584 2135 8.
609 2099 797 2135 Indumenta
825 2106 929 2134 nostra
957 2098 1021 2132 sint
1043 2097 1083 2132 de
1111 2109 1215 2144 panno

466 2167 575 2202 grosso
597 2167 633 2190 ex
653 2155 719 2189 lana
744 2153 891 2201 pecorina
905 2152 992 2198 nigra
1016 2160 1046 2186 et
1067 2152 1135 2186 sine
1160 2152 1215 2185 tin-

465 2219 552 2244 ‹·tura
575 2217 733 2247 contexto,
748 2216 777 2243 et
796 2207 835 2242 de
859 2206 1016 2254 praedicto
1040 2218 1143 2252 panno
1159 2206 1214 2240 ba-

465 2265 565 2298 bitum
584 2276 681 2298 unum
701 2262 738 2298 ad
768 2263 872 2297 minus
895 2260 1027 2308 quilibet
1049 2259 1142 2294 frater
1165 2261 1215 2295 ba-

464 2320 535 2354 beat
559 2318 685 2364 longum
711 2329 810 2364 usque
832 2316 869 2352 ad
893 2315 983 2361 talos,
1000 2327 1059 2349 una
1076 2327 1148 2349 cum
1163 2328 1216 2351 ca-

465 2374 557 2421 pucio
580 2385 679 2420 usque
708 2372 745 2407 ad
770 2372 885 2407 seniora
907 2384 945 2407 ex
967 2380 1099 2420 utraque
1128 2380 1215 2419 parte

465 2429 570 2475 longo,
592 2438 662 2463 ante
683 2428 803 2462 scilicet
822 2435 851 2462 et
877 2435 970 2466 retro,
993 2439 1065 2462 cuni
1088 2427 1214 2473 cingulo

465 2484 568 2528 laneo,
589 2483 702 2518 coloris
738 2482 885 2527 babitus,
927 2482 1092 2529 capucium
1125 2494 1215 2528 prae-

466 2537 583 2572 dictum
606 2550 642 2572 ex
671 2546 802 2584 utraque
831 2546 916 2584 parte
947 2549 1043 2583 super
1071 2535 1213 2570 liabitum

467 2592 622 2639 cingente,
638 2600 667 2627 et
690 2592 740 2626 liic
762 2591 799 2625 sit
823 2591 948 2626 babitus
971 2598 1087 2630 noster,
1109 2602 1215 2637 quem,

467 2647 526 2681 nisi
549 2653 762 2682 commutetur
784 2653 812 2681 et
831 2645 911 2680 alius
933 2645 1116 2693 accipiatur,
1138 2643 1216 2679 nulli

1251 246 1410 269 ΒΟΜᾹΝΤΜ

1251 302 1402 348 professo,
1431 300 1494 334 sive
1529 297 1716 333 dormiendo
1737 297 1802 332 sire
1829 296 1998 343 vigilando,

1250 362 1397 397 nmquam
1433 349 1592 383 dimittere
1627 347 1754 387 licebit;
1795 347 1855 382 sub
1891 346 1996 381 babitu

1249 409 1352 435 autem
1377 399 1535 446 praedicto
1565 406 1711 445 poterunt
1728 424 1730 426 v
1746 397 1856 432 fratres
1879 397 2000 431 tunicas

1250 463 1344 484 unani
1373 458 1426 483 aut
1444 449 1562 495 plures,
1585 447 1761 483 secundum
1786 447 1851 482 loca
1871 454 1901 482 et
1925 454 2001 481 tem-

1252 512 1325 547 pora
1345 507 1375 533 ct
1398 499 1524 545 frigidas
1548 499 1710 544 regiones,
1732 496 1909 532 secuudum
1932 495 1999 530 dis-

1251 549 1422 590 cretionem
1456 548 1660 588 correctoris,
1683 547 1737 594 qui
1762 546 1932 594 uuicuique
1954 557 2001 581 se·

1251 598 1389 633 cundum
1417 610 1505 632 suain
1530 598 1749 632 necessitatem
1773 596 1935 643 providere
1952 596 1999 630 lia-

1253 648 1339 692 beat,
1375 656 1521 695 portare;
1557 646 1694 693 desuper
1730 657 1802 680 vero
1835 645 2000 680 clamidem

1253 698 1398 737 babeant,
1421 709 1482 745 qua
1506 706 1608 731 tamen
1639 695 1676 730 ad
1701 695 1935 742 beneplacitum
1960 695 2002 729 uti

1254 756 1411 795 poterunt,
1433 747 1482 782 cui
1518 746 1639 781 cuculla
1665 757 1768 793 parva,
1786 744 1824 779 ad
1847 752 1940 792 caput
1963 752 2003 779 te-

1252 797 1388 844 gendum
1404 804 1474 844 apta
1495 804 1577 831 retro
1598 807 1723 842 semper
1742 793 1918 829 adhaereat.
1935 793 2004 829 Cal-

1253 847 1426 882 ceamentis
1448 847 1513 881 sire
1540 845 1738 881 secularibus
1761 844 1890 891 integris
1925 840 2003 878 nulli

1254 906 1394 932 nostrum
1423 897 1466 930 uti
1489 895 1581 930 liceat
1609 896 1676 930 sine
1703 893 1838 929 evidenti
1864 894 2005 928 necessi-

1255 956 1326 982 tate.
1349 945 1531 993 Calepodiis
1546 953 1650 980 autem
1666 944 1731 979 sive
1745 943 1881 978 zoccolis
1895 943 2006 989 ligneis

1254 1005 1305 1032 aut
1328 997 1420 1031 etiam
1445 994 1638 1031 sotularibus
1667 993 1848 1041 apostolicis
1880 994 1922 1027 uti
1946 1005 2006 1040 po-

1255 1054 1360 1082 terunt
1382 1045 1418 1081 ad
1437 1045 1682 1092 beneplacitum.
1701 1043 1819 1078 Poterit
1832 1042 1926 1078 etiam
1949 1055 2006 1077 su—

1255 1097 1371 1143 perior,
1394 1103 1487 1143 prout
1509 1094 1685 1130 secundum
1699 1092 1803 1128 Deum
1831 1092 1892 1127 sibi
1917 1091 2005 1127 vide—

1256 1147 1349 1187 bitur,
1366 1158 1437 1180 cuin
1460 1144 1607 1180 fratribus
1623 1143 1796 1178 itinerando
1810 1142 2004 1190 dispensare.

1553 1216 1634 1251 Car.
1669 1215 1705 1250 V.

1304 1291 1324 1336 g
1346 1292 1379 1325 9.
1403 1289 1472 1325 Cibi
1507 1289 1617 1331 nostri,
1651 1287 1784 1322 durante
1804 1287 1865 1322 vita
1889 1295 2006 1329 nostra,

1255 1340 1316 1374 sint
1343 1339 1632 1387 quadragesimales
1655 1346 1714 1371 tam
1740 1337 1769 1371 in
1794 1336 1871 1371 locis
1886 1346 1916 1371 et
1934 1349 2008 1372 cou-

1257 1390 1412 1429 ventibus,
1435 1401 1528 1436 quam
1560 1389 1654 1422 etiam
1691 1395 1789 1431 extra,
1822 1399 1878 1421 nec
1913 1386 2007 1422 alicui

1255 1452 1365 1475 carnes
1393 1451 1450 1474 nec
1481 1450 1537 1473 ova
1555 1466 1563 1482 ,
1595 1449 1724 1472 caseum
1753 1444 1805 1470 aut
1841 1436 2008 1477 lacticinia,

1255 1489 1315 1524 alio
1338 1489 1432 1523 inodo
1451 1488 1556 1535 aliquo
1596 1499 1656 1522 seu
1681 1495 1835 1533 tempore,
1871 1485 2009 1534 demptis

1257 1539 1400 1577 infirmis,
1424 1547 1452 1572 et
1473 1538 1531 1572 boc
1553 1537 1591 1572 de
1607 1535 1741 1572 consilio
1763 1535 1890 1580 medici,
1905 1547 2010 1571 come-

1255 1589 1330 1623 dere
1365 1588 1484 1623 lieitum
1517 1588 1575 1627 sit;
1610 1585 1889 1630 contrafacientes,
1915 1585 2008 1621 simul

1256 1639 1491 1673 consentientes
1512 1646 1541 1673 et
1565 1649 1625 1672 uon
1657 1635 1832 1671 revelantes
1865 1647 1920 1682 per
1947 1643 2010 1670 tres

1257 1700 1382 1723 menses
1400 1688 1580 1723 carceribus
1602 1686 1835 1732 mancipentur,
1857 1685 2012 1720 ieiunem-

1256 1750 1317 1785 que
1339 1746 1448 1785 quarta
1462 1746 1491 1772 et
1513 1745 1598 1772 sexta
1615 1736 1689 1770 feria
1709 1736 1739 1769 in
1763 1746 1846 1782 pane
1864 1743 1895 1769 et
1916 1747 2009 1782 aqua;

1258 1789 1399 1834 insuper,
1421 1788 1490 1834 ipso
1509 1787 1590 1821 sacto
1607 1784 1838 1832 deprehensus,
1857 1793 2009 1832 perpetuo

1258 1837 1405 1872 inhabilis
1424 1837 1460 1871 ad
1476 1849 1570 1872 omne
1584 1835 1720 1870 ollicium
1736 1835 1860 1876 existat,
1879 1835 1938 1869 nisi
1955 1847 2011 1882 per

1257 1887 1432 1934 capitulum
1454 1885 1613 1933 generale,
1626 1885 1695 1919 eius
1717 1883 1916 1919 considerata
1931 1896 2011 1932 qua-

1258 1937 1355 1981 litate,
1378 1935 1603 1971 rehabilitetur.
1633 1933 1798 1970 Fratribus
1831 1942 1935 1969 autem
1959 1934 2010 1968 iu-

1258 1986 1357 2021 firmis
1379 1985 1473 2021 modo
1501 1984 1702 2033 provideatur
1724 1983 1939 2032 infrascripto,
1961 1984 2011 2018 vi-

1258 2041 1382 2077 delicet:
1406 2040 1627 2087 cumprimum
1651 2037 1813 2086 coeperint
1835 2046 2010 2085 aegrotare,

1257 2104 1452 2131 correctores
1467 2095 1621 2139 locorum,
1638 2093 1676 2129 ad
1691 2106 1773 2142 quos
1795 2101 1917 2129 tantum
1934 2106 2011 2142 spe-

1257 2159 1331 2194 ctat,
1354 2149 1467 2184 vadant
1488 2149 1526 2184 ad
1551 2149 1632 2193 illos,
1655 2161 1735 2196 quos
1768 2148 1962 2196 interrogent
1983 2149 2009 2183 si

1259 2205 1412 2239 voluerint
1448 2203 1645 2251 corporalem
1684 2202 1863 2247 medicum,
1889 2203 1955 2250 qui,
1983 2203 2009 2238 si

1259 2260 1401 2307 requisiti
1425 2259 1656 2303 consenserint,
1679 2258 1725 2292 vel
1748 2258 1772 2292 si
1799 2257 1934 2292 viderint
1955 2270 2010 2293 eos

1259 2315 1298 2349 ita
1327 2322 1501 2361 aegrotare,
1524 2312 1609 2360 quod
1633 2324 1688 2360 pro
1717 2311 1933 2360 recuperanda
1956 2325 2010 2348 sa-

1259 2370 1355 2405 nitate
1371 2383 1451 2417 opns
1464 2370 1503 2404 sit
1523 2369 1567 2403 eis
1582 2368 1706 2403 medico
1721 2368 1891 2415 corporali,
1914 2367 2008 2403 etiam

1259 2423 1319 2459 illis
1342 2438 1403 2459 non
1442 2422 1724 2464 consentientibus,
1747 2422 1840 2457 dictis
1871 2421 2010 2467 casibus,

1259 2488 1416 2514 corrector
1439 2479 1499 2513 illis
1514 2477 1670 2513 medicum
1687 2477 1862 2512 secundum
1885 2476 1944 2512 loci
1969 2476 2010 2512 fa-

1258 2535 1404 2569 cultatem
1427 2533 1573 2577 adducat,
1595 2540 1626 2567 et
1647 2532 1821 2567 secundum
1841 2531 1910 2566 eius
1939 2543 2009 2567 eon-

1259 2588 1337 2629 silia,
1362 2589 1391 2622 in
1425 2587 1518 2623 domo
1553 2594 1656 2621 tamen
1691 2594 1872 2632 segregata,
1900 2593 1931 2621 et
1952 2597 2008 2633 pro

1262 2643 1393 2677 inlirmis
1417 2642 1594 2691 specialiter
1620 2641 1780 2690 deputata,
1816 2640 1905 2675 faciat
1941 2640 2010 2675 illos

2014 245 2063 270 Ari.
2078 244 2107 269 C.
2130 243 2197 270 Μιθῦ

2034 1305 2097 1327 Cibis,
2113 1303 2205 1324 infirmo·

2022 1341 2065 1356 rum
2081 1340 2143 1355 cura.
