2281 3251
233 264 286 291 Αιι.
303 263 331 290 C.
348 262 416 291 tttttt

482 252 551 286 636

432 317 566 372 singulis
592 316 642 350 bic
665 315 819 350 contentis
836 314 929 349 simul
959 313 1004 347 vel
1028 326 1182 356 scorsum,

432 368 524 401 etiam
553 378 649 411 suptr
675 377 782 398 eorum
812 363 963 410 quolibet;
992 375 1114 396 necnon
1140 372 1181 396 tot

432 427 459 450 et
476 418 562 451 talos,
575 423 650 460 quot
670 422 698 447 tt
716 413 835 459 qti;·ilts.
852 421 879 445 et
905 421 994 458 prout
1012 413 1183 458 scriptores

433 466 502 519 ipsi,
525 464 659 509 eoquod
683 463 852 507 scriptores
874 474 939 495 exis
927 470 1023 494 5.Ιιιιιι
1049 471 1180 506 possunt

431 523 459 548 et
488 527 517 547 ιιι
542 514 677 546 futurum
704 519 849 558 poterunt
871 510 1107 556 tptnntotlolilnt
1127 524 1182 544 ex-

432 563 556 610 peditste
584 574 619 595 ac
649 574 703 607 pro
731 574 776 594 ets
802 561 913 594 conlici
946 560 1046 593 lat-eie
1077 561 1181 594 litttas

430 611 628 658 apostolicas,
647 623 719 644 cum
737 610 889 644 omnibus
904 618 931 643 et
947 609 1016 649 sin‘
1009 610 1082 643 ulis
1098 610 1181 643 raliu-

429 661 508 695 sulis
528 669 558 694 et
586 660 653 694 alii
678 660 767 693 ineis
790 659 948 693 contentis
970 658 1009 692 de
1033 658 1178 693 venibaad

431 710 572 753 verbum,
594 710 750 754 scriptoris
773 709 802 742 in
825 709 1107 752 abbreviatoris,ac
1123 722 1181 742 no-

429 761 512 794 mine
535 768 563 793 ct
582 759 772 804 cognomine
796 758 965 797 dictorum,
989 766 1018 792 et
1045 758 1179 804 ‹pialita2

429 809 511 843 tibus
539 820 756 854 personarum,
779 820 860 854 quae
880 808 1027 841 mutanda
1053 808 1180 846 suerint,

427 859 588 892 dumtaxat
612 859 753 896 mutatis,
778 857 926 903 expedire
953 865 982 891 et
1005 858 1117 891 conliei
1135 857 1180 891 sa-

426 919 496 942 cere
514 907 609 941 libere
629 915 659 941 et
687 907 770 941 licite
787 907 906 953 possint
923 915 951 940 et
967 906 1083 941 valeant
1102 920 1179 941 con-

426 957 579 991 cedimus.
602 957 648 991 Ac
665 956 814 991 omnibus
835 964 865 990 et
887 956 1031 1001 singulis,
1047 957 1082 991 ad
1100 970 1180 1003 quos

426 1008 586 1041 literarum
610 1007 851 1052 apostolicarum
867 1006 1028 1052 expeditio
1043 1019 1178 1053 quomo-

425 1056 544 1090 dolibet
567 1065 683 1103 spectat
701 1066 730 1090 et
746 1064 888 1102 sptctare
913 1056 1037 1101 poterit,
1051 1065 1084 1090 ut
1099 1056 1177 1093 illas,

425 1106 569 1152 quotiens
585 1106 722 1152 ilesuptt
745 1118 806 1160 per
821 1105 956 1152 aliquem
973 1118 1008 1138 ex
1031 1106 1107 1152 ipsis
1121 1106 1178 1140 ab·

426 1154 653 1190 Ιιιειιιιιοιιιιιιε
667 1155 808 1202 requisiti
821 1154 945 1193 suerint
955 1154 1075 1202 absque
1092 1167 1177 1190 mora

424 1213 475 1239 aut
496 1205 698 1240 excusatione
719 1204 837 1251 aliqua,
867 1204 1003 1238 totaliter
1029 1205 1176 1252 expedire

425 1253 558 1288 debeant
573 1262 601 1287 et
616 1253 782 1301 expediant
799 1253 858 1288 sub
872 1254 1177 1300 dietispoenisman

423 1304 544 1338 damus.
553 1303 684 1338 Necnon
696 1303 827 1338 utetiani
843 1303 1030 1338 omnibuset
1043 1304 1178 1351 sinoulis

423 1352 607 1400 privilegiis,
635 1352 907 1397 immunitatibus,
942 1355 1176 1400 praerogativis,

422 1402 689 1448 exemptionibus,
701 1403 941 1449 exceptionibus
952 1430 960 1443 ,
974 1403 1116 1443 indultis,
1130 1403 1176 1438 fa-

424 1452 584 1486 voribusct
597 1453 704 1498 gratiis
715 1453 825 1499 quovis
837 1453 930 1487 modo
941 1462 1176 1499 nuncupentur,

421 1500 538 1548 quibus
558 1501 632 1536 dicti
645 1502 825 1548 scriptores,
845 1514 882 1536 eo
898 1502 982 1549 quod
1005 1503 1177 1549 scriptores

424 1551 574 1590 existunt,
597 1550 835 1598 quomodolibet
853 1560 996 1592 utuntur,
1012 1553 1177 1598 potiuntur

421 1608 451 1634 et
473 1600 625 1645 gaudent,
647 1612 683 1635 ac
712 1601 766 1639 uti,
791 1601 882 1647 potiri
906 1610 937 1635 et
963 1602 1100 1647 gaudere
1117 1615 1175 1649 po-

423 1658 526 1684 terunt
541 1650 781 1696 quomodolibet
798 1651 827 1684 in
848 1650 1002 1691 futurum,
1018 1652 1104 1698 ipsos
1119 1653 1175 1686 ab·

422 1699 614 1734 breviator-es
627 1707 774 1734 eteorum
788 1700 930 1746 singulos
953 1701 1175 1747 parisormiter,

422 1760 534 1794 aeque,
560 1749 772 1795 principaliter
788 1759 816 1784 ct
831 1750 953 1796 absque
977 1751 1035 1785 ulla
1052 1752 1176 1797 penitus

418 1798 608 1841 differentia,
625 1797 804 1833 diversitate
821 1809 874 1834 aut
889 1800 1026 1839 fictione,
1044 1801 1101 1840 uti,
1119 1814 1176 1847 po-

420 1847 468 1882 tiri
501 1855 532 1881 et
565 1847 704 1893 gaudere
738 1848 816 1891 (sine
849 1857 951 1883 tamen
987 1850 1173 1885 eorumdem

419 1897 608 1943 scriptorum
625 1897 842 1944 praeiudicio),
857 1898 959 1945 quoad
976 1898 1044 1933 illos
1061 1899 1100 1934 de
1115 1901 1176 1934 mi-

419 1947 504 1986 nori,
535 1947 638 1992 quoad
667 1947 745 1982 alios
773 1960 845 1982 vero
873 1947 911 1981 de
943 1948 1052 1982 maiori
1082 1962 1174 1995 parco

418 1995 662 2040 abbreviatores,
680 2009 741 2031 non
759 1997 865 2031 minus
892 1997 949 2041 eis,
972 2010 1066 2044 quam
1084 1998 1175 2034 (lictis

418 2045 640 2092 scriptoribus,
657 2059 711 2093 per
726 2055 907 2093 praesentes
928 2055 959 2081 et
981 2047 1056 2082 alias
1079 2061 1175 2095 quas-

418 2111 554 2146 cumque
570 2098 673 2134 literas
689 2108 822 2144 nostras,
835 2100 1172 2147 quoadautelationum

419 2154 661 2200 praerogativas,
685 2166 870 2189 concessum
895 2154 1005 2198 fuisse,
1029 2163 1172 2190 autcon-

418 2207 530 2241 cedere
558 2207 709 2248 noluisse,
729 2208 776 2242 vel
791 2207 979 2249 eoncedere3
1002 2209 1055 2244 sed
1081 2210 1173 2256 priri-

418 2259 497 2305 legia
524 2268 554 2295 et
590 2262 814 2296 antelationum
849 2263 1083 2310 praerogativas
1117 2276 1173 2311 per

418 2311 511 2348 Rom.
536 2313 628 2349 Pont.
659 2316 920 2361 praedecessores
943 2324 1080 2362 nostros,
1111 2326 1170 2352 tarn

418 2366 689 2404 abbreviatorilnis
703 2370 742 2405 de
752 2371 862 2405 maiori
882 2382 1078 2417 parcoquam
1094 2373 1173 2406 scri-

419 2420 561 2465 ptoribus
590 2422 792 2464 huiusmodi,
822 2436 998 2471 eorumque
1030 2424 1172 2471 collegiis

419 2475 569 2509 bactenns
598 2478 778 2521 concessis,
806 2478 850 2512 eis
878 2477 954 2513 liinc
987 2478 1059 2513 inde
1087 2478 1170 2514 salva

419 2528 496 2572 sore,
519 2529 654 2577 illasque
682 2543 737 2577 per
759 2531 885 2566 easdem
909 2531 1051 2578 singulas
1066 2533 1171 2568 literas

418 2590 558 2624 nostras,
580 2585 687 2631 eisque
711 2586 840 2619 minime
868 2586 1053 2632 derogatum
1074 2587 1171 2621 fuisse

418 2642 470 2669 aut
497 2647 565 2672 esse
592 2637 792 2674 decernimus
823 2648 851 2674 ct
881 2639 1089 2676 declaramus.
1126 2642 1171 2676 Ac

1027 260 1064 281 ΒΙ.
1069 260 1106 281 Ι.1
1110 258 1214 280 ᾸΙΠΓῚΙ
1245 256 1404 278 ROMANCM

1227 310 1418 356 ubicumque
1440 309 1610 356 scriptores
1633 310 1716 356 Ipsos
1739 307 1982 356 quomodolibet

1225 361 1327 405 excipi
1343 360 1622 405 contigerit,etiam
1633 360 1734 395 dictos
1748 358 1981 394 abbreviatores

1225 417 1428 454 ‹xveptnatns
1449 420 1529 443 esse.
1552 408 1682 443 Necnon
1705 408 1890 443 eorumdem
1923 408 1981 443 ab·

1226 458 1449 496 breviaturum,
1467 458 1584 504 quibus
1601 459 1654 505 qui
1667 459 1859 505 praemissis,
1875 457 1980 504 quoad

1224 507 1453 541 assecutionem
1485 507 1712 542 beneficiorum
1745 508 1981 542 eeclesiastico·

1225 570 1305 599 rum.v
1323 557 1350 590 in
1370 558 1505 604 propriis
1522 558 1665 604 personis
1688 558 1828 603 gaudere
1844 569 1904 591 non
1922 569 1981 603 po—

1225 616 1327 640 terunt
1355 619 1409 640 seu
1437 607 1595 641 noluerint
1617 607 1732 653 singuli
1757 606 1796 641 ad
1826 606 1980 653 singulas,

1223 668 1278 690 seu
1310 669 1406 689 unum
1430 656 1467 690 ad
1491 656 1570 691 (luas
1592 656 1639 691 vel
1667 668 1778 691 omnes
1800 664 1862 691 tres
1889 656 1980 691 colla-

1225 706 1326 740 tiones·
1341 705 1517 752 praedictas
1529 706 1732 740 ecclesiarum
1750 706 1796 740 vel
1810 706 1980 747 dictorum,

1223 768 1316 801 quein
1334 755 1379 789 vel
1395 767 1474 802 quos
1489 756 1669 796 maluerint,
1685 755 1753 790 loco
1768 755 1816 790 sui
1834 756 1981 790 nomina-

1224 817 1267 846 re;
1281 814 1310 839 et
1329 806 1375 839 sic
1389 805 1568 840 nominatos
1589 818 1645 852 pro
1661 813 1816 852 tempore,
1831 805 1980 839 omnibus

1222 864 1251 888 et
1274 855 1410 899 singulis
1436 855 1663 890 antelatinnttm
1697 854 1922 902 praerogativis
1949 863 1979 889 et

1223 905 1344 950 gratiis,
1360 904 1476 951 quibus
1492 905 1521 938 ιιι
1537 905 1737 939 assecutione
1751 904 1977 939 beneficiorum

1225 954 1424 998 huiusmodi,
1455 955 1479 989 si
1509 954 1742 989 abbreviatores
1768 962 1838 988 actu
1861 961 1979 997 essent,

1223 1004 1361 1049 gaudere
1387 1013 1526 1050 possent,
1554 1004 1691 1050 gaudere
1715 1004 1745 1038 in
1770 1003 1922 1038 omnibus
1949 1011 1978 1038 et

1223 1054 1391 1100 peromnia
1404 1054 1533 1100 perinde
1550 1066 1585 1088 ac
1596 1054 1621 1088 si
1635 1053 1869 1088 abbreviaturus
1884 1053 1977 1088 etiam

1221 1104 1391 1150 scriptores
1419 1113 1447 1138 et
1474 1104 1625 1138 nominati
1655 1103 1837 1138 buiusmodi
1862 1102 1978 1138 abbre-

1222 1153 1354 1187 viatores
1368 1154 1526 1189 literarum
1540 1153 1783 1201 apostolicarum
1795 1152 1977 1188 huiusmodi

1221 1204 1433 1238 essentialiter
1449 1211 1479 1238 et
1492 1216 1573 1246 vere,
1590 1203 1676 1237 omni
1697 1203 1822 1237 fictione
1844 1210 1978 1244 semota,

1220 1261 1337 1291 essent,
1354 1252 1451 1288 libere
1466 1262 1496 1287 et
1511 1253 1593 1288 licite
1609 1253 1711 1287 valere
1732 1260 1828 1299 atquc
1848 1251 1976 1288 debere.

1268 1306 1283 1345 ἕ
1310 1305 1364 1336 15.
1384 1302 1514 1337 Necnon
1545 1303 1717 1349 praemissa
1745 1302 1850 1336 omnia
1867 1310 1898 1336 et
1911 1302 1977 1337 sin-

1220 1351 1292 1397 gula
1308 1352 1366 1386 vim
1393 1353 1552 1399 praecisae
1574 1351 1775 1398 obligationis
1790 1360 1819 1386 et
1835 1351 1976 1398 stipulati

1221 1409 1402 1436 contractus
1418 1402 1491 1436 ltine
1514 1401 1585 1436 inde
1601 1401 1777 1448 obligatorii
1800 1409 1831 1436 et
1848 1402 1977 1437 omniuo

1223 1451 1449 1491 irrevocabilis,
1469 1451 1550 1486 inter
1573 1464 1630 1486 nos
1652 1459 1683 1485 et
1709 1463 1910 1486 successores
1926 1463 1976 1486 uo-

1219 1509 1302 1535 stros
1324 1509 1352 1534 et
1380 1501 1496 1535 Sedent
1521 1500 1719 1544 huiusmodi,
1747 1513 1783 1535 ac
1809 1500 1977 1536 abbrevia-

1221 1558 1303 1585 tores
1327 1551 1411 1597 ipsos
1434 1551 1500 1584 initi
1526 1558 1555 1585 et
1578 1550 1662 1591 sacti,
1686 1550 1724 1585 ad
1747 1551 1840 1585 cuius
1861 1550 1978 1585 obser-

1220 1600 1368 1640 vantiam,
1397 1613 1455 1635 nos
1477 1612 1744 1648 successoresque
1767 1608 1892 1635 nostros
1914 1600 1978 1635 bu-

1219 1649 1355 1685 iusmodi
1372 1650 1528 1697 obligatos
1543 1658 1695 1685 testamur
1706 1662 1834 1697 semper
1849 1650 1975 1686 babere.

1218 1699 1263 1734 Ac
1275 1700 1337 1734 snb
1353 1700 1448 1735 nullis
1462 1701 1725 1739 revocationibus,
1735 1699 1976 1744 cassationibus‚

1218 1749 1499 1793 aimultationibus,
1516 1749 1796 1796 suspensionibus,
1810 1748 1977 1784 modifica-

1219 1799 1356 1834 tionibus
1382 1808 1436 1834 aut
1459 1799 1711 1844 limitationibus,
1737 1799 1797 1834 sub
1814 1798 1978 1845 quibusvis

1219 1848 1386 1883 verborum
1417 1849 1526 1884 formis
1548 1858 1577 1884 et
1605 1848 1774 1893 clausulis,
1801 1858 1978 1895 quantum-

1218 1910 1355 1946 cumque
1369 1898 1594 1934 ellicacissimis
1612 1908 1641 1933 et
1658 1898 1803 1941 insolitis,
1815 1910 1830 1932 a
1846 1898 1977 1934 nobiset

1217 1948 1459 1983 successoribus
1486 1949 1602 1983 nostris
1629 1957 1659 1983 et
1685 1947 1771 1983 Sede
1789 1947 1974 1982 huiusmodi

1219 2010 1275 2043 pro
1298 2006 1441 2044 tempore
1463 1997 1703 2045 quomodolibet
1724 1997 1891 2042 emanatis,
1915 1997 1973 2032 nisi

1217 2047 1256 2081 de
1283 2047 1469 2083 eorumdem
1498 2047 1751 2083 abbreviatarum
1770 2059 1927 2082 consensu
1944 2055 1976 2081 et

1216 2101 1478 2137 concistorialiter
1494 2101 1596 2137 editae
1613 2102 1740 2144 suerint,
1759 2110 1789 2136 et
1807 2101 1836 2136 in
1853 2103 1900 2136 eis
1915 2113 1974 2136 no-

1219 2155 1301 2190 mina
1324 2164 1354 2190 et
1382 2157 1584 2203 cognomina,
1607 2156 1723 2203 gradus
1743 2164 1773 2192 et
1795 2155 1974 2203 qualitates,

1216 2221 1252 2244 ac
1275 2210 1428 2246 beneficia
1456 2218 1486 2246 et
1508 2210 1609 2246 officia
1632 2210 1778 2246 omnium
1809 2218 1839 2245 et
1864 2210 1972 2256 singu-

1217 2264 1316 2299 lorum
1341 2273 1417 2300 tuuc
1439 2266 1638 2300 existentium
1653 2265 1907 2300 abbreviatorum
1923 2275 1974 2299 ac-

1217 2319 1342 2354 tualiter
1363 2327 1394 2355 et
1410 2319 1642 2355 individualiter
1660 2326 1690 2354 et
1703 2318 1888 2353 nominatim
1908 2318 1971 2353 sint

1215 2374 1343 2419 scripta,
1354 2373 1595 2421 compreliendi3
1611 2385 1667 2408 nec
1678 2373 1896 2408 dissuetudine
1912 2384 1967 2408 seu

1217 2427 1445 2463 inobservantia
1456 2428 1566 2475 quavis
1580 2427 1626 2462 vel
1642 2427 1730 2462 aliter
1744 2426 1875 2471 aboleri,
1892 2426 1970 2471 tolli,

1215 2482 1313 2515 minui
1337 2491 1389 2517 aut
1405 2482 1558 2529 abrogari,
1575 2494 1630 2517 seu
1655 2482 1700 2517 eis
1723 2482 1752 2516 in
1776 2481 1882 2528 aliquo
1910 2480 1968 2516 de·

1215 2535 1314 2579 rogari
1341 2548 1432 2582 posse
1455 2547 1558 2583 neque
1579 2535 1706 2577 debere;
1720 2543 1748 2569 et
1764 2535 1914 2582 quotiens
1929 2546 1964 2569 ea

1215 2590 1351 2624 revocari
1379 2598 1408 2624 et
1437 2589 1612 2634 annullari,
1635 2598 1689 2624 aut
1714 2589 1761 2624 cis
1789 2589 1819 2622 in
1847 2589 1966 2636 aliquo,

1214 2642 1304 2676 etiam
1333 2652 1628 2690 quantumcumque
1652 2643 1796 2689 minimo,
1823 2642 1968 2690 derogari

1995 251 2048 280 Αιι.
2067 253 2098 280 C.
2113 252 2183 280 15ίὸ

2026 1306 2138 1329 etun-utu

1969 1352 1976 1358 ·
1997 1339 2162 1365 praeservatu-

2261 0 2275 71 'l

2266 74 2275 135 t

2266 151 2275 240 l
