2281 3251
520 262 588 295 784
1082 271 1234 293 Breuni!
1262 270 1389 292 nonum

566 328 731 372 generalis.
760 329 829 361 469
852 328 879 360 ὁ.
904 325 993 360 Prior
1015 334 1043 359 et
1067 326 1240 372 capitulum
1270 325 1451 371 dispensam
1479 336 1549 359 cum
1579 324 1736 367 fratribus,
1765 324 1856 358 etiam
1885 337 1921 359 ex
1945 324 2014 359 aliis

569 377 741 412 Ordinibus
761 376 797 410 ad
827 388 899 409 eum
930 375 1098 419 translatis,
1125 387 1221 422 super
1243 375 1336 409 variis
1360 373 1654 419 irregularitatibus,
1677 376 1747 408 470
1769 376 1796 407 b.

468 428 633 462 (jatlmrina
665 426 724 467 113.)
753 426 836 467 virgo
860 426 1012 459 Senensis
1031 424 1204 471 angelicam
1229 425 1256 458 in
1281 425 1370 458 terris
1393 424 1486 457 titani
1502 423 1598 463 ducit,
1622 426 1683 458 161
1711 426 1747 464 b;
1776 424 1924 458 nonnulla
1944 425 2014 459 eius

569 477 727 519 miracula,
757 476 822 508 165
844 488 862 508 α
885 484 914 509 et
941 487 1022 520 seq.,·
1051 474 1171 509 Romae
1199 473 1283 512 obit,
1309 476 1377 508 tot
1417 475 1452 511 b:
1477 474 1506 507 in
1542 472 1675 507 ecclesia
1703 474 1735 508 S.
1774 473 1890 508 Mariae
1918 486 2015 520 supra

574 526 746 560 Minervam
771 524 933 571 sepelitur.
956 533 984 558 et
1008 524 1166 558 miraculis
1188 524 1313 566 emicat,
1336 524 1417 560 ibid:
1444 522 1613 557 coelitibus
1634 522 1871 563 adnumeratur,
1898 525 1966 558 165
1983 536 2014 558 a.

568 575 644 610 Eius
672 576 798 612 festum,
820 575 894 608 ibid.
923 573 1146 620 Indulgentiae
1172 574 1354 619 sepulerum
1380 572 1591 612 visitantibus,
1618 574 1695 606 ibid.

470 626 592 661 Cmsae
621 624 720 659 forum
744 623 994 658 ecclesiasticum
1020 631 1261 667 concernentes,
1291 635 1352 656 non
1377 631 1480 656 antem
1511 621 1662 656 beneficia
1690 621 1880 667 generaliter
1909 634 2020 657 reser-

568 682 648 716 vata,
678 675 706 708 in
738 674 836 721 prima
861 674 1006 708 instantia
1035 686 1139 708 coram
1163 673 1333 707 ordinariis
1359 671 1600 714 cognoscendae
1627 672 1769 715 veniunt,
1792 672 1862 706 619
1891 673 1918 706 b.

470 724 664 766 Caiatcaiae,
686 725 829 770 gentium
853 723 1098 758 coadunationes
1121 722 1252 757 hostiles
1274 732 1302 756 et
1322 723 1435 756 similia
1460 730 1607 756 vetuntur
1623 721 1651 755 in
1667 720 1759 756 Statu
1780 720 2017 762 Ecclesiastico,

569 776 637 809 560
661 776 688 807 b.
716 773 1029 808 Contravenientium
1059 784 1192 820 poenae,
1219 774 1284 806 561
1317 786 1349 807 α.

470 826 594 859 Census
619 823 663 857 vel
692 824 749 858 alia
779 824 845 858 iura
869 836 930 857 nou
954 823 1113 857 solventes
1134 822 1287 858 Gamerae
1309 820 1521 868 Apostolicae,
1550 821 1879 856 excommunicatione
1905 828 1936 856 et
1970 820 2020 856 os-

570 874 711 909 ticiorum
741 874 914 920 privatione
943 873 1134 920 plectuntur,
1158 876 1228 908 549
1257 874 1287 916 b,
1311 874 1380 908 569
1409 873 1425 906 b
1448 879 1477 905 et
1499 884 1559 917 seq.

470 924 568 971 Cepia
593 924 637 958 vel
661 924 758 970 Septa
788 923 964 970 provincia,
989 923 1017 957 in
1046 922 1170 963 Africa,
1191 922 1362 958 Lusitanae
1387 933 1521 956 coronae
1543 921 1685 961 addicta,
1716 924 1779 955 111
1812 923 1839 955 b.

471 974 588 1009 Cereae
614 973 732 1020 figurae
754 975 862 1017 Agnus
891 975 949 1007 Dei'
971 981 1170 1019 nuncupatae
1192 985 1208 1007 a
1245 974 1372 1008 nemine
1396 972 1571 1006 consecrari
1601 979 1732 1018 possunt
1760 971 1819 1005 nisi
1842 983 1858 1004 a
1886 970 2020 1006 Summo

570 1023 737 1067 Pontil'icc,
764 1025 830 1058 199
857 1025 885 1057 b.
916 1022 1035 1057 Harum
1065 1023 1206 1063 virtutes,
1230 1025 1304 1057 i'bi'd.
1329 1022 1452 1057 Poenae
1475 1021 1779 1056 contravenientium
1807 1020 1909 1056 dictae
1945 1032 2018 1068 pro-

571 1073 728 1114 hibitioni,
746 1074 818 1108 200
845 1085 875 1107 a.
899 1072 958 1107 Cui
982 1072 1189 1118 resignandae
1212 1072 1422 1107 contras-actae
1445 1071 1627 1106 huiusmodi
1657 1071 1786 1117 figurae,
1806 1072 1883 1105 ibid.

472 1123 717 1158 Christilidelem
744 1123 772 1157 in
796 1123 980 1157 servitutem
1000 1123 1190 1168 redigentes,
1209 1122 1343 1170 aliisque
1359 1122 1541 1165 vendentes,
1556 1121 1886 1165 excommunicantur,
1903 1121 1972 1154 150
1991 1121 2020 1154 b.

569 1172 738 1219 Captivum
762 1172 969 1207 liberantibus
998 1172 1167 1207 remittitur
1189 1173 1278 1207 tertia
1303 1185 1374 1219 pars
1402 1179 1615 1218 peccatorum,
1645 1173 1708 1205 151
1743 1171 1772 1205 b.

472 1222 599 1257 Christo
623 1222 692 1257 lesu
721 1223 776 1266 (in)
799 1222 880 1257 duae
908 1230 981 1257 sunt
1004 1230 1134 1257 naturae
1151 1250 1159 1262 ‚
1193 1223 1240 1256 46
1268 1235 1297 1256 α.
1322 1222 1408 1257 Duae
1437 1223 1510 1256 item
1547 1222 1721 1255 voluntates
1743 1229 1775 1255 et
1796 1219 1996 1268 operationes
2012 1246 2021 1264 ,

573 1275 616 1306 47
645 1286 675 1306 a.

472 1321 724 1369 Christopliorus
746 1320 935 1357 Columbus.
970 1323 1004 1356 V.
1028 1320 1260 1356 FerdinanduS.

472 1372 737 1408 Circumcisionis
761 1384 835 1406 usus
856 1384 870 1405 a
896 1371 955 1406 fide
982 1371 1151 1406 christiana
1174 1371 1309 1415 alienus,
1331 1374 1376 1405 62
1400 1384 1430 1405 α.

472 1422 697 1458 Cisterciensis
724 1420 855 1456 Ordinis
877 1421 1005 1455 abbates
1034 1421 1116 1455 nulla
1133 1421 1253 1455 ratione
1272 1420 1504 1455 subtrabuntur
1519 1420 1690 1455 auctoritati
1714 1418 1834 1454 abbatis
1852 1417 2021 1465 generalis,

575 1472 770 1506 visitatorum
794 1480 824 1505 et
848 1471 1101 1514 reformatorum,
1130 1472 1176 1504 55
1202 1472 1230 1505 b.
1254 1470 1333 1504 Eius
1363 1470 1507 1504 monaelii
1534 1469 1663 1515 professi
1688 1469 1725 1503 ad
1748 1468 1842 1503 alium
1867 1467 2020 1503 Ordinem

573 1522 706 1556 transire
734 1529 910 1568 nequeunt,
934 1533 996 1555 uno
1017 1520 1207 1555 Cat-tusiano
1229 1527 1374 1567 excepto,
1400 1522 1444 1555 59
1472 1532 1501 1553 α.
1530 1520 1651 1554 Omnes
1677 1519 1860 1554 eximuntur
1890 1530 1906 1552 a
1933 1518 2022 1552 solu-

571 1573 655 1606 tione
678 1571 928 1618 impositionum,
953 1573 1022 1604 524
1045 1572 1062 1605 b
1090 1580 1116 1605 et
1140 1583 1200 1616 seq.
1224 1570 1380 1604 Locorum
1410 1570 1558 1604 ordinarii
1575 1581 1629 1603 eos
1644 1581 1706 1603 non
1732 1568 1885 1612 iudicant,
1903 1567 2022 1614 absque

571 1621 699 1669 speciali
729 1621 888 1665 mandato,
912 1623 981 1655 525
1010 1622 1037 1654 b.
1061 1619 1290 1655 Cistercienses
1315 1620 1342 1653 iu
1368 1619 1538 1666 provinciis
1565 1619 1720 1653 Tbusciae
1751 1626 1781 1652 et
1813 1617 2022 1652 Lombardiae

573 1673 602 1705 in
625 1683 717 1705 unam
733 1671 1024 1717 congregationem,
1043 1673 1078 1705 S.
1104 1671 1261 1704 Bet-nardi
1275 1672 1304 1703 ιἰι
1329 1671 1424 1704 Italia
1449 1668 1706 1716 nuncupandam,
1723 1669 1890 1708 uniuntur,
1907 1670 1976 1702 572
1992 1669 2021 1702 b.

571 1721 690 1756 Eorum
713 1729 840 1764 statuta,
864 1722 935 1755 575
962 1733 982 1754 α
1004 1729 1033 1754 et
1054 1733 1113 1765 seq.
1137 1719 1289 1754 Ordinem
1315 1720 1344 1753 in
1369 1719 1576 1754 electionibus
1594 1718 1814 1766 perturbantes
1836 1729 2022 1752 excommu-

573 1771 727 1809 nicantur,
752 1772 821 1805 755
837 1773 864 1805 b.
880 1770 1063 1805 Electiones
1085 1770 1122 1804 ad
1139 1769 1269 1804 alterius
1286 1769 1539 1816 procurationem
1558 1768 1655 1802 sactae
1672 1768 1777 1802 nullae
1795 1775 1880 1811 sunt,
1901 1769 1969 1801 756
1989 1779 2020 1801 a.

473 1822 583 1857 Clarae
610 1821 667 1865 (S.)
695 1820 826 1855 Ordinis
849 1820 1002 1854 moniales
1024 1820 1204 1854 eximuntur
1227 1819 1266 1853 ab
1282 1819 1367 1853 omni
1392 1818 1609 1853 iurisdictione
1632 1817 1862 1852 ordinariorum
1877 1816 2018 1851 iudicum

571 1880 600 1905 et
627 1870 666 1905 ab
693 1870 841 1905 omuibus
869 1870 1136 1916 impositionibus,
1164 1871 1210 1903 4⁶2
1233 1871 1266 1907 ὸς
1293 1880 1310 1903 a
1334 1868 1481 1903 fratribus
1509 1869 1548 1902 de
1570 1867 1777 1902 Observantia
1794 1867 1857 1913 regi
1875 1866 2020 1913 cupiunt,

572 1923 620 1956 90
647 1923 674 1955 b.
704 1920 773 1954 Hoc
791 1920 852 1955 illis
875 1919 1069 1959 conceditur,
1098 1922 1138 1953 91
1166 1932 1196 1953 α.
1226 1917 1358 1953 vocales
1385 1927 1412 1952 et
1440 1927 1580 1952 totorum
1615 1930 1778 1958 munerus,
1807 1917 1838 1951 iu
1865 1917 2018 1951 electione

572 1971 763 2013 abbatissae,
785 1969 1050 2013 determinantur,
1073 1970 1148 2003 ibid.
1172 1971 1200 2002 b.
1224 1967 1365 2014 Regulae
1389 1968 1579 2002 modificatio
1607 1968 1689 2002 circa
1712 1967 1880 2010 ieiunium,
1896 1965 2019 2001 calcea-

574 2028 690 2065 menta,
712 2019 884 2058 silentium,
915 2027 1078 2066 praecepta
1107 2027 1137 2052 et
1166 2018 1333 2061 ferculum,
1351 2019 1424 2052 ibid.
1443 2027 1469 2052 et
1494 2030 1553 2063 seq.
1576 2016 1705 2052 Ordinis
1719 2017 1817 2064 prima
1837 2015 2020 2051 etsecunda

573 2070 694 2117 Regula
744 2069 931 2116 explicatur,
955 2070 1025 2103 650
1047 2081 1078 2103 α.
1106 2068 1246 2103 Licentia
1276 2067 1465 2102 monialibus
1492 2068 1584 2102 datur
1609 2066 1789 2102 celebrandi
1815 2066 1874 2102 sub
1901 2064 2018 2113 duplici

573 2121 632 2155 ritu
657 2121 770 2155 festum
794 2119 830 2153 B.
854 2119 986 2165 Agnetis
1007 2127 1037 2153 et
1061 2117 1214 2153 Undecim
1243 2118 1376 2151 millium
1406 2117 1572 2163 virginum,
1601 2119 1666 2152 651
1699 2129 1728 2151 α.

475 2171 586 2206 Clerici
611 2170 648 2205 ad
672 2181 777 2205 sacros
799 2169 926 2203 ordines
953 2168 1084 2216 promoti
1108 2177 1191 2203 extra
1216 2177 1356 2214 tempora
1388 2176 1439 2201 aut
1479 2167 1649 2214 legitimam
1678 2174 1834 2210 aetatem,
1871 2174 1924 2201 ant
1952 2166 2020 2201 sine

574 2220 677 2255 debita
706 2219 943 2266 dispensatione
961 2246 968 2259 ,
1008 2218 1047 2252 ab
1069 2217 1235 2252 ordinibus
1256 2217 1401 2264 suspensi
1426 2217 1644 2261 declarantur,
1674 2220 1742 2251 165
1770 2218 1800 2250 b.

474 2270 588 2305 Clerici
611 2270 762 2304 Gamerae
786 2268 996 2315 Apostolicae.
1030 2269 1060 2301 t'.
1085 2267 1235 2302 Gamerae
1258 2266 1368 2314 Apost.
1392 2274 1445 2301 etc.
1474 2275 1500 2301 ec
1524 2267 1686 2301 Romanae
1707 2266 1821 2301 Curiae
1843 2265 1953 2300 officia.

475 2321 671 2355 (Heriem-um
694 2319 957 2354 incontinentium
985 2330 1115 2365 poenae,
1143 2319 1208 2352 611
1237 2318 1265 2350 b.

475 2370 587 2405 Clarus
610 2369 740 2404 Galliae.
769 2369 805 2402 V.
829 2368 948 2403 Galliae
975 2369 1089 2403 clerus.

476 2420 589 2455 Clarus
613 2419 699 2453 urbis
721 2419 854 2453 Romae.
884 2419 918 2452 V.
947 2416 1206 2452 Constitutiones.

477 2470 586 2505 Colleo
609 2468 874 2503 Bartholomaeus
897 2468 990 2503 italici
1015 2469 1046 2502 in
1067 2467 1187 2502 Turcas
1210 2465 1366 2501 exercitus
1387 2465 1465 2511 dux,
1494 2468 1562 2500 192
1586 2467 1614 2499 b.

477 2518 693 2555 Commendae
716 2517 936 2553 cardinalium.
968 2519 1001 2552 V.
1027 2516 1223 2552 Cardinales.

477 2568 757 2604 Commendatarii.
792 2569 825 2602 V.
855 2568 1094 2616 Eleemosynae.

478 2619 695 2654 Commissarii
723 2618 921 2653 destinantur
959 2617 996 2652 ad
1038 2615 1264 2664 inquirendum
1293 2615 1331 2649 (le
1368 2616 1424 2650 rita
1461 2624 1489 2648 et
1525 2614 1667 2650 moribus
1703 2613 1881 2648 officialium
1916 2612 2023 2648 Status

577 2668 800 2709 Ecclesiastiei‚
825 2668 853 2702 in
879 2667 1048 2715 provinciis
1071 2666 1171 2702 officia
1194 2666 1423 2705 exercentium,
1447 2666 1519 2700 ⁴260
1546 2677 1576 2699 a.
