2281 3251
263 242 314 270 An.
331 241 361 268 C.
380 242 446 269 ¹316

509 227 579 262 668

461 294 552 330 etiam
577 290 812 338 metropolitana
828 287 970 326 ecclesia,
985 286 1204 321 canonicatum

461 352 490 378 et
511 341 718 389 praebendam
745 337 949 384 theologalcin
975 335 1050 370 inibi
1073 335 1207 369 existen-

461 402 521 427 tem
559 390 699 426 conferre
727 395 867 422 teneatur
895 386 947 420 uni
972 385 1122 432 magistro
1150 396 1205 418 seu

462 442 619 476 licentiato
634 448 684 473 aut
708 437 908 471 baccalaurco
923 435 1054 469 formato
1071 435 1100 467 iu
1118 432 1207 467 theo-

461 491 538 537 logia
556 518 563 527 ,
585 490 636 535 qui
662 499 715 534 per
741 486 929 521 decennium
954 485 982 518 in
1007 483 1207 518 universitate

460 540 562 575 Studii
590 537 743 585 generalis
767 535 958 583 privilegiata
981 533 1147 575 studuerit,
1171 544 1206 567 ac

460 601 539 624 onus
574 587 763 623 residentiae
781 613 789 625 ,
817 585 951 620 lecturae
978 591 1008 618 et
1040 582 1208 617 dicationis

459 647 528 673 actu
556 637 663 673 subire
686 635 836 678 voluerit,
857 634 977 681 quique
1001 633 1047 667 his
1074 640 1127 667 aut
1154 643 1207 666 se—

460 688 518 722 mel
547 687 584 722 ad
608 687 712 720 minus
740 697 794 732 per
816 683 954 731 singulas
981 681 1207 721 hebdomadas,

461 737 686 783 impedimento
721 742 862 770 cessante
900 733 1064 780 legitimo,
1104 731 1208 777 legere

460 787 594 827 debeat;
621 794 651 821 et
685 785 808 832 quoties
835 784 936 830 ipsum
966 783 995 816 iu
1025 781 1206 816 huiusmodi

460 837 574 871 lectura
603 834 738 870 deficere
765 833 929 879 contigerit
946 860 953 872 ,
981 831 1020 867 ad
1043 831 1207 866 arbitrium

460 886 600 933 capituli,
617 898 671 932 per
685 883 931 919 subtractionem
948 881 1206 917 distributionum

460 937 556 971 totius
591 934 807 970 hebdomadae
843 932 947 980 puniri
985 932 1101 979 possit;
1129 941 1159 966 et
1181 931 1207 966 si

461 985 661 1021 residentiam
680 983 868 1025 deseruerit,
891 981 929 1017 de
953 982 1012 1016 illis
1031 981 1118 1016 alteri
1133 993 1207 1028 pro-

462 1035 554 1070 videri
579 1034 702 1075 debeat;
725 1042 766 1072 et,
787 1032 958 1067 utliberius
980 1031 1084 1066 studio
1099 1043 1208 1067 vacare

463 1086 581 1131 possit,
603 1085 693 1120 etiam
716 1084 741 1118 si
764 1083 878 1118 absens
906 1082 1000 1117 suerit
1033 1094 1047 1116 a
1076 1081 1207 1121 divinis,

462 1135 612 1170 habeatur
639 1146 694 1180 pro
718 1141 902 1181 praesente,
925 1133 965 1166 ita
988 1139 1021 1166 ut
1043 1131 1121 1165 nihil
1142 1143 1209 1179 per-

461 1185 524 1220 dat.
564 1184 758 1231 praefatique
785 1182 933 1218 ordinarii
960 1180 1125 1216 collatores
1151 1193 1208 1216 seu

463 1235 583 1282 patroni
608 1233 830 1276 ecclesiastici,
853 1232 1046 1279 quicumque
1073 1230 1207 1273 fuerint,

463 1285 540 1318 ultra
580 1283 692 1318 dictam
729 1281 939 1330 praebendam
976 1280 1183 1327 theologalem
1201 1309 1208 1321 ,

463 1346 574 1381 quam,
598 1341 630 1367 ut
657 1333 842 1380 praefertur,
865 1330 1044 1378 qualificato
1066 1330 1209 1365 conferre

464 1391 620 1427 tenentur,
647 1383 767 1417 tertiam
796 1389 914 1429 partem
937 1381 1079 1415 omnium
1107 1380 1210 1427 digni-

464 1441 574 1477 tatum,
599 1440 836 1480 personatuum,
858 1430 1165 1465 administrationum
1180 1439 1210 1465 et

463 1482 637 1517 officiorum
650 1490 906 1528 caeterorumque
920 1480 1146 1515 beneficiorum
1163 1492 1211 1515 ee-

464 1531 765 1575 clesiasticorum,ad
784 1543 892 1566 eorum
909 1530 1124 1574 collationem,
1141 1543 1210 1578 pro-

464 1593 629 1627 visionem,
646 1582 905 1623 nominationem,
925 1581 1208 1628 praesentationem

464 1644 519 1667 seu
541 1631 684 1679 quamvis
706 1631 796 1666 aliam
820 1630 1058 1677 dispositionem
1082 1642 1212 1678 quomo-

464 1680 581 1716 dolibet
607 1681 839 1728 spectantium,
866 1680 941 1714 viris
967 1680 1115 1724 literatis,
1137 1692 1210 1728 gra-

465 1731 567 1766 duatis
589 1739 618 1764 et
642 1743 696 1777 per
718 1730 938 1765 universitates
961 1730 1131 1765 nominatis
1151 1731 1211 1765 hoc

465 1780 570 1824 modo,
587 1779 857 1827 videlicet,primo
885 1791 994 1814 mense
1020 1788 1091 1827 post
1120 1792 1211 1827 prae-

465 1831 599 1865 sentium
623 1830 867 1877 acceptationem
890 1837 921 1863 et
946 1829 1126 1863 earumdem
1151 1842 1211 1877 pu-

466 1879 677 1919 blicationem,
701 1878 828 1926 praefati
860 1878 1010 1914 ordinarii
1046 1878 1211 1914 collatores

465 1929 645 1975 dignitates,
664 1937 859 1976 personatus,
874 1927 1163 1963 administrationes
1182 1938 1211 1964 et

465 1979 563 2013 officia
577 1978 614 2013 ad
627 1991 736 2013 eorum
753 1978 965 2019 collationem,
990 1979 1210 2025 provisionem,

466 2028 722 2068 nominationem,
736 2028 1019 2076 praesentationem
1038 2041 1091 2063 scu
1105 2041 1213 2075 quam-

465 2083 511 2117 vis
546 2081 638 2117 aliam
673 2082 941 2130 dispositionem,
971 2090 1002 2116 ut
1025 2082 1211 2130 praefertur,

465 2137 649 2185 spectantia,
665 2137 825 2184 graduatis
847 2136 1048 2178 huiusmodi,
1071 2137 1123 2184 qui
1141 2137 1213 2173 lite-

466 2202 515 2225 ras
537 2203 665 2226 suorum
688 2191 844 2238 graduum
865 2203 935 2226 cum
956 2199 1097 2239 tempore
1118 2193 1211 2227 studii

466 2243 570 2279 debite
602 2245 842 2290 insinuaverint,
864 2245 1008 2281 conferre
1036 2253 1211 2281 teneantur.

466 2298 623 2333 Beneficia
648 2311 738 2339 vcro,
761 2312 840 2348 quae
871 2301 899 2335 in
925 2300 1051 2335 duobus
1074 2312 1213 2347 sequen-

468 2352 549 2387 tibus
575 2353 737 2389 mensibus
774 2367 881 2390 vacare
918 2354 1103 2401 contigerit,
1142 2355 1214 2400 illa,

468 2406 551 2442 iuxta
577 2407 651 2442 iuris
679 2410 856 2444 eommunis
871 2409 1126 2457 dispositionem,
1143 2421 1216 2456 per-

467 2461 552 2496 sonis
570 2461 690 2497 idoneis
714 2462 810 2498 libere
826 2463 979 2505 conferre,
994 2475 1048 2498 seu
1064 2475 1215 2510 personas

468 2515 596 2550 idoneas
621 2515 658 2550 ad
687 2515 736 2551 illa
771 2525 968 2563 praesentare
991 2518 1123 2565 possint.
1152 2516 1213 2552 Be-

469 2568 576 2604 neficia
604 2577 722 2611 autem,
744 2581 823 2617 quae
845 2570 874 2604 in
894 2579 1005 2618 quarto
1033 2582 1141 2606 mense
1157 2582 1215 2605 va—

469 2634 539 2658 care
560 2623 745 2670 contigerit,
772 2624 844 2658 viris
866 2625 1026 2671 graduatis
1054 2637 1110 2674 per
1142 2625 1215 2660 uni-

1052 229 1239 254 summm
1264 228 1428 251 Roqutffl

1250 285 1424 319 versitatem
1449 281 1639 325 nominatis,
1662 280 1714 328 qni
1743 279 1860 328 gradus
1881 287 1912 315 et
1939 291 1998 315 no-

1249 333 1431 368 minationis
1454 332 1558 367 literas
1580 343 1651 366 cum
1675 339 1816 378 tempore
1838 329 1933 365 studii
1948 329 1999 365 de-

1249 383 1310 417 bite
1334 381 1574 421 insinuaverint,
1597 380 1741 416 conferre
1768 392 1824 415 seu
1850 392 1999 427 praesen-

1250 441 1313 467 tare
1327 440 1504 466 teneantur.
1522 430 1682 466 Beneficia
1698 441 1873 477 vero,qnae
1888 430 1999 477 quinto

1250 494 1358 516 mense
1390 490 1420 516 et
1446 490 1533 516 sexto
1561 492 1669 515 vacare
1696 480 1882 526 contigerit,
1903 479 1998 513 simili

1249 531 1343 566 modo
1363 531 1508 578 personis
1530 530 1653 566 idoneis
1671 529 1769 565 libere
1784 528 1928 565 conferre
1943 541 1998 563 seu

1251 593 1400 628 personas
1426 580 1463 616 ad
1488 580 1538 615 illa
1563 588 1760 628 praesentare
1783 579 1914 627 possint.
1937 578 2001 613 Be-

1250 631 1359 665 neficia
1377 640 1497 675 autem,
1511 642 1592 677 quae
1611 630 1746 677 septimo
1766 641 1874 664 mense
1893 639 2001 663 vacare

1250 681 1428 727 contigerit,
1456 680 1628 728 graduatis,
1650 679 1704 726 qui
1727 679 1822 714 simili
1851 678 1944 713 modo
1969 678 2004 712 li-

1250 739 1332 765 teras
1353 730 1470 777 gradus
1499 742 1572 765 cum
1603 737 1743 776 tempore
1770 727 1868 764 studii
1896 727 2003 763 debite

1251 781 1498 825 insinuaverint,
1520 779 1663 815 conferre
1691 787 1865 814 teneantur.
1893 777 2003 812 Beue-

1250 830 1316 865 ficia
1340 842 1426 873 vero,
1449 842 1530 877 quae
1549 839 1658 864 octavo
1681 837 1711 863 et
1735 841 1818 863 nono
1839 827 2002 863 mensibus

1252 892 1359 915 vacare
1381 880 1559 927 contigerit,
1577 880 1639 927 pari
1659 878 1753 914 modo
1776 878 1919 925 personis
1934 877 2003 912 ido-

1250 931 1320 966 neis
1338 930 1482 965 conferre
1504 942 1561 965 seu
1586 941 1739 976 personas
1758 928 1887 963 idoneas
1900 927 1936 962 ad
1953 927 2002 963 illa

1251 989 1451 1028 praesentare
1478 988 1655 1015 teneantur.
1690 978 1851 1014 Beneficia
1879 986 2003 1022 antem,

1250 1043 1330 1078 quae
1345 1042 1453 1065 mense
1470 1030 1594 1065 decimo
1614 1041 1721 1063 vacare
1744 1028 1922 1075 contigerit,
1938 1040 2004 1074 gra-

1250 1082 1356 1116 duatis
1384 1080 1568 1124 nominatis,
1589 1080 1643 1126 qui
1666 1078 1784 1125 gradus
1808 1078 2003 1113 nominatio-

1251 1132 1299 1166 nis
1321 1132 1424 1166 literas
1452 1142 1523 1165 cum
1547 1138 1689 1176 tempore
1711 1128 1805 1163 studii
1833 1127 1938 1162 debite
1962 1127 2004 1162 in-

1250 1181 1459 1221 sinuaverint,
1488 1191 1543 1227 per
1569 1179 1698 1214 eosdem
1727 1178 1904 1213 ordinarios
1925 1189 2004 1212 con-

1251 1230 1403 1272 ferri,seu
1429 1230 1487 1277 ipsi
1507 1229 1545 1264 ad
1570 1229 1620 1264 illa
1642 1227 1834 1276 praesentari
1858 1227 2002 1262 debeant.

1250 1280 1410 1315 Beneficia
1433 1288 1550 1324 autem,
1577 1291 1656 1326 quae
1683 1278 1854 1312 undecimo
1876 1285 1906 1312 et
1928 1276 2005 1312 duo-

1251 1330 1374 1365 decimo
1403 1329 1568 1365 mensibus
1591 1340 1699 1363 vacare
1733 1327 1920 1374 eontigerit,
1948 1338 2004 1374 per

1251 1379 1379 1415 eosdem
1404 1379 1582 1414 ordinarios
1605 1378 1748 1425 personis
1771 1377 1904 1416 idoneis,
1919 1377 2002 1411 iuxta

1251 1430 1329 1465 iuris
1359 1429 1539 1465 communis
1573 1427 1827 1475 dispositionem,
1855 1426 2002 1471 conferri,

1251 1492 1306 1515 seu
1331 1480 1390 1526 ipsi
1419 1479 1456 1514 ad
1492 1478 1542 1513 illa
1572 1477 1763 1525 praesentari
1791 1476 1938 1512 debeant.
1965 1475 2000 1511 Si

1252 1531 1324 1578 quis
1351 1541 1436 1570 vero,
1459 1530 1692 1575 cuiuscumque
1714 1535 1830 1567 status,
1853 1527 1946 1562 etiam
1974 1527 2000 1561 si

1252 1579 1473 1624 cardinalatus⁷
1496 1578 1722 1626 patriarchalis,
1748 1577 2002 1624 archiepiscopa-

1253 1631 1290 1666 lis
1316 1639 1368 1665 aut
1390 1629 1578 1677 pontificalis
1605 1628 1651 1662 vel
1678 1627 1810 1662 alterius
1833 1625 2003 1662 cuiuslibet

1252 1680 1429 1728 diguitatis,
1451 1687 1558 1714 contra
1583 1677 1779 1726 praedictum
1808 1676 1952 1712 ordinem
1972 1683 2004 1711 et.

1252 1730 1504 1778 qualificationes
1530 1729 1678 1775 superius
1704 1727 1874 1767 ordinatas,
1897 1726 1936 1761 de
1955 1725 2004 1760 di-

1252 1779 1440 1827 gnitatibus,
1469 1777 1696 1826 personatibus,
1720 1776 2005 1812 administrationi-

1254 1831 1313 1865 bus
1341 1830 1388 1865 vel
1412 1829 1522 1864 officiis
1558 1840 1613 1862 seu
1647 1827 1811 1874 quibusvis
1845 1826 1914 1861 aliis
1948 1825 2004 1861 be-

1254 1880 1375 1916 neficiis
1421 1877 1645 1914 ecclesiasticis
1690 1875 1873 1912 huiusmodi
1915 1875 2005 1910 aliter

1253 1942 1346 1977 quam
1390 1928 1485 1964 modo
1519 1928 1690 1975 praemisso
1721 1925 2005 1973 disposuerit,dis-

1255 1980 1429 2028 positiones
1457 1979 1543 2025 ipsae
1577 1978 1640 2012 sint
1673 1977 1740 2023 ipso
1775 1978 1842 2011 iure
1878 1975 2005 2019 nullae,

1254 2029 1500 2076 collationesque
1527 2036 1557 2063 et
1583 2027 1777 2074 provisiones
1803 2039 1838 2061 ac
1861 2025 2005 2072 disposi—

1255 2085 1357 2119 tiones
1380 2084 1502 2117 illorum
1519 2081 1558 2116 ad
1576 2081 1795 2116 immediatum
1810 2081 2004 2128 superiorem

1255 2137 1476 2182 devolvantur,
1499 2136 1553 2184 qui
1587 2136 1704 2171 eisdem
1742 2135 1885 2183 personis
1912 2134 2004 2169 modo

1256 2192 1427 2240 praemisso
1467 2190 1654 2238 qualificatis
1693 2189 1856 2237 providere
1896 2198 2005 2225 tenea-

1256 2255 1317 2288 tur;
1340 2255 1382 2286 et,
1397 2246 1422 2281 si
1450 2244 1714 2285 contravenerint,
1737 2243 1774 2280 ad
1796 2243 1891 2279 alium
1914 2255 2006 2291 supe-

1256 2302 1369 2337 riorem
1398 2301 1580 2336 devolvatur
1604 2299 1740 2347 provisio
1767 2307 1797 2334 et
1821 2306 2006 2346 praesenta-

1257 2356 1300 2391 tio
1322 2355 1503 2390 huiusmodi
1526 2354 1694 2403 gradatim,
1716 2353 1817 2388 donec
1834 2353 1871 2388 ad
1886 2352 2004 2388 Sedem

1256 2409 1472 2458 Apostolieam
1496 2409 1546 2444 [iat
1568 2408 1741 2444 devolutio.
1765 2407 1930 2444 Praeterea
1949 2419 2007 2443 vo-

1258 2464 1362 2499 lumus
1384 2464 1468 2512 quod
1486 2463 1652 2500 collatores
1674 2462 1866 2498 ordinariiet
1881 2461 2005 2510 patroni

1258 2518 1458 2554 ecclesiastici
1483 2517 1624 2565 praefati,
1646 2517 1699 2564 qui
1729 2516 1910 2564 dignitates,
1939 2528 2007 2563 per-

1258 2579 1398 2613 sonatuS,
1421 2571 1710 2607 administrationes
1728 2578 1758 2606 et
1776 2570 1876 2606 officia
1899 2581 1934 2604 ac
1948 2569 2006 2605 be-

1259 2625 1368 2661 neficia
1397 2626 1427 2660 in
1462 2625 1627 2661 mensibus
1653 2625 1813 2673 graduatis
1839 2632 1869 2660 et
1901 2624 2006 2660 nomi-

2012 223 2064 251 ΑΒ.
2086 222 2114 250 C.
2128 223 2195 250 1816
