2281 3251
144 288 193 316 An.
212 289 241 316 C.
257 290 321 317 itm&

970 288 1127 312 Nicomvs
1149 290 1169 311 V
1193 289 1237 312 ¹¹1².

374 345 429 388 §8-
439 343 500 386 Qui
513 342 907 386 verocontrariumfeecrit,
922 343 1000 378 ultra
1017 355 1084 389 poe·

154 396 215 415 (ΨΜ
226 403 259 416 ‘⁰³
286 403 324 418 ⁶0-
340 400 510 429 nascontra
524 392 793 427 deserentesarma
807 402 837 427 et
851 392 908 427 alia
926 393 1082 440 prohibita

142 427 192 446 ‘lm
212 403 236 447 3¹¹!
261 434 324 453 prm·-

141 464 163 477 v
169 464 209 479 ica
200 462 232 479 ι,ιι

141 489 160 509 a·
165 502 166 506 ι
169 492 217 509 tae,

134 2240 263 2262 obstantium
276 2242 310 2262 tle-

127 2275 215 2298 rogatio.

242 465 264 478 1.-
291 465 324 478 m-
339 443 497 478 saracenis
510 442 787 489 quibuscumque
782 454 848 476 iure
861 444 1082 497 promulgatus

337 504 415 540 quas
442 492 511 526 illos
534 493 694 526 incurrere
722 491 865 526 volumus
900 505 968 539 ipso
991 493 1081 528 facto:

337 542 361 575 si
386 553 537 588 personae
560 541 674 575 suerint
697 541 884 587 singulares,
898 554 1084 577 excommu-

338 599 501 625 nicationis
516 598 923 631 sententianiinciirran13s1
944 604 1084 627 commu-

338 642 418 675 nitas
445 641 490 676 vel
515 641 700 675 universitas
714 640 856 681 civitatis,
877 642 981 683 castri,
1004 642 1083 677 vittae

337 703 390 725 seu
415 690 485 730 loci,
515 690 578 736 ipsa
599 690 718 728 civitas,
748 699 896 731 castrum,
924 690 994 725 villa
1026 704 1080 725 seu

337 740 425 775 locus
453 739 618 774 interdicto
645 739 804 774 subiaceat
837 752 874 774 eo
904 740 990 787 ipso;
1026 754 1082 775 nec

335 790 593 824 contrafacientes
619 790 676 836 ipsi
707 790 750 823 vel
774 790 868 837 aliqui
887 802 996 824 eorum
1020 802 1082 824 ex-

334 839 628 874 communicationis
670 840 822 873 sententia
863 839 1080 880 absolvantur,

335 902 393 924 nec
407 889 560 924 interdicti
576 888 756 923 huiusmodi
772 889 992 923 relaxationem
1009 901 1082 936 apo-

334 939 440 973 stolica
464 951 519 973 seu
536 939 594 973 alia
608 939 717 985 quavis
732 939 915 972 auctoritate
938 938 1080 973 obtinere

335 989 466 1034 possint,
494 989 552 1023 nisi
582 989 650 1035 ipso
678 987 809 1022 Alfonso
831 996 861 1021 et
884 989 1081 1022 successori-

334 1039 392 1073 hus
413 1051 449 1073 ac
469 1038 580 1073 Infanti
602 1039 687 1084 prius
711 1050 766 1084 pro
795 1038 974 1084 praemissis
996 1050 1080 1073 con-

332 1100 409 1134 grue
423 1088 640 1125 satisfecerint,
657 1094 708 1120 aut
723 1087 860 1133 desuper
874 1086 1080 1122 amicabiliter

332 1137 590 1172 concordaverint
613 1149 683 1171 cum
718 1136 860 1179 eisdem,
892 1136 1079 1172 mandantes

334 1200 388 1232 per
410 1187 577 1234 apostolica
611 1187 728 1233 scripta
759 1186 993 1220 venerabilibus
1017 1187 1078 1222 fia-

332 1237 433 1271 trihus
457 1236 570 1271 nostris
591 1235 832 1283 archiepiscopo
856 1235 1076 1275 Ulixbonensi

331 1286 462 1320 Silvensi
487 1298 522 1320 ac
548 1285 695 1332 Ccptensi
719 1285 889 1332 episcopis,
923 1295 1078 1332 quatenus

331 1336 407 1382 ipsi,
431 1335 475 1370 vel
504 1335 584 1375 duo,
620 1343 672 1369 aut
701 1347 784 1369 unus
806 1347 936 1374 eorum
967 1348 1022 1382 pei
1044 1348 1077 1370 se

331 1385 375 1419 vol
398 1384 492 1419 alium
509 1397 565 1419 seu
582 1384 671 1429 alios,
695 1385 828 1432 quotieS,
846 1397 900 1432 pro
919 1393 1004 1432 parte
1018 1385 1077 1420 ΑΙ-

329 1434 408 1469 fonsi
433 1435 514 1481 regis
541 1442 571 1469 et
599 1434 682 1469 illius
709 1447 927 1469 successorum
950 1447 984 1469 ac
1018 1435 1078 1469 ln-

330 1484 421 1518 tantis
448 1485 679 1531 praedictorum
717 1484 761 1519 vel
799 1484 932 1518 alicuius
967 1497 1075 1520 eorum

328 1533 467 1581 desuper
489 1534 604 1569 fuerint
628 1533 779 1581 requisiti,
797 1534 840 1568 vel
863 1534 976 1582 aliquis
992 1535 1077 1582 ipso-

330 1596 398 1618 rum
422 1583 517 1618 fuerit
539 1584 721 1630 requisitus,
744 1583 827 1627 illos,
847 1596 927 1631 quos
942 1597 1076 1619 excom-

328 1633 552 1668 municationis
574 1642 604 1668 et
629 1634 786 1668 interdicti
816 1634 986 1668 sententias
1009 1635 1076 1669 hu-

328 1683 463 1717 iusmodi
488 1683 656 1718 incurrisse
685 1683 834 1726 constitit,
878 1683 994 1718 tamdiu
1018 1685 1076 1719 do-

327 1732 449 1766 minicis
462 1733 595 1780 aliisque
610 1732 849 1768 festivisdiebus
870 1733 898 1767 in
919 1733 1075 1775 ecclesiis,

325 1781 399 1816 dum
425 1782 499 1815 inihi
529 1783 628 1817 maior
653 1782 760 1830 populi
798 1783 968 1818 multitudo
990 1796 1076 1818 con—

325 1832 443 1866 venerit
463 1832 499 1866 ad
520 1832 636 1876 divina,
660 1833 949 1867 excommunicatos
972 1841 1003 1867 et
1027 1834 1076 1868 in-

324 1881 485 1921 terdictos,
507 1882 638 1929 aliisque
663 1882 773 1929 poenis
796 1883 963 1929 praedictis
982 1884 1077 1917 inno-

324 1932 413 1966 datos
435 1932 532 1966 fuisse
560 1940 590 1966 et
612 1945 682 1967 esse
698 1932 882 1966 auctoritate
901 1933 1074 1980 apostolica

324 1980 483 2016 declarent
510 1990 538 2016 et
566 1982 778 2025 denuncient,
806 1994 929 2017 necnon
953 1983 991 2017 ab
1015 1983 1076 2017 illis

325 2031 481 2069 nunciari,
516 2040 545 2066 et
567 2032 606 2066 ab
642 2031 791 2066 omnihus
824 2032 940 2066 arctius
967 2034 1073 2067 evitari

324 2080 448 2124 faciant,
468 2080 569 2115 donec
591 2094 645 2127 pro
665 2081 844 2128 praemissis
867 2082 1076 2117 satisfecerint

324 2142 378 2165 seu
395 2130 668 2174 concordaverint,
685 2139 717 2165 ut
741 2131 925 2178 praefertur.

373 2184 393 2232 g
415 2186 447 2219 9.
472 2184 730 2220 Contradictores
752 2198 806 2232 per
833 2197 999 2220 censuram
1029 2198 1075 2221 ec-

324 2238 546 2284 clesiasticam,
561 2239 769 2286 appellatione
782 2241 965 2286 postposita,
985 2252 1075 2275 com-

325 2293 496 2339 pescendo;
525 2306 587 2328 non
608 2293 808 2329 obstantibus
842 2295 1075 2330 constitutioni-

325 2347 384 2381 bus
404 2355 434 2382 et
457 2348 708 2382 ordinationibus
730 2348 936 2395 apostolicis,
971 2358 1076 2383 caete-

325 2402 430 2449 risque
458 2403 623 2438 contrariis
644 2402 913 2450 quibuscumque..

373 2460 388 2500 ᾖ
412 2457 468 2491 to.
492 2456 673 2500 Caeterum,
691 2469 728 2491 ne
746 2464 927 2503 praesentes
954 2456 1075 2502 litterae,

324 2522 404 2557 quae
431 2524 446 2544 a
468 2510 568 2554 nobis,
591 2511 629 2545 de
658 2520 761 2545 nostra
789 2519 870 2545 certa
895 2511 1023 2545 scientia
1046 2519 1076 2546 et

325 2573 446 2599 matura
469 2565 605 2611 desuper
630 2564 854 2599 deliberatione
882 2564 1074 2610 praehabita,

324 2627 524 2661 emanarunt,
548 2627 581 2653 ut
600 2619 787 2665 praefertur,
803 2618 841 2652 de
859 2618 1076 2665 subreptionis

1756 280 1824 313 115

1125 345 1246 380 valeant
1270 344 1466 391 impugnari,
1493 344 1660 385 volumus,
1683 353 1712 379 et
1739 347 1876 381 auctori—

1125 403 1184 430 tate
1207 395 1390 442 apostolica,
1410 395 1539 429 scientia
1557 406 1593 429 ac
1611 402 1762 441 potestate
1783 409 1875 442 prae-

1125 445 1227 488 dictis,
1252 446 1359 480 harum
1383 445 1463 478 scric
1490 443 1691 478 decernimus
1714 446 1830 492 pariter
1845 455 1872 478 vt

1124 495 1321 529 declaramus
1349 493 1432 542 quod
1456 493 1557 527 dictae
1581 493 1687 528 literae
1710 503 1739 528 et
1767 495 1797 528 in
1826 496 1873 528 eis

1124 553 1282 582 contenta,
1306 544 1345 579 de
1373 543 1589 589 subreptionis
1613 543 1656 577 vel
1676 543 1874 590 obreptionis

1125 594 1169 628 vel
1200 594 1363 638 nullitatis,
1385 594 1478 628 etiam
1502 592 1732 632 exordinariae.
1757 593 1802 628 vel
1825 593 1874 628 al-

1125 644 1220 678 terius
1241 644 1470 689 cuiuscumque
1496 642 1671 689 potestatis,
1694 651 1746 676 aut
1763 644 1875 689 quovis

1123 693 1182 727 alio
1211 693 1336 728 defectu
1367 693 1568 739 impugnari,
1597 691 1784 739 illarumque
1806 693 1874 727 etse-

1123 751 1192 778 ctus
1208 743 1354 777 retardari
1375 743 1420 776 vel
1443 741 1584 787 impediri
1609 740 1790 776 nullatenus
1807 755 1874 789 pos-

1122 793 1196 836 sint,
1219 793 1317 827 sedin
1343 801 1530 838 perpetuum
1553 791 1675 825 valeant
1697 804 1733 825 ac
1750 791 1872 838 plenam

1122 843 1282 876 obtineant
1302 843 1422 876 roboris
1437 841 1627 880 {irinitateim
1651 841 1772 875 irritum
1792 854 1873 888 quo-

1122 905 1183 938 que
1210 893 1250 926 sit
1272 901 1303 926 et
1340 893 1443 929 inane,
1470 892 1493 924 si
1522 904 1614 926 secus
1640 903 1736 937 super
1764 891 1823 935 his,
1850 904 1865 924 a

1121 954 1292 989 quoquam,
1315 942 1425 988 quavis
1447 942 1641 980 auctoritate,
1661 941 1800 976 scienter
1823 940 1869 974 vel

1123 992 1312 1038 ignoranter,
1335 992 1500 1037 contigerit
1523 990 1678 1024 attentari.

1169 1046 1184 1085 g
1209 1044 1264 1076 tt.
1299 1042 1337 1076 Et
1365 1042 1503 1087 insuper.
1528 1040 1600 1087 quia
1636 1039 1761 1075 difficile
1790 1040 1869 1074 soret

1121 1100 1303 1137 praesentes
1319 1099 1441 1125 nostras
1465 1091 1568 1124 literas
1585 1090 1621 1124 ad
1645 1102 1870 1137 quaecumque

1121 1142 1188 1175 loca
1207 1141 1328 1175 deferre
1345 1169 1352 1180 ,
1377 1141 1522 1175 volumus
1548 1148 1589 1178 et,
1619 1139 1701 1173 dicta
1729 1141 1870 1174 auctori—

1121 1202 1192 1234 tate,
1213 1195 1322 1229 harum
1337 1195 1417 1230 serie
1439 1194 1641 1228 decernimus
1660 1193 1745 1240 quod
1763 1205 1868 1228 earum

1119 1257 1319 1296 transumpto
1343 1261 1435 1282 manu
1460 1248 1597 1294 publica,
1620 1254 1648 1282 et
1676 1246 1778 1293 sigillo
1801 1248 1871 1293 epi-

1119 1304 1255 1360 scopalis
1284 1303 1328 1338 iel
1362 1303 1496 1337 alicuius
1524 1301 1697 1349 superioris
1720 1300 1872 1335 ecclesia-

1118 1342 1213 1392 sticae
1232 1358 1337 1392 curiae
1361 1357 1492 1401 munito,
1509 1356 1599 1403 plena
1626 1355 1704 1389 fides
1725 1354 1873 1389 adhibea-

1120 1420 1168 1447 tur
1191 1421 1222 1447 et
1246 1412 1374 1460 perinde
1401 1420 1512 1455 stetur,
1534 1423 1569 1445 ac
1591 1410 1615 1444 si
1638 1409 1741 1444 dictae
1768 1409 1871 1454 origi-

1120 1468 1205 1504 nales
1226 1469 1334 1503 literae
1356 1468 1457 1502 forent
1476 1465 1633 1501 exhibitae
1648 1464 1694 1499 vel
1711 1472 1870 1503 ostensae.

1117 1531 1147 1558 ct
1169 1522 1505 1558 excommunicationis
1532 1520 1672 1566 aliaeque
1694 1519 1871 1553 sententiae

1119 1579 1148 1612 in
1165 1578 1226 1612 illis
1236 1585 1413 1616 contentae,
1430 1575 1507 1610 infra
1522 1575 1603 1609 duos
1621 1586 1758 1618 menses,
1781 1586 1871 1608 com-

1119 1632 1273 1679 putandos
1296 1645 1310 1666 a
1338 1631 1388 1665 die
1415 1643 1476 1677 qua
1508 1629 1593 1677 ipsae
1618 1637 1803 1676 praesentes
1832 1628 1870 1662 li-

1117 1695 1201 1722 terae
1235 1699 1289 1721 seu
1318 1694 1420 1720 cartae
1449 1684 1494 1718 rel
1530 1683 1732 1718 membranae
1762 1695 1868 1717 earum

1118 1750 1255 1776 tenorem
1286 1741 1315 1774 in
1352 1753 1386 1775 se
1412 1739 1612 1774 continentes
1643 1737 1738 1771 valvis
1766 1737 1870 1772 ecclc-

1117 1797 1179 1831 siae
1206 1795 1431 1831 Ulixbouensis
1457 1794 1565 1828 affixae
1588 1793 1715 1835 fuerint,
1740 1791 1869 1838 perinde

1117 1863 1228 1885 omnes
1250 1858 1279 1885 et
1303 1849 1446 1896 singulos
1469 1847 1730 1883 contrafacientes
1757 1858 1869 1892 supra-

1117 1905 1217 1940 dictos
1243 1905 1352 1952 ligent.
1375 1916 1411 1939 ac
1433 1904 1457 1938 si
1494 1904 1578 1950 ipsae
1615 1909 1796 1949 praesentes
1830 1901 1869 1934 li-

1117 1968 1200 1994 terae
1228 1960 1272 1994 eis
1293 1958 1500 2007 personaliter
1522 1966 1551 1992 et
1567 1956 1706 2004 legitime
1721 1956 1868 1990 intimatae

1116 2027 1151 2049 ac
1176 2022 1391 2061 praesentatae
1415 2013 1558 2047 luissent.

1165 2070 1184 2117 g
1209 2072 1263 2104 212.
1291 2068 1375 2104 Nulli
1399 2080 1473 2115 ergo
1489 2067 1619 2102 omnino
1642 2065 1809 2100 homiuum
1827 2064 1867 2099 li-

1117 2134 1183 2159 ceat
1211 2124 1292 2158 hanc
1317 2123 1460 2170 paginam
1486 2129 1609 2156 nostrae
1632 2119 1867 2162 declarationis,

1115 2178 1349 2213 constitutionis
1367 2206 1374 2217 ,
1402 2176 1582 2212 donationis
1596 2203 1604 2219 ,
1627 2175 1842 2210 concessionis
1859 2203 1867 2218 ,

1116 2233 1402 2281 appropriatiouis,
1446 2231 1584 2273 decreti,
1618 2229 1866 2266 obsecrationis,

1117 2288 1363 2331 exhortationis,
1398 2286 1617 2328 iniunctionis,
1658 2283 1866 2321 inhibitionis,

1117 2343 1254 2378 mandati
1279 2351 1309 2376 et
1336 2341 1508 2376 voluntatis
1537 2340 1719 2386 infringere,
1742 2347 1801 2374 etc.

1167 2397 1280 2432 Datum
1309 2396 1428 2431 Romae
1447 2395 1527 2442 apud
1551 2395 1702 2429 Sanctum
1728 2393 1866 2433 Petrum,

1116 2464 1198 2486 anno
1226 2450 1456 2486 incarnationis
1484 2449 1663 2483 dominicae
1698 2448 1866 2482 millesimo

1116 2505 1428 2553 quadringentesimo
1456 2502 1721 2550 quinquagesimo
1743 2511 1865 2548 quarto,

1117 2569 1206 2595 sexto
1236 2559 1305 2593 idus
1341 2559 1497 2602 ianuarii,
1525 2557 1725 2605 pontificatus
1765 2557 1864 2590 nostri

1116 2627 1198 2649 anno
1226 2620 1347 2647 octavo.

325 2681 374 2706 aut
390 2672 542 2707 nullitatis
565 2673 664 2707 vitioa
687 2685 849 2720 quoquam
867 2673 1073 2720 imposterum
1135 2680 1196 2710 Dat.
1216 2680 1262 2709 die
1289 2680 1305 2709 8
1329 2679 1455 2709 ianuarii
1480 2679 1573 2712 1454,
1594 2683 1671 2717 pont.
1688 2687 1764 2707 anno
1786 2686 1844 2707 vin.

1892 292 1941 319 Αη.
1959 293 1988 318 (ἶ.
2004 292 2070 319 triste

1897 1049 1956 1069 fides
1967 1048 2073 1069 adhihen-

1888 1081 1911 1099 da
1941 1083 2071 1106 transumpto

1887 1112 2039 1138 praesentium,

1916 2077 2035 2098 Claueutue,
