2281 3251
87 260 137 288 An.
155 262 265 290 01515

956 263 1018 285 mo
1045 264 1060 285 x
1091 259 1778 291 1P.577
1844 270 1892 297 An.
1912 271 1939 297 c.
1961 272 2026 298 15¹3

283 315 376 351 Urbis
407 328 463 362 pei·
488 316 626 364 aliquem
654 316 824 351 antistitem
855 319 1031 364 promoveri

282 371 464 412 procurent,
485 364 523 399 ad
553 365 735 400 huiusmodi
759 366 892 401 abusum
917 368 1033 402 tollen-

282 414 368 454 dum,
391 414 559 448 statuimus
574 422 604 449 et
619 415 805 450 ordinamus
825 417 908 463 quod
926 417 964 451 de
979 429 1032 452 ce-

283 472 346 498 tero
361 463 390 497 in
405 463 518 508 literis,
542 477 597 510 per
620 477 698 511 quas
713 465 805 499 datur
821 466 941 500 lii-entia
960 479 1032 513 pro-

281 513 426 558 movendi
443 520 528 547 extra
542 513 684 553 Curiain,
708 524 844 560 ponantu
853 528 864 548 r
878 516 953 550 liaeo
969 529 1031 549 ver

281 562 330 605 ba,
354 561 515 596 videlicet:
530 562 624 597 Extra
639 563 816 598 Romanam
839 564 982 608 Curiam,
1002 565 1030 598 in

281 610 358 646 locis
384 610 424 645 ab
446 610 531 646 Urbe
561 625 616 659 por
647 613 852 659 quadraginta
891 614 1030 648 milliaria

280 660 317 694 ad
350 661 458 694 minus
496 661 694 696 distantibus.
728 662 761 696 Si
804 674 876 697 vero
906 665 934 697 in
964 663 1032 698 Ro-

282 721 372 744 mana
395 709 489 744 Curia
517 710 610 745 detur
633 711 703 746 talis
726 711 867 751 lieentia,
898 721 973 747 tunc
1001 713 1029 746 in

281 759 380 794 literis
407 759 552 794 licentiae
580 760 762 795 huiusmodi
787 762 1031 807 ponanturliaec

280 808 392 849 verba,
420 808 583 843 videlicet:
612 810 704 852 Quod
735 811 939 857 promovendi
969 824 1029 846 non

280 858 402 913 possint
428 859 597 893 examinati
628 871 688 894 nec
714 859 863 904 ordinari,
893 860 953 895 nisi
976 873 1031 907 pei

280 907 525 942 examinatorem
547 917 576 942 et
591 909 815 952 ordinator,em
838 922 893 956 per
908 922 965 944 nos
985 911 1029 943 vel

279 955 458 991 Romanum
481 957 666 992 Pontificem
697 970 753 1005 pro
770 966 923 1004 tempore,
945 959 982 993 ad
1000 959 1028 993 id

279 1005 456 1061 deputatos.
480 1006 520 1041 Et
539 1008 564 1042 si
582 1007 660 1042 l'also
676 1008 812 1042 iuratum
828 1008 921 1042 fuerit
936 1021 1031 1055 super

278 1056 443 1090 existentia
473 1056 643 1096 beneficii,
673 1057 756 1103 quod
780 1057 975 1092 ordinandus
997 1070 1029 1092 so

277 1104 421 1140 obtinere
436 1105 595 1141 asserebat
616 1114 646 1140 et
668 1106 751 1153 quod
773 1118 835 1140 non
857 1106 1029 1147 obtinebat

278 1162 331 1189 aut
358 1155 388 1189 in
417 1167 521 1189 rerum
550 1163 659 1190 natura
682 1167 745 1190 non
769 1163 850 1196 erat,
873 1163 924 1190 aut
946 1156 1028 1202 quod

277 1203 348 1238 ficte
371 1216 427 1251 per
447 1205 566 1239 amicos
581 1204 638 1239 sibi
662 1204 897 1239 commodatum
918 1205 1028 1241 suerat.

276 1260 352 1287 tunc
367 1254 460 1288 etiam
477 1261 640 1300 promotus
652 1253 772 1289 ratione
786 1254 1027 1289 talisiuramenti

276 1310 305 1337 et
322 1310 415 1337 testes
430 1303 482 1349 qui
505 1303 608 1338 taliter
630 1303 858 1349 periuraverint
881 1316 942 1339 uon
963 1304 1027 1338 dis,

275 1360 450 1398 pensentur
470 1364 524 1399 per
545 1352 650 1387 literas
676 1352 954 1393 Poeniteutiariae,
970 1354 1027 1388 nisi

275 1402 307 1435 in
333 1401 392 1436 illis
429 1409 586 1448 ponantur
617 1402 696 1437 baec
722 1402 839 1442 verba,
868 1403 1027 1438 videlicet:

275 1450 370 1494 Quod
384 1450 447 1495 ille,
471 1451 523 1498 qui
548 1452 592 1486 sic
614 1451 723 1487 dolose
739 1460 904 1499 promotus
923 1453 1028 1497 fuerit,

275 1500 315 1535 ab
341 1501 527 1536 executione
549 1501 698 1536 ordinum
720 1502 830 1536 saltem
863 1502 901 1536 ad
934 1502 1029 1537 bien-

275 1550 362 1585 nium
386 1562 560 1597 suspensus
575 1551 698 1592 existat,
715 1559 744 1586 et
763 1551 840 1586 alias
863 1553 1029 1598 poeniten—

277 1600 316 1634 tia
343 1599 488 1635 salutaris
510 1600 569 1634 sibi
593 1601 785 1647 iniungatur,
809 1608 839 1635 et
866 1601 1029 1635 nibilomi-

276 1662 335 1684 nus
357 1649 396 1683 de
424 1649 562 1696 periurio
589 1649 773 1684 huiusmodi
797 1650 900 1697 puniri
918 1651 1028 1695 valeat,

275 1698 356 1734 dicta
385 1698 584 1734 absolutione
616 1711 678 1734 non
710 1699 885 1734 obtinente.
920 1700 953 1734 In
978 1713 1029 1735 se-

275 1748 380 1783 cundo
395 1748 532 1795 simplici
556 1749 840 1795 consanguinitatis
860 1750 906 1784 vel
927 1749 1029 1784 affini-

274 1798 346 1833 tatis
378 1797 477 1843 gradu
508 1797 691 1844 dispensare
719 1811 780 1833 non
805 1800 936 1845 possint.
964 1799 1029 1834 Res

274 1848 434 1894 graviores
457 1855 486 1882 et
508 1847 731 1895 importantiae
763 1848 890 1883 maioris
907 1877 914 1888 ,
943 1850 1028 1884 iuxta

275 1897 439 1944 antiquum
456 1909 576 1932 morem
593 1905 622 1931 et
644 1897 833 1932 laudabilem
860 1898 1029 1933 institutio-

275 1958 348 1982 nem
368 1973 377 1990 ,
404 1946 441 1981 ad
470 1946 624 1981 datarium
662 1947 832 1981 remittant.
862 1946 1030 1983 Corrector

274 1994 552 2040 Poenitentiariae,
574 1996 621 2031 vel
645 1996 755 2031 doctor
775 1996 816 2031 sit
844 1997 892 2031 vel
919 1997 1027 2032 saltem

275 2044 306 2079 in
322 2045 420 2080 altero
435 2045 550 2080 iurium
572 2046 703 2093 peritus,
724 2046 808 2080 iuxta
830 2048 1030 2082 constitutio-

275 2110 352 2133 num
375 2098 507 2134 formam
533 2099 799 2147 antiquarumque
827 2099 1030 2135 reformatio-

275 2164 364 2187 num.
401 2151 581 2200 Scriptores
616 2153 859 2188 constitutiones
886 2155 1029 2201 antiquas

275 2206 314 2242 ad
343 2218 480 2253 unguem
504 2214 640 2247 servent,
663 2214 693 2242 et
715 2219 808 2242 nemo
825 2207 974 2254 deinceps
998 2209 1027 2242 in

275 2260 519 2296 Poenitentiaria
533 2261 667 2308 scriptor
682 2261 876 2302 admittatur,
894 2263 946 2309 qui
963 2262 1029 2296 cle-

276 2315 361 2351 ricus
388 2328 451 2351 non
475 2316 525 2356 sit,
541 2317 588 2350 vel
615 2316 721 2351 celebs
743 2317 942 2351 matrimonio
965 2329 1027 2352 non

276 2369 444 2417 obligatus,
467 2382 526 2405 nec
544 2370 651 2405 miuus
666 2370 921 2417 vigintiquinque
937 2372 1028 2406 annis

276 2432 380 2469 natus,
404 2424 462 2458 nisi
486 2436 525 2459 ex
546 2424 714 2471 apostolica
738 2424 975 2471 dispensatione
993 2438 1028 2460 a·
1048 2447 1050 2452 ·

276 2477 346 2513 liter
366 2489 554 2513 concessum
578 2478 681 2512 suerit.
705 2477 930 2513 Procuratores
945 2478 1028 2514 Poe-

277 2531 473 2567 nitentiariae
492 2532 583 2566 unica
606 2531 706 2566 media
723 2539 804 2577 taxa,
819 2531 878 2567 sibi
898 2544 935 2567 ex
950 2545 1028 2568 con-

277 2584 437 2620 stitutione
459 2585 550 2620 officii
568 2594 778 2632 competente,
795 2594 1026 2628 commitentur,

277 2650 336 2674 nec
356 2648 459 2686 partes
480 2639 513 2674 in
535 2640 597 2674 ullo
621 2640 691 2686 plus
705 2647 845 2686 gravent,
874 2653 932 2674 nec
954 2653 1027 2688 pro-

356 2695 429 2725 Ball.
449 2696 524 2726 Rom.
549 2697 602 2726 t'ol.
630 2697 658 2726 V.
873 2697 908 2727 73

1077 319 1193 354 liibitas
1216 320 1362 355 materias
1389 328 1417 355 et
1433 321 1571 356 insuetas
1593 321 1734 369 expediri
1756 336 1829 371 pro-

1076 377 1200 410 curent,
1225 382 1282 405 nec
1297 370 1369 404 item
1390 383 1405 405 a
1430 371 1571 418 partibus
1587 372 1752 426 plusquam
1773 386 1828 420 pro

1075 419 1275 465 expediendo
1296 432 1355 465 neg
1359 421 1422 454 otio
1442 421 1654 455 necessarium
1670 421 1762 456 fuerit
1780 435 1830 458 cx-

1077 475 1257 523 torqueant:
1292 469 1425 503 duorum
1457 470 1613 504 mensium
1643 483 1755 517 poena,
1773 484 1829 518 pro

1076 530 1172 563 pinna
1197 518 1274 560 vice3
1306 531 1361 564 pro
1390 519 1541 557 secunda
1568 531 1635 561 sex,
1657 532 1673 554 a
1703 533 1829 556 summo

1075 567 1316 612 poenitintiario
1343 569 1554 609 mulctentur
1581 569 1606 602 si
1630 569 1720 604 tertio
1753 571 1826 605 item

1074 616 1257 660 erraverint,
1280 617 1382 652 ollicio
1398 596 1560 664 priventui·
1582 630 1618 652 eo
1642 619 1721 665 ipso.
1740 619 1778 654 Et
1793 629 1828 654 ut

1074 665 1158 698 omni
1177 665 1249 700 dolo
1265 667 1390 713 penitus
1412 676 1605 707 occurratur,
1625 677 1828 714 procurator,

1074 714 1112 748 de
1136 715 1235 760 pretio
1259 727 1314 762 per
1348 727 1419 750 euin
1454 717 1483 750 iu
1504 716 1701 763 expeditione
1724 718 1827 752 soluto

1075 764 1206 809 regenti,
1232 778 1287 811 per
1309 766 1525 800 testiinonium
1556 766 1651 812 partis
1673 766 1761 802 faciat
1789 768 1828 802 fi-

1074 813 1157 853 dem,
1181 822 1210 847 et
1231 815 1328 848 instar
1351 815 1587 849 sollicitatornm
1612 815 1773 852 literarum
1791 829 1828 852 a·-

1075 863 1310 909 postolicaruin,
1322 876 1427 898 vei-uin
1445 865 1540 899 totius
1552 865 1828 910 expeditionisim-

1076 912 1238 958 pendium,
1254 914 1380 960 propria
1407 926 1501 948 manu
1532 914 1738 960 implicatum,
1753 917 1828 950 scri-

1075 962 1123 995 liat
1153 961 1265 995 talibus
1296 962 1414 996 terbis:
1444 962 1597 1009 Expedita
1621 976 1676 1009 per
1704 977 1752 999 nte
1774 964 1825 1007 N.,

1075 1020 1307 1065 procuratorem
1331 1020 1397 1055 etc„
1424 1013 1555 1059 exposui
1591 1021 1723 1047 tantum.
1758 1013 1827 1049 Hoc

1074 1060 1133 1094 nisi
1156 1059 1277 1100 feccrit,
1294 1061 1476 1107 privationis
1490 1062 1582 1096 ollicii
1608 1074 1728 1108 poenae
1743 1063 1827 1097 sub-

1075 1109 1182 1142 iaceat.
1212 1110 1251 1142 Et
1274 1110 1406 1156 quilibet
1433 1110 1596 1165 deinceps,
1632 1111 1759 1157 quando
1786 1113 1824 1147 ad

1073 1158 1210 1192 officium
1235 1159 1415 1205 recipietur,
1439 1160 1477 1193 ita
1501 1172 1533 1194 se
1548 1169 1692 1195 accurate
1709 1169 1739 1194 et
1757 1161 1826 1197 sine

1072 1207 1182 1241 fraude
1212 1207 1386 1251 facturum,
1409 1208 1469 1242 sub
1491 1208 1571 1244 dicta
1596 1221 1708 1255 poena,
1732 1210 1824 1246 iuret.

1072 1256 1329 1303 Supplicationes
1355 1265 1464 1293 contra
1485 1258 1527 1292 rei
1553 1258 1710 1292 veritatem
1731 1267 1761 1293 et
1779 1272 1828 1295 ca-

1072 1319 1165 1340 suum
1190 1308 1437 1352 contingentiam
1458 1315 1488 1341 et
1517 1306 1755 1343 informationes
1769 1309 1826 1344 lia-

1073 1355 1152 1390 bitas
1175 1356 1213 1390 de
1238 1357 1390 1403 partibus,
1408 1356 1518 1391 falsum
1542 1357 1699 1392 narrando
1711 1358 1748 1392 ad
1765 1357 1824 1393 hoc

1073 1413 1105 1439 ut
1128 1407 1288 1452 negotium
1305 1406 1490 1453 expediatur
1516 1415 1546 1440 et
1569 1415 1655 1453 parte
1676 1407 1823 1448 instante,

1071 1455 1130 1490 sub
1145 1456 1240 1489 simili
1259 1468 1370 1502 poena,
1385 1468 1445 1490 non
1462 1455 1598 1490 forment
1614 1456 1823 1492 velseribant.

1072 1504 1192 1539 Horum
1212 1513 1459 1552 transgressores
1479 1506 1546 1551 ipso
1570 1505 1649 1541 sacto
1672 1505 1825 1541 mulcten-

1072 1562 1133 1595 tur,
1150 1563 1177 1588 et
1194 1554 1308 1595 officio,
1321 1567 1384 1602 quo
1396 1567 1429 1590 se
1445 1555 1591 1601 indignos
1607 1555 1823 1602 reddiderunt,

1071 1612 1207 1639 careant.

1120 1654 1139 1700 S
1166 1656 1219 1688 1⁶2
1236 1653 1283 1688 De
1300 1653 1499 1688 matrimonio
1515 1654 1744 1696 contrahendo,
1759 1656 1823 1691 sive
1851 1670 1970 1707 sequimur
1988 1676 2022 1693 ia-

1073 1703 1255 1749 ignoranter
1283 1710 1444 1738 contiacto
1470 1704 1535 1738 site
1563 1713 1762 1746 consumato,
1790 1706 1820 1740 in
1837 1707 1876 1722 ¹²⁰
1894 1703 2020 1729 “nmmum

1071 1761 1183 1799 quarto
1206 1753 1486 1799 consanguinitatis
1507 1753 1554 1788 vel
1579 1753 1738 1789 affinitatis
1758 1766 1822 1801 gra
1837 1733 2021 1790 iiiiiiltsarifflii-

1837 1800 1862 1821 l'lQ
1867 1801 1889 1814 n!
1882 1796 1934 1814 *alin
1924 1801 1956 1815 (11]
1977 1801 2022 1815 [Πᾶ-

1071 1802 1125 1846 (Ιυ,
1150 1810 1295 1837 turonen.
1313 1811 1452 1850 septem;
1469 1803 1507 1837 de
1534 1803 1671 1838 scienter
1697 1814 1823 1839 contra·
1838 1827 1920 1846 mmo„
1925 1827 1990 1846 wib„
1983 1829 2022 1846 ,9.

1072 1860 1138 1895 eto,
1165 1852 1230 1886 sive
1258 1860 1445 1887 consumato
1470 1852 1535 1887 sive
1559 1865 1633 1894 non,
1657 1853 1688 1887 in
1710 1862 1822 1900 quarto
1837 1863 1909 1912 P‘sssu
1918 1864 1937 1877 ¹¹¹
1950 1860 2022 1884 ΨΜ

1071 1902 1366 1948 consanguinitatis,
1390 1910 1617 1948 augeturtaxa
1632 1903 1753 1938 ratione
1766 1893 1849 1938 ab-g

1071 1950 1239 1986 solutionis
1274 1963 1290 1985 3
1318 1952 1457 1997 generali
1486 1952 1823 1987 excommunicationis

1071 2000 1225 2035 sententia
1254 2001 1299 2035 eis
1326 2001 1550 2047 impendenda,
1573 2001 1611 2036 de
1633 2001 1771 2047 duobus,
1794 2010 1824 2037 et

1072 2050 1117 2085 sic
1132 2057 1254 2084 taxatur
1276 2049 1313 2084 ad
1336 2062 1460 2085 novem.
1482 2050 1515 2084 In
1538 2051 1631 2085 tertio
1653 2050 1763 2097 gradu,
1785 2051 1824 2086 de

1072 2103 1301 2148 contrahendo,
1318 2104 1382 2138 sive
1397 2104 1682 2150 consanguinitatis
1704 2105 1769 2139 sive
1783 2104 1825 2139 af-

1073 2157 1211 2202 finitatis,
1223 2165 1345 2193 taxatur
1361 2157 1398 2193 ad
1422 2157 1674 2205 quatuordecim.
1691 2158 1739 2193 De
1752 2171 1824 2193 con-

1072 2220 1170 2247 tracto
1193 2224 1266 2247 vero
1294 2212 1324 2246 in
1353 2211 1463 2246 eodem
1487 2211 1605 2257 gradu,
1628 2212 1823 2259 ignoranter,

1071 2266 1135 2300 sive
1157 2273 1343 2301 consumato
1364 2266 1429 2300 sive
1448 2277 1524 2306 non,
1547 2266 1639 2300 etiam
1668 2276 1824 2313 quatuor-

1072 2319 1184 2355 decim.
1208 2319 1241 2355 Si
1270 2332 1343 2354 vero
1358 2319 1497 2354 scienter
1518 2320 1558 2354 sit
1573 2328 1770 2355 contractum
1793 2328 1825 2355 et

1071 2382 1305 2418 consumatum,
1330 2381 1458 2420 propter
1484 2373 1675 2409 absolution.
1702 2374 1822 2409 ratione

1070 2429 1243 2463 sententiae
1275 2428 1612 2463 excommunicationis
1648 2428 1822 2475 iniungen-

1070 2481 1155 2523 dam,
1173 2482 1355 2517 huiusmodi
1379 2490 1446 2516 taxa
1469 2481 1507 2516 de
1529 2481 1654 2516 duobus
1675 2490 1821 2528 augetur,

1069 2545 1100 2572 et
1114 2545 1236 2572 taxatur
1250 2537 1287 2571 ad
1302 2536 1471 2571 sexdecim.
1489 2535 1529 2570 Et
1543 2535 1744 2582 supradictae
1759 2547 1823 2571 ma-

1070 2591 1165 2626 teriae
1180 2590 1392 2638 expediuntur
1415 2602 1470 2637 per
1489 2590 1625 2626 officium
1648 2589 1822 2625 Poeniten-

1071 2644 1175 2680 tiariae
1202 2644 1429 2688 indifferenter,
1464 2643 1511 2679 vel
1538 2643 1578 2679 de
1604 2643 1819 2679 contrahendo
