2281 3251
115 273 164 300 An.
180 272 216 311 3C.
230 272 299 301 11232

312 326 450 362 Domino
470 326 621 374 prospicit
645 325 812 373 expedire,
839 325 974 361 libenter
1002 326 1063 360 im-

314 375 423 423 pendit
444 387 521 411 suae
548 375 770 410 sollicitudinis
800 383 913 422 partes.

361 429 376 468 ξ
402 429 432 459 1.
459 425 555 469 Sane,
590 438 661 460 cum
695 425 734 459 sit
764 425 866 462 nobis.
898 436 953 471 pro
977 434 1063 470 parte

128 483 232 518 {nfantia
257 482 301 517 Ως·
314 474 498 510 dilectorum
523 474 659 509 fitiorum
684 474 807 509 loannis
820 474 907 514 Faci,
925 473 1062 519 magistri

113 514 300 569 ἔξᾚέῃῖἰῗρῖᾆὶἲζ
313 524 480 572 generalis,
503 536 538 559 ac
553 524 793 570 provincialium
810 533 838 558 et
850 522 1061 558 claustralium

113 574 299 625 *Ptssnjuflstss‘
315 575 454 620 priorum
481 582 511 608 et
534 575 751 608 universorum
780 573 909 607 stati-um
933 572 1063 607 Ordinis

114 612 150 631 μ’
168 611 199 626 “”
312 623 349 658 Β.
375 624 491 658 Mariae
512 623 551 657 de
572 623 680 658 Monte
702 622 861 661 Carmeto,
882 634 983 668 nuper
1005 634 1062 657 ex-

312 674 461 720 positum,
484 672 567 719 quod
592 673 622 706 in
645 673 738 707 certis
760 672 907 718 capitulis
922 671 1063 717 Regulae

312 722 460 758 fratribus
475 722 550 757 dicti
570 721 700 757 Ordinis
718 734 774 770 per
789 721 890 756 bonae
905 720 1063 755 memoriae

312 772 477 807 Albertum
508 771 714 818 patriarcham
739 771 1061 818 Hierosolymitanum

311 821 456 865 traditae,
484 821 565 855 inter
598 829 700 856 cetera
735 829 864 856 cavetur
895 832 1060 867 expresse:

311 871 396 918 quod
418 871 530 905 fratres
546 870 696 918 praedicti
720 869 852 905 Ordinis
866 869 903 903 al)
923 882 977 903 esu
994 881 1063 903 car-

311 921 398 955 nium
437 920 642 960 abstineant,
679 920 736 954 nisi
776 931 832 967 pro
870 918 1064 953 infirmitatis

313 970 358 1004 vel
382 969 553 1004 debilitatis
576 969 715 1004 remedio
742 976 927 1007 sumantur:
942 967 1061 1002 eisdem

312 1019 427 1063 etiam,
461 1020 546 1066 quod
578 1019 715 1064 singtilis
742 1018 866 1060 diebus,
894 1017 1064 1051 (lominicis

312 1068 473 1103 dumtaxat
508 1068 658 1115 exceptis,
694 1080 709 1101 a
748 1067 827 1102 sesto
855 1065 1063 1101 Exultationis

311 1117 447 1153 Sanctae
486 1117 601 1152 Crucis
648 1129 748 1164 usque
780 1116 818 1150 ad
860 1115 1061 1150 festivitatem

311 1166 566 1202 Resurrectionis
580 1166 709 1201 Domini
735 1165 832 1200 nostri
857 1164 926 1199 lesu
943 1164 1061 1200 Christi

313 1217 454 1251 ieiunare
482 1224 665 1256 teneantur;
693 1215 842 1263 quodque
869 1213 1063 1261 singulieo-

312 1277 380 1300 rum
410 1277 536 1300 manere
566 1264 703 1300 debeant
731 1265 762 1299 in
791 1263 879 1299 cellis
905 1264 984 1308 suis,
1011 1264 1063 1298 die

311 1326 348 1349 ac
375 1323 464 1350 nocte
498 1315 528 1349 in
557 1314 627 1361 lege
648 1313 777 1349 Domini
801 1312 1004 1354 meditantes,
1027 1325 1064 1348 ac

311 1364 342 1398 in
370 1363 567 1399 orationibus
590 1363 764 1410 vigilantes,
789 1362 992 1410 praecipitur.

334 1447 336 1449 ,
359 1413 380 1460 g
401 1415 434 1448 2.
457 1413 497 1448 Et
521 1422 686 1461 propterea
710 1412 852 1446 nonnulli
876 1412 978 1459 ipsius
1000 1411 1063 1447 Or-

121 1468 205 1505 βψω
217 1470 242 1490 ed
256 1474 297 1504 pe·
312 1462 403 1497 dinis*
416 1462 622 1510 professores,
639 1470 767 1510 propter
788 1461 1009 1496 arctitudinem
1033 1470 1064 1496 et

111 1499 297 1552 ζ’ζὲῗθξῖαἶὲζῖῗ
312 1512 540 1558 rigorositatern
556 1511 697 1558 Regulae
720 1511 917 1554 huiusmodi,
941 1521 1001 1546 tam
1025 1523 1063 1546 ex

112 1565 153 1583 ¹⁹·-
310 1561 477 1608 sragilitate
504 1562 659 1601 liumana,
683 1573 778 1608 quam
827 1571 863 1595 ex
900 1561 1062 1598 debilitate

310 1622 460 1658 corporea
493 1618 692 1658 nequeuntes
729 1610 872 1645 eamdem
907 1612 1062 1659 Regulam

310 1659 488 1700 observare,
511 1660 714 1707 dispendium
739 1672 815 1695 suae
831 1661 941 1697 salutis
961 1663 1064 1697 incur-

310 1716 388 1743 rant.
412 1709 506 1751 Quod
525 1709 631 1756 plures
653 1709 757 1749 etiam,
784 1712 983 1758 asperitatem
1009 1712 1064 1747 liu-

310 1758 446 1793 iusmodi
471 1758 741 1805 pertimescentes,
757 1759 795 1794 ab
819 1760 960 1807 ingressu
978 1762 1063 1797 eius-

309 1806 381 1842 dem
404 1806 536 1842 Ordinis
559 1808 768 1843 retrahantur.

357 1855 378 1903 §
400 1859 431 1891 5.
447 1856 513 1892 Nos
529 1869 613 1896 vero,
635 1858 687 1904 qui
704 1858 844 1905 plantare
858 1859 1060 1907 Religionem

124 1912 160 1954 1³0¹
199 1914 294 1941 carnium
308 1917 442 1951 sacram,
455 1915 484 1941 et
495 1906 665 1954 plantatam
680 1907 784 1942 modis
799 1908 949 1944 omnibus
958 1909 1062 1945 fovere

109 1947 160 1968 Μ’
309 1956 442 1990 intensis
464 1955 633 1991 desideriis
649 1956 847 1997 affectamus,
871 1971 968 2007 super
991 1960 1062 2001 lioc,

308 2012 460 2053 quantum
490 2006 582 2041 nobis
615 2014 661 2041 est
697 2007 861 2054 possibile,
897 2010 1062 2056 providere

308 2055 475 2091 salubriter
487 2057 663 2104 cupientes,
679 2067 709 2092 et
724 2058 858 2103 rigorem
878 2059 1061 2095 huiusmodi

307 2106 444 2153 quadam
468 2107 620 2155 temperie
643 2107 836 2154 mitigantes,
853 2121 889 2143 ac
904 2109 1061 2156 Regulam

307 2162 407 2208 ipsam
431 2162 643 2204 moderantes,
671 2163 841 2210 apostolica
865 2165 1062 2209 auctoritate,

307 2223 416 2251 tenore
438 2216 664 2264 praesentium,
677 2218 855 2259 statuimus,
878 2219 1063 2255 ordinamus

307 2277 338 2304 et
364 2270 585 2315 concedimus,
608 2271 691 2318 quod
720 2271 794 2307 dicti
823 2271 953 2307 Ordinis
987 2287 1063 2321 pro-

307 2322 457 2369 fessores,
479 2325 532 2372 qui
558 2337 642 2361 nunc
677 2334 753 2361 sunt
788 2336 819 2362 et
843 2340 899 2374 pro
920 2335 1061 2375 tempore

307 2386 411 2424 erunt,
434 2379 536 2414 tribus
554 2379 717 2415 dumtaxat
732 2381 847 2417 diebus
864 2382 1060 2429 singularum

307 2433 567 2480 septimanarum,
578 2434 672 2469 etiam
687 2434 859 2482 quibus,ut
876 2436 1061 2482 praefertur,

307 2488 461 2528 ieiunare,
485 2488 567 2523 iuxta
586 2488 729 2524 eamdem
745 2489 912 2536 Regulam,
927 2491 988 2525 sint
1010 2491 1063 2526 ad-

307 2542 430 2581 stricti,
455 2549 674 2590 praeterquam
715 2544 747 2578 in
786 2544 930 2579 Adventu
972 2553 1001 2579 et
1028 2545 1060 2579 in

308 2595 558 2643 Quadragesima
584 2605 615 2632 et
636 2597 706 2633 aliis
727 2598 929 2644 generalibus
952 2598 1062 2646 prohi-

305 2649 379 2685 bitis
399 2650 523 2693 diebus,
545 2652 695 2701 carnibus
718 2654 816 2689 vesci.

941 270 1101 295 nnenntns
1121 270 1157 295 ιν
1177 271 1228 295 Pr.
1789 263 1810 295 5

1154 330 1169 370 ἓ
1191 329 1225 361 4.
1250 325 1296 362 Ac
1325 326 1410 361 horis
1431 327 1583 373 congruis
1605 328 1636 361 in
1664 339 1773 361 eorum
1797 327 1859 363 Ec·

1105 380 1208 415 clesiis
1231 388 1260 415 et
1284 380 1409 416 illorum
1434 380 1590 420 claustris,
1611 393 1648 415 ac
1673 393 1728 427 per
1749 393 1857 416 eorum

1104 434 1240 469 ambitus
1268 447 1395 470 manere
1429 443 1461 470 et
1488 434 1692 470 deambulare
1714 435 1798 470 licite
1829 444 1859 470 et

1105 487 1202 523 libere
1226 488 1359 523 valeant.

1153 542 1173 589 S
1196 545 1228 578 5.
1246 542 1464 578 Deeernentes
1477 555 1531 578 eos
1546 551 1576 578 et
1591 555 1701 578 eorum
1717 541 1859 589 singulos

1105 596 1187 630 circa
1224 596 1394 642 praemissa
1426 597 1464 631 ad
1493 598 1661 632 arctiorem
1685 596 1859 632 observan—

1105 650 1191 692 tiam,
1214 662 1309 696 quam
1333 662 1428 698 supra
1453 650 1676 698 praemittitur,
1694 651 1859 686 occasione

1105 703 1310 749 professionis
1333 705 1362 738 in
1387 705 1471 739 dicto
1499 703 1620 739 Ordine
1642 704 1776 739 emissae
1812 705 1858 739 vel

1106 757 1135 791 in
1161 765 1323 803 posterum
1348 757 1553 798 emittendae,
1576 757 1707 791 minime
1730 758 1842 792 teneri.

1153 810 1174 857 g
1196 811 1228 845 6.
1253 811 1291 845 Et
1320 811 1528 846 nibilominus
1556 811 1704 846 fratribus
1725 811 1858 855 eisdem,

1104 865 1158 911 qui
1182 864 1339 910 Regulam
1363 865 1474 912 ipsam,
1504 866 1545 900 ita
1569 873 1603 900 ut
1636 865 1859 913 praemittitur,

1105 917 1299 953 moderatam
1329 918 1578 964 observaverint,
1605 919 1689 966 quod
1719 920 1764 955 eis
1792 931 1860 967 pro-

1106 972 1188 1006 liciat
1210 972 1240 1007 in
1256 972 1478 1008 remissionem
1503 981 1729 1020 peccatorum;
1753 974 1861 1009 omni-

1105 1025 1164 1060 bus
1186 1034 1217 1061 et
1243 1026 1378 1073 singulis
1405 1027 1588 1074 privilegiis,
1618 1027 1769 1072 indultis,
1794 1028 1860 1063 im-

1104 1080 1329 1124 munitatibus,
1356 1080 1568 1122 libertatibus,
1591 1083 1860 1128 exemptionibus,

1105 1135 1361 1181 protectionibus
1383 1144 1413 1170 et
1437 1136 1662 1183 praerogativis
1675 1135 1779 1170 eidem
1796 1135 1860 1171 Or-

1105 1187 1170 1222 dini
1200 1200 1255 1235 per
1282 1197 1371 1224 antea
1395 1189 1569 1233 concessis,
1597 1189 1643 1224 uti
1669 1198 1699 1223 et
1721 1189 1861 1236 gaudere

1105 1242 1245 1288 possint,
1280 1242 1390 1278 eadem
1433 1243 1619 1278 auctoritate
1650 1243 1861 1279 concedimus

1106 1307 1161 1343 per
1188 1305 1386 1343 praesentes:
1411 1297 1694 1332 constitutionibus
1729 1307 1861 1345 aposto-

1105 1350 1174 1384 licis
1208 1358 1236 1384 et
1265 1351 1414 1395 statutis,
1442 1351 1730 1387 consuetudinibus
1765 1352 1859 1387 etiam

1106 1403 1290 1451 praedictis,
1325 1413 1355 1440 et
1394 1405 1464 1440 aliis
1502 1404 1633 1440 Ordinis
1660 1414 1690 1441 et
1719 1404 1860 1451 Regulae

1106 1458 1275 1505 praedictis
1296 1459 1458 1507 capitulis,
1474 1460 1664 1499 iuramento,
1687 1460 1859 1495 confirma-

1106 1512 1190 1547 tione
1211 1514 1399 1560 apostolica,
1423 1513 1469 1548 vel
1497 1514 1555 1549 alia
1579 1514 1690 1561 quavis
1712 1513 1859 1549 firmitate

1105 1566 1239 1606 vallatis,
1262 1568 1438 1615 ceterisque
1460 1568 1626 1603 contrariis
1650 1579 1710 1603 non
1735 1567 1861 1603 obstan<

1106 1620 1191 1656 tibus
1218 1621 1490 1669 quibuscumque.

1153 1674 1173 1722 S
1197 1679 1228 1709 7.
1251 1675 1303 1720 Et,
1336 1684 1368 1710 ut
1395 1676 1453 1722 ipsi
1482 1676 1593 1711 fratres
1616 1677 1647 1711 in
1675 1676 1860 1711 humilitatis

1104 1736 1134 1763 et
1157 1729 1351 1777 paupertatis
1373 1730 1497 1776 spiritu,
1521 1743 1557 1765 ac
1583 1731 1766 1766 castimonia
1791 1731 1861 1766 vir-

1105 1790 1207 1817 tutum
1230 1783 1369 1819 Domino
1392 1783 1592 1824 famulantes,
1612 1784 1649 1819 ad
1673 1784 1859 1820 huiusmodi

1104 1837 1277 1883 mitigatam
1301 1837 1455 1885 Regulam
1479 1838 1710 1874 observandam
1734 1838 1859 1873 ferven-

1104 1890 1168 1927 tius
1191 1892 1390 1934 animentur,
1412 1892 1562 1927 omnibus
1583 1901 1615 1928 et
1637 1892 1773 1939 singulis
1796 1891 1859 1927 sra-

1105 1943 1206 1979 tribus
1219 1944 1294 1980 dicti
1309 1946 1454 1990 Ordinis,
1468 1946 1689 1994 praesentibus
1703 1955 1732 1981 et
1747 1946 1862 1981 suturis

1103 1998 1279 2040 dumtaxat,
1296 2000 1348 2047 qui
1369 2000 1525 2047 Regulam
1543 2001 1632 2035 istam
1661 2001 1718 2041 sic,
1735 2008 1767 2035 ut
1784 2012 1862 2048 prae-

1105 2053 1248 2094 mittitur,
1288 2054 1480 2090 moderatam
1517 2054 1762 2098 observaverint,
1803 2066 1861 2090 seu

1105 2107 1134 2142 in
1163 2108 1363 2144 observantia
1391 2109 1491 2157 ipsius
1513 2109 1660 2153 vixerint,
1684 2116 1717 2143 ut
1754 2121 1860 2157 supe—

1104 2162 1204 2197 riores
1238 2163 1379 2210 ipsorum
1418 2163 1494 2198 dicti
1533 2162 1666 2198 Ordinis
1699 2164 1744 2199 vel
1779 2163 1860 2199 alius

1103 2216 1301 2265 quicumque
1329 2217 1464 2253 idoneus
1486 2217 1630 2253 eiusdem
1655 2217 1788 2253 Ordinis
1810 2230 1861 2253 sa-

1103 2271 1228 2312 cerdos.
1251 2272 1395 2308 omnium
1419 2279 1621 2320 pcccatorum
1651 2284 1797 2317 suorum,
1821 2272 1860 2307 de

1103 2326 1221 2373 quibus
1260 2327 1356 2362 corde
1391 2326 1516 2362 contriti
1558 2335 1589 2361 et
1628 2338 1682 2361 ore
1720 2327 1857 2362 confessi

1103 2380 1233 2426 fuerint,
1260 2382 1356 2417 semel
1387 2389 1507 2416 tantum
1532 2381 1562 2415 in
1592 2381 1702 2416 mortis
1724 2380 1857 2416 articulo

1105 2435 1228 2483 plenam
1259 2435 1491 2475 remissionem,
1513 2436 1544 2470 in
1561 2442 1644 2470 statu
1667 2443 1697 2470 et
1724 2434 1858 2470 sinceri-

1104 2498 1166 2525 tate
1187 2490 1221 2526 S.
1245 2491 1284 2526 R.
1304 2491 1342 2526 E.
1365 2502 1402 2525 ac
1420 2490 1611 2534 obedientia,
1626 2490 1674 2525 vel
1690 2489 1857 2525 devotione

1105 2553 1222 2589 nostra,
1251 2544 1298 2580 vel
1321 2556 1544 2580 successorum
1582 2552 1759 2580 nostrorum
1787 2541 1856 2576 Ro-

1105 2611 1269 2634 manorum
1291 2599 1480 2634 Pontificum
1495 2598 1646 2634 canonice
1662 2596 1856 2634 intrantium,

1103 2666 1226 2689 necnon
1254 2653 1451 2690 observantia
1475 2652 1630 2700 praedicta
1654 2650 1855 2698 persistente,

1876 273 1924 299 An.
1947 273 1976 300 C.
1991 275 2057 300 111ὅῖ

1881 337 1908 358 nn·
1917 340 2025 360 mansione
2035 344 2053 359 et

1879 369 2048 390 deanitiutattmss

1874 406 1894 419 tn
1911 400 2007 420 claustri«

1888 553 1971 575 Fratres
1982 555 2007 576 ad
2019 555 2058 575 ola-

1874 586 2002 605 uervantiam
2018 591 2057 605 an-

1874 616 1960 635 terioris
1988 615 2058 641 nogu-

1874 645 1906 665 lae
1923 651 1964 666 non
1980 649 2058 666 tenen—

1875 679 1908 696 tur

1882 827 1995 848 concessis
2010 833 2059 849 vero

1874 860 1937 878 antea
1971 858 2059 884 privile-

1875 891 1914 915 giis
1929 891 2026 915 gaudent,

1890 1682 2059 1704 contessarium-

1875 1718 1915 1740 que
1927 1713 1966 1734 sibl
1977 1719 2002 1734 ex
2012 1715 2058 1740 ipso

1875 1742 1954 1765 Ordine
1971 1748 2060 1770 possunt

1875 1774 1965 1800 eligere.
