2281 3251
252 255 304 282 An.
319 253 349 281 C.
369 254 432 283 stu

256 1056 414 1079 (onir-riorum

277 1088 394 1114 detegunt»

502 243 548 279 58

450 319 479 344 et
497 310 626 345 indultis
640 310 896 357 quibuscumque
911 310 1108 344 monasteriis
1123 322 1201 356 prae-

451 359 519 394 l'atis
542 360 571 394 in
600 372 716 406 genere
746 371 802 406 per
825 372 881 393 nos
910 360 954 393 xe!
978 358 1094 393 Sedem
1120 371 1202 406 prae-

449 409 563 443 dictam
588 410 760 449 concessis,
783 418 834 443 aut
859 409 960 443 l'orsan
987 409 1014 441 in
1040 416 1200 455 posterum

448 459 671 502 concedendis,
700 459 742 493 uti
766 467 795 493 et
823 459 959 504 gaudere
984 458 1115 500 valeant,
1137 470 1201 492 au·-

447 508 589 543 ctoritate
612 509 798 555 apostolica,
823 517 931 541 tenore
969 507 1199 553 praesentium.

449 566 601 604 perpetuo
623 558 802 596 statuimus,
830 557 1032 590 decernimus
1059 565 1088 591 ct
1107 557 1200 592 ordi-

447 619 570 644 namus.
594 620 629 643 ac
658 607 805 642 fratribus
829 605 1046 653 praesentibus
1068 615 1096 641 ct
1119 605 1201 641 sutu-

447 657 490 691 ris
513 657 713 699 huiusmodi,
736 656 885 704 quamdin
910 656 969 690 sub
992 655 1073 691 dicta
1097 656 1199 691 obser·

447 707 547 741 varitia
587 708 741 744 vixerint,
780 705 986 740 concedimus
1021 706 1137 753 pariter
1170 715 1199 742 et

446 755 667 802 indulgemus„
693 755 820 802 praelati
853 755 1102 803 archiepiscopi,
1125 768 1199 791 cae—

444 813 647 853 terorumque
658 806 889 840 ordinariorum
906 805 1060 849 locorum,
1073 817 1197 840 necnon

445 855 668 900 parochialium
692 854 906 890 Ecclesiarum
931 863 960 889 ct
982 855 1198 901 quorumlibet

442 903 574 939 aliorum
599 905 720 940 iuribus
747 904 825 940 alias
847 904 876 938 in
900 904 1050 939 omnibus
1072 918 1198 952 semper

443 953 545 988 sali-is.

490 1002 510 1050 S
531 1006 582 1038 17.
600 1003 668 1038 Non
693 1003 893 1039 obstantibus
915 1004 1197 1039 constitutionibus

442 1060 472 1087 et
495 1053 749 1088 ordinationibus
773 1066 808 1089 ac
840 1054 939 1089 literis
960 1062 990 1088 et
1024 1054 1197 1102 privilegiis

441 1103 634 1150 apostolicis.
659 1112 710 1137 etc.

489 1151 604 1187 Datum
632 1151 828 1194 Florentiae,
856 1165 940 1187 anno
967 1153 1196 1188 incarnationis

440 1201 617 1238 dominicae
639 1213 814 1246 mccccxu,
841 1211 954 1251 quarto
980 1215 1081 1238 nonas
1106 1213 1195 1238 octo-

440 1250 517 1296 bris,
541 1252 742 1299 pontificatus
771 1253 867 1287 nostri
896 1264 979 1288 anno
1006 1264 1053 1288 xi.

493 1312 522 1343 D
518 1318 553 1344 it.
573 1314 620 1345 die
634 1313 653 1345 4
672 1314 802 1356 octobris
816 1315 902 1353 1441,
916 1320 994 1355 pont.
1010 1325 1086 1346 anno
1102 1323 1139 1345 xi.

755 1442 883 1479 xxvn.

439 1510 613 1545 Concordia
647 1511 855 1546 lacobaarum
881 1513 914 1546 in
950 1511 1093 1561 AEyypto
1126 1525 1191 1546 cum

487 1560 604 1594 Sancto
632 1561 774 1595 Romana
802 1562 952 1602 Ecclesia
977 1570 1003 1596 et
1025 1564 1193 1607 expli'caao

487 1610 707 1645 nonnullorum
759 1613 961 1646 articulorum
1009 1614 1191 1647 catholicam

485 1660 576 1705 fidem
601 1662 856 1696 concernentium.

715 1726 929 1758 summatum

438 1776 626 1808 Prooemium.
654 1795 694 1801 —-
716 1780 742 1808 1.
772 1779 1009 1810 Benediccndum
1033 1779 1090 1811 Deo
1122 1790 1190 1820 gra—

479 1823 596 1862 tiaeque
609 1823 651 1853 illi
663 1823 1122 1862 agendae.—2.Comn1endano
1139 1837 1191 1865 pa-

478 1868 624 1897 triarchae
648 1868 863 1907 lacobitarum,
885 1870 1009 1909 eiusque
1034 1870 1131 1907 legati
1155 1887 1194 1894 —

477 1910 505 1940 3.
524 1910 671 1950 Expositio
691 1914 758 1944 fidei
778 1914 873 1944 eidem
895 1914 967 1945 sacta
990 1915 1093 1954 ligato.
1108 1932 1147 1938 —
1164 1917 1192 1947 4.

479 1953 518 1985 Du
535 1954 686 1987 Trinitale.
705 1974 745 1980 —
761 1959 787 1988 5.
814 1958 965 1989 Dainnatio
990 1959 1119 1997 illorum,
1142 1962 1191 2000 qui

478 2002 623 2030 contraria
654 2002 689 2031 tle
716 2000 858 2032 Trinitate
882 2012 1013 2034 sensere.
1036 2020 1075 2027 —
1103 2005 1130 2035 6.
1153 2005 1192 2035 De

478 2043 564 2074 libris
592 2046 763 2081 canonicis.
795 2055 870 2086 quos
899 2048 1042 2078 catholica
1067 2050 1192 2087 suscipit

477 2087 619 2118 Ecclesia.
640 2106 679 2112 --
703 2090 728 2119 7.
747 2090 985 2122 Manichaeorum
1015 2094 1191 2131 reprobatio.

477 2148 515 2153 —
542 2133 568 2163 8.
591 2133 630 2163 De
649 2135 776 2173 Christo,
805 2136 931 2175 eiusque
954 2138 1192 2176 proprietatibus,

476 2192 515 2198 —
536 2177 562 2207 9.
586 2177 676 2209 Morte
699 2185 727 2209 et
744 2181 971 2211 resurrectione.
987 2198 1025 2204 -
1044 2182 1089 2213 10.
1109 2182 1191 2214 Dam-

479 2223 556 2252 natio
579 2223 708 2260 illorum,
731 2225 779 2264 qni
808 2230 907 2255 contra
933 2225 1004 2256 haec
1024 2234 1191 2258 senserunt.

482 2267 526 2298 l1.
548 2267 639 2298 Nemo
661 2279 693 2298 ex
726 2271 784 2299 viro
816 2270 1003 2310 loeniinaque
1030 2279 1191 2311 conci-ptus

479 2312 623 2343 liberatus
651 2315 707 2345 suit
739 2325 751 2345 a
769 2315 878 2345 diaboii
898 2316 1110 2353 dominatione,
1135 2319 1189 2348 nisi

478 2367 529 2396 per
557 2360 658 2389 merita
689 2360 752 2390 lesu
785 2360 906 2391 Christi.
928 2378 968 2384 —-
996 2361 1043 2392 112.
1076 2362 1189 2401 Legalia

478 2404 583 2433 veteris
602 2404 780 2436 Testamenti
813 2410 878 2446 post
899 2405 1008 2437 Cbristi
1033 2407 1188 2437 adventum

476 2455 641 2481 cessarunt.
674 2467 711 2472 -—
748 2450 794 2480 13.
825 2450 1041 2481 Abstinendum
1070 2461 1139 2490 ergo
1175 2464 1188 2481 ιι

476 2490 706 2521 circumcisione
736 2495 763 2520 et
793 2490 925 2521 sabbate.
956 2508 995 2514 —
1030 2491 1076 2522 14.
1104 2491 1189 2522 Cibo-

475 2538 540 2559 rum
565 2530 728 2560 differentia
757 2531 791 2561 ad
815 2531 899 2569 legat.
926 2536 979 2561 vet.
1011 2531 1189 2562 Testamenti

476 2571 611 2608 pertinet,
629 2580 704 2610 quae
723 2571 781 2600 iam
800 2577 966 2602 cessarunt.
998 2580 1037 2595 --’
1065 2572 1112 2602 15.
1134 2572 1189 2607 Qui

476 2615 553 2640 extra
600 2610 762 2641 Ecclesiam
803 2611 977 2642 catholicam
1027 2617 1096 2642 sunt
1134 2612 1191 2641 sai-

477 2650 535 2680 νει-ἰ
554 2659 611 2681 non
631 2655 766 2690 possunt.
786 2666 825 2674 —
844 2651 889 2682 16.
907 2650 1039 2682 Ecclesia
1058 2651 1189 2683 Romana

1031 254 1219 277 asumma!
1247 255 1408 278 ROMAWM

1285 310 1409 348 suscipit
1431 310 1573 349 synodum
1597 309 1772 345 Nicaenam,
1794 328 1834 334 —
1855 312 1902 341 17.
1924 311 1999 342 con-

1285 355 1588 394 stantinopolitanam,
1606 372 1646 378 —
1668 357 1715 386 18.
1737 355 1917 394 Ephesinam
1941 357 2000 395 pri-

1285 408 1372 436 mam;
1384 416 1422 422 —
1439 400 1484 431 19.
1502 399 1623 430 Damnat
1643 409 1709 431 vero
1726 402 1887 431 secundam
1905 400 1999 438 Ephe-

1283 444 1390 474 sinam.
1410 461 1449 467 —
1469 444 1517 475 20.
1540 444 1633 475 Tenet
1650 449 1747 475 autem
1771 445 1997 476 Chalcedonen-

1283 496 1344 517 seni
1364 494 1510 528 quartam.
1528 505 1567 512 -
1584 489 1631 519 21.
1649 489 1787 525 Quintam
1807 490 1952 529 synodum
1971 495 1999 520 et

1284 533 1444 563 secundam
1478 533 1840 571 Constantinopolitanam,
1877 551 1916 556 —
1950 534 1997 565 22.

1283 575 1465 608 Constantin.
1485 578 1659 612 tertiam,—-
1674 578 1722 608 23.
1739 579 1878 618 Atiasque
1895 588 1998 609 omnes

1283 623 1456 653 auctoritate
1481 623 1629 661 pontificia
1658 629 1861 662 congregatas.
1887 640 1926 646 —
1947 623 1996 654 24.

1283 664 1386 696 Forma
1411 668 1655 698 consecrationis.
1673 685 1712 691 --
1737 668 1785 698 25.
1809 667 1896 698 Panis
1919 669 1996 699 triti-

1283 719 1366 747 ceus,
1397 711 1437 741 nil
1468 712 1566 752 refert,
1593 722 1629 742 an
1659 714 1762 742 eodem
1786 713 1828 743 vel
1861 714 1998 743 hesterno

1281 755 1329 786 die
1345 756 1497 786 consectus
1514 759 1562 794 sit;
1583 774 1622 780 -
1636 757 1684 788 26.
1700 757 1874 797 Nuptiarum
1895 758 1997 788 multi·

1282 800 1400 839 plicitas
1413 801 1568 839 permissa.
1580 801 1676 831 -ΞἹ,
1689 803 1857 841 Acceptatio
1882 802 1999 840 praedi-

1280 850 1393 874 ctorum
1415 855 1466 884 pro
1487 851 1567 884 parte
1596 845 1803 876 l;·=‹0bitaru1n.
1824 863 1863 869 —
1884 846 1932 877 28.
1944 845 1999 877 Te-

1280 899 1333 919 nor
1351 890 1446 920 dictae
1469 891 1691 929 acceptationis

1290 959 1424 996 ungenitus
1443 962 1586 998 episcopus
1608 968 1704 991 servus
1730 969 1869 991 sorvorum
1887 961 1944 996 nei.

1374 1011 1408 1039 ad
1437 1013 1599 1048 perpetuam
1629 1011 1670 1040 rei
1694 1011 1861 1041 memoriam.

1287 1077 1418 1114 cantate
1459 1078 1607 1117 Domino
1643 1079 1792 1134 quoniam
1829 1077 1996 1125 magnifice

1239 1126 1328 1169 fecit;
1356 1130 1550 1164 annunciate
1572 1128 1678 1163 baec
1673 1142 1702 1163 ιιι
1728 1129 1873 1164 universa
1897 1138 1994 1170 terra;

1238 1177 1342 1212 exulta
1365 1188 1394 1213 et
1427 1178 1532 1223 ΙιιυιΙι,ι
1560 1178 1709 1213 babitatio
1730 1178 1820 1218 Sion
1843 1178 1993 1226 quoniam

1239 1240 1372 1274 magnus
1396 1227 1424 1261 iu
1450 1206 1554 1263 medio
1577 1229 1619 1262 tni
1636 1237 1765 1263 sanctus·
1783 1227 1886 1262 lsrael.
1909 1226 1996 1263 Can·

1238 1285 1302 1311 tare
1318 1277 1457 1324 prolecto
1476 1287 1505 1312 ct
1528 1279 1668 1313 exultare
1692 1278 1721 1312 in
1745 1277 1883 1312 Domino
1905 1278 1995 1312 decet

1237 1326 1411 1362 Ecclesiam
1439 1327 1492 1361 l)ei
1518 1340 1573 1375 pro
1590 1329 1606 1362 t·
1619 1341 1645 1362 ic
1663 1327 1773 1373 grandi
1789 1327 1994 1373 magnificen-

1238 1377 1277 1411 tia
1301 1385 1331 1411 et
1354 1378 1452 1423 gloria
1475 1378 1612 1412 nominis
1634 1377 1695 1421 sui,
1717 1389 1811 1424 quam
1840 1376 1994 1412 hodierna

1237 1426 1287 1460 die
1310 1427 1579 1462 clementissinms
1594 1427 1681 1463 Deus
1703 1427 1824 1474 operari
1844 1427 1994 1474 dignatus

1236 1485 1293 1510 est.
1317 1476 1397 1510 Toto
1420 1476 1578 1524 siquidem
1607 1476 1701 1512 corde
1725 1476 1853 1511 laudare
1882 1485 1912 1511 ct
1936 1475 1994 1511 be—

1237 1526 1382 1560 nedicere
1409 1524 1603 1561 Salvatorem
1648 1534 1790 1561 nostrum
1826 1539 1884 1561 nos
1915 1537 1994 1561 con-

1238 1576 1334 1613 venit,
1357 1578 1410 1623 qui
1435 1585 1575 1610 sanctam
1599 1575 1773 1610 Ecclesiam
1789 1588 1879 1610 snam
1903 1576 1993 1610 novis

1236 1626 1378 1671 qnotidie
1414 1626 1594 1660 accumulat
1623 1626 1842 1660 incrementis.
1868 1624 1992 1668 Quam-

1236 1689 1329 1721 quam
1354 1684 1458 1710 autem
1483 1676 1512 1709 in
1538 1675 1691 1722 populum
1712 1675 1919 1710 christianum
1935 1688 1991 1710 sua

1237 1726 1387 1760 beneficia
1415 1726 1499 1760 omni
1529 1734 1670 1772 tempore
1694 1724 1790 1760 multa
1825 1733 1856 1760 et
1878 1737 1991 1771 magua

1235 1775 1309 1817 siat,
1332 1788 1412 1821 quae
1429 1775 1499 1810 lnce
1521 1774 1639 1810 elarius
1658 1787 1731 1821 erga
1753 1787 1810 1810 nos
1832 1787 1920 1808 suam
1937 1775 1992 1809 im-

1237 1837 1378 1858 mensam
1406 1825 1568 1859 caritatem
1602 1824 1796 1865 ostendunt;
1824 1825 1849 1858 si
1886 1832 1990 1859 tamen

1236 1883 1379 1908 accurate
1408 1874 1596 1929 inspicimus
1630 1886 1712 1921 quae
1735 1883 1765 1908 et
1792 1882 1907 1921 quanta
1943 1873 1991 1908 bis

1236 1922 1348 1957 diebus
1365 1924 1544 1958 novissimis
1566 1923 1673 1958 ditina
1695 1924 1860 1958 clementia
1890 1922 1991 1958 lacere

1236 1972 1362 2019 dignata
1382 1982 1440 2011 est,
1465 1973 1603 2008 iudicare
1625 1981 1709 2008 certe
1733 1973 1908 2020 poterimus
1932 1972 1991 2008 boc

1238 2031 1344 2057 nostro
1373 2031 1514 2070 temporo
1543 2023 1631 2068 plura
1665 2035 1701 2057 ae
1737 2023 1867 2066 inaiora,
1895 2034 1990 2069 quam

1235 2084 1250 2106 a
1275 2072 1382 2106 multis
1406 2074 1568 2107 retroactis
1591 2072 1788 2119 temporibus
1810 2084 1886 2107 suae
1910 2073 1991 2107 cari-

1237 2122 1307 2155 tatis
1323 2134 1449 2155 munera
1466 2122 1616 2157 extitisse.
1637 2121 1720 2157 Ecce
1742 2121 1990 2165 enim,n0ndum

1235 2172 1508 2216 exat-toirienaio,
1525 2173 1553 2206 in
1578 2172 1635 2207 bac
1657 2180 1764 2207 sancta
1788 2171 1990 2207 oecumenica

1235 2221 1354 2267 syuodo
1389 2221 1635 2257 saluberrimam·
1669 2223 1761 2256 trium
1805 2234 1989 2268 :ungu-arum

1237 2280 1398 2306 nat.0num
1415 2272 1562 2306 unionem
1593 2271 1750 2306 Dominus
1777 2280 1883 2306 noster
1901 2269 1990 2305 lesus

1235 2319 1392 2359 Christus.
1443 2334 1498 2368 pro
1532 2333 1588 2356 sua
1632 2320 1816 2367 infatigabili
1862 2321 1989 2367 pietate,

1234 2371 1270 2403 ad
1295 2383 1464 2406 commune
1487 2383 1692 2418 perenneque
1721 2371 1817 2406 totius
1843 2371 1990 2406 christia-

1235 2425 1339 2460 nitatis
1378 2425 1551 2471 gaudium,
1587 2435 1648 2460 tam
1698 2426 1825 2472 copiose
1869 2425 1988 2461 effecit:

1235 2481 1317 2514 orale
1343 2491 1446 2515 actam
1470 2488 1529 2520 cst,
1556 2488 1591 2515 ut
1613 2488 1698 2515 totus
1715 2480 1780 2515 lere
1794 2479 1988 2528 Oriens‚qui

1234 2534 1407 2580 gloriosum
1436 2534 1553 2570 Clu-isti
1584 2546 1700 2570 nomen
1723 2534 1844 2576 adorat,
1866 2548 1903 2570 ac
1925 2547 1988 2572 non

1235 2601 1325 2636 parva
1348 2588 1583 2637 Septentrionis
1602 2589 1714 2636 portio,
1730 2597 1799 2636 post
1814 2588 1905 2637 longa
1921 2590 1989 2625 dis-

1232 2643 1312 2678 sidia
1340 2655 1413 2678 cum
1448 2651 1557 2679 sancta
1589 2642 1732 2679 Romana
1766 2642 1922 2686 Ecclesia,
1956 2643 1986 2679 in

2016 259 2070 288 An.
2085 255 2116 286 C.
2131 258 2201 287 ihu·

2035 1091 2167 1114 Pro-utu.
