2281 3251
260 258 310 284 An.
324 256 353 284 C.
373 256 440 284 ¹⁸¹6

267 365 344 386 sonuit
370 370 390 386 et
407 367 438 386 ct-

260 401 310 417 tnit
326 397 397 417 tistto-
407 404 439 417 su·

253 434 290 454 Ρθῐ
300 434 436 448 ΓΕΪΟΕὶΙΙοΠθ

252 463 401 487 pragmaticae.

266 1550 302 1570 tlte
332 1549 425 1571 Pontii-»x

246 1580 310 1600 ¹lulio
342 1582 425 1602 interim

242 1611 349 1638 defunctu,
363 1619 426 1633 ωυιιι·

243 1643 425 1664 tionlnterrninuin

242 1676 369 1700 prorogarit,

503 246 573 280 660

501 315 516 355 §
538 313 570 345 2.
597 310 636 345 Et
654 321 845 358 quamquam
870 309 991 344 sanctio
1015 308 1150 355 praefata
1166 321 1203 344 ex

453 362 559 395 multis
581 360 713 394 nullitati
735 359 871 393 notoriae
894 359 1084 398 subiaceret,
1106 358 1205 392 schis-

452 423 565 457 niaque
589 410 788 442 manifestum
814 407 929 442 foveret
957 417 986 442 et
1010 408 1203 449 continere13

449 468 477 494 et
496 468 671 505 propterea,
686 458 834 491 citatione
844 456 947 503 aliqua
965 457 1094 491 minime
1112 469 1204 503 prae-

449 509 591 551 cedi-ute,
621 520 675 554 per
703 519 737 540 se
766 507 869 544 irrita,
898 506 983 540 nulla
1015 514 1044 541 et
1068 506 1202 541 invalida

448 558 596 591 declarari
635 556 805 602 potuisset;
829 568 866 589 ex
894 555 1067 590 abundanti
1097 564 1200 591 tamen

447 607 577 646 cantela,
596 606 676 640 idem
699 605 794 640 lulius
818 604 1042 651 praedecessor
1064 604 1203 640 Gallicos

446 656 613 702 praelatos,
641 655 776 701 capitula
805 655 1010 689 ecclesiarum
1039 663 1066 689 et
1097 667 1203 690 mona-

446 705 626 747 steriorum,
643 705 835 751 parlamenta
851 712 879 738 et
900 704 996 739 laicos
1020 704 1080 739 illis
1101 705 1201 740 faven—

447 763 492 788 tes
513 763 542 788 et
565 755 646 788 dicta
666 754 828 788 sanctione
859 761 995 794 utentes,
1023 766 1202 802 omnesque

445 812 473 838 et
496 803 640 849 singulos
661 804 740 838 alios
764 803 792 837 in
818 804 1001 850 praemissis
1020 816 1087 843 sua,
1111 816 1201 839 com-

447 854 582 887 muniter
610 852 656 886 vel
681 853 818 893 divisim,
855 853 1007 888 interesse
1032 862 1200 901 putantes,

447 915 502 948 per
524 902 661 937 edictum
682 902 857 949 publicum,
872 914 944 937 cum
962 903 998 937 ad
1016 913 1120 950 partes
1134 904 1201 939 illas

447 960 534 986 tutus
557 961 630 986 tnnc
653 964 714 986 non
745 960 864 999 pateret
891 965 1050 994 accessus,
1079 954 1108 988 in
1132 954 1196 989 Me-

446 1001 574 1041 ‹liolan.,
595 1002 741 1036 Asterisis
755 1010 785 1036 et
800 1001 966 1048 I'apiensis
986 1004 1198 1039 ecclesiarum

448 1051 542 1085 valvis
563 1052 767 1098 affligendum,
781 1052 903 1086 monuit
917 1060 946 1087 et
959 1053 1064 1088 citavit
1084 1062 1129 1098 ut,
1152 1054 1200 1088 in-

446 1100 488 1134 fra
507 1110 581 1136 tunc
595 1114 780 1147 expressum
797 1102 980 1143 terminum,
1000 1115 1104 1138 coram
1119 1116 1156 1139 eo
1170 1112 1199 1138 et

445 1150 528 1185 dicto
547 1152 682 1186 concilio
705 1160 937 1198 comparerent,
960 1165 1136 1200 causasque
1151 1153 1200 1188 di-

444 1209 550 1235 cerent
566 1228 573 1241 ,
601 1201 718 1248 quibus
745 1201 865 1235 sanctio
889 1202 1025 1248 praefata
1050 1203 1199 1250 illiusque

444 1251 621 1297 corruptela
661 1259 691 1285 et
724 1250 834 1285 abusio
864 1251 893 1284 in
931 1253 1199 1288 concernentibus

443 1300 660 1334 auctoritatem
681 1300 844 1335 Romanae
867 1300 1028 1337 Ecclesiae
1047 1310 1077 1336 et
1091 1314 1199 1337 sacro-

445 1361 511 1382 rum
541 1361 709 1389 canonum,
729 1362 765 1384 ac
792 1350 1023 1386 ecclesiasticae
1047 1352 1198 1387 libertatis

443 1398 641 1434 violationem
659 1399 744 1435 nulla
762 1408 792 1434 et
814 1400 953 1436 invalida
968 1401 1118 1437 declarari
1134 1415 1196 1437 nou

442 1448 583 1483 deberet.

490 1498 510 1544 ἓ
534 1501 565 1532 5.
592 1498 686 1539 Cum,
703 1499 787 1535 dicto
800 1499 881 1535 Iulio
906 1501 1149 1548 praedecessore
1166 1501 1195 1536 in

442 1547 588 1583 humanis
629 1557 753 1596 agente,
781 1549 916 1585 diversis
958 1551 1197 1598 impedimentis

441 1598 655 1642 causantibus,
670 1599 775 1633 citatio
794 1602 908 1648 exequi
927 1609 955 1635 et
975 1601 1145 1648 reproduci
1161 1614 1197 1636 ac

442 1649 599 1693 negotium
634 1648 849 1695 abrogationis
884 1650 1066 1685 huiusmodi
1105 1651 1196 1697 plene

440 1697 565 1735 discuti,
591 1707 622 1732 ut
652 1699 783 1734 intentio
808 1700 907 1747 ipsius
924 1700 994 1734 lulii
1012 1700 1196 1747 praedeces-

439 1747 521 1781 soris
556 1747 671 1791 fnerat,
695 1761 756 1783 non
788 1750 958 1796 potuissem
986 1751 1054 1791 sed,
1083 1750 1194 1786 eodem

440 1795 520 1831 lulio
544 1797 787 1844 praedecessore
811 1799 905 1834 rebus
928 1799 1078 1834 humanis
1093 1812 1195 1835 exem-

439 1854 508 1891 pto,
532 1847 637 1881 citatio
666 1848 731 1894 ipsa
755 1848 894 1894 legitime
917 1858 1062 1893 executa,
1086 1858 1116 1883 et
1139 1863 1195 1897 per

439 1906 673 1941 procuratorem
698 1897 836 1933 fiscalem
860 1899 940 1934 sacri
965 1900 1090 1934 concilii
1120 1912 1194 1947 pro-

438 1954 589 1980 motorem
615 1948 814 1994 reproducta,
844 1949 1050 1996 ipsorumque
1074 1950 1193 1984 citato—

437 2007 505 2029 rum
543 2008 603 2030 non
627 1999 880 2044 comparentium
910 1999 1110 2034 contumacia
1137 2012 1192 2034 ac·-

437 2053 560 2086 rusata,
581 2054 609 2081 ct
645 2047 681 2080 ad
720 2047 870 2082 ulteriora
899 2048 1027 2094 procedi
1058 2049 1190 2095 petitum

437 2098 557 2143 fuisset,
586 2112 654 2140 nOS,
679 2101 784 2135 divina
808 2102 929 2137 favente
952 2102 1129 2148 clementia,
1152 2103 1190 2138 ad

436 2153 549 2186 summi
578 2155 772 2200 apostolatus
795 2155 916 2203 apicem
940 2159 1105 2204 assumpti,
1121 2171 1190 2193 om-

436 2206 528 2240 nihus
557 2209 615 2242 rite
644 2210 800 2255 pensatis,
830 2211 973 2257 petitioni
1000 2212 1189 2259 praedit-tae,

435 2272 471 2294 ex
499 2261 590 2296 certis
619 2264 734 2305 causis,
752 2264 876 2299 nullum
901 2273 977 2300 tnnc
1000 2278 1187 2313 responsum

435 2314 594 2357 dedimus3
622 2328 655 2351 ac
680 2317 808 2359 deinde,
831 2332 902 2354 cum
933 2332 989 2367 per
1004 2320 1104 2355 dictos
1122 2334 1189 2355 mo-

437 2369 518 2404 nitos
540 2378 569 2404 et
592 2371 703 2406 citatos
726 2372 846 2407 diversa
872 2374 1097 2421 impedimenta
1117 2375 1189 2410 alle-

434 2432 596 2468 garentur,
625 2434 723 2471 quare
746 2426 775 2460 in
800 2428 937 2463 termino
965 2429 1022 2473 eis,
1045 2436 1077 2462 ut
1102 2441 1188 2476 prae-

435 2476 545 2522 fertur,
570 2478 707 2525 praefixo
720 2492 904 2527 comparere
918 2495 979 2517 non
997 2482 1186 2530 potuissent,

435 2539 468 2565 ut
492 2533 595 2567 omnis
623 2533 720 2568 iustae
748 2537 966 2572 excusationis
987 2544 1017 2571 et
1039 2537 1186 2583 querelae

434 2585 558 2620 occasio
585 2586 631 2621 eis
658 2587 845 2633 auferretur,
874 2591 1043 2626 terminum
1067 2590 1187 2626 citatio·

435 2638 483 2673 nis
505 2647 534 2674 et
556 2641 744 2677 monitionis
772 2643 954 2681 huiusmodi
990 2644 1185 2693 praefixum,

1035 255 1134 278 Bt'tm
1141 254 1222 277 mua!
1250 253 1414 276 ROMANUM

2017 252 2066 280 An.
2085 252 2113 280 C.
2135 252 2203 281 ¹8¹0

1246 307 1359 342 eodem
1374 319 1464 341 sacro
1480 306 1674 354 approbante
1689 307 1835 349 concilio,
1850 307 1887 342 ad
1903 307 2001 344 alium

1247 365 1320 390 tunc
1343 368 1529 403 expressum
1553 357 1812 401 terminum,iam
1836 357 1889 393 diu
1912 358 2003 394 efflu-

1246 418 1320 440 xum
1358 406 1387 439 in
1411 405 1543 441 diversis
1565 407 1764 442 sessionibus
1786 407 1905 455 pluries
1929 420 2003 456 pro-

1247 467 1439 501 rogavimus.

1294 505 1314 551 S
1336 507 1369 538 4.
1397 505 1480 540 Cum
1510 513 1614 540 autem
1638 506 1749 541 moniti
1763 514 1793 542 et
1808 506 1894 542 citati
1910 519 2002 555 prae-
2016 512 2061 563 03¹⁰
2082 512 2162 548 etqrw,
2177 513 2202 535 ιὰ

1245 553 1473 593 dicti,sul›latis
1496 555 1556 590 iam
1579 555 1730 590 omnibus
1752 556 2001 604 impedimentis,
2016 543 2204 597 ιἠἷιῗιῗλέκῖἷῖξ-

1245 604 1434 651 essluxisque
1462 604 1611 639 omnibus
1635 606 1791 650 terminis,
1813 618 1918 642 coram
1942 619 2002 642 no·
2016 606 2063 627 ”³¹⁶
2079 607 2170 628 ⁶⁰¹¹¹⁰³⁸·

1245 653 1293 687 bis
1320 662 1349 688 et
1384 654 1467 688 ‹licto
1499 655 1633 689 concilio
1669 667 1731 689 non
1763 657 2001 703 comparuerint

1246 715 1304 737 nec
1318 715 1501 751 comparere
1529 705 1707 738 curaverint
1734 704 1771 739 ad
1797 705 1999 752 allegandum

1244 765 1386 798 causam,
1413 765 1512 801 quare
1539 754 1659 789 sanctio
1683 754 1839 800 praedicta
1854 756 1937 791 nulla
1953 756 2001 791 de-

1244 803 1356 838 clarari
1381 816 1443 838 non
1467 803 1590 845 debeat3
1608 804 1647 838 ita
1664 805 1901 840 utexcusationi
1919 805 2000 840 ultra

1244 852 1333 888 locus
1361 865 1423 888 non
1455 853 1507 897 sit,
1537 854 1724 901 possintque
1751 855 1864 890 merito
1887 863 2001 890 contu-

1244 915 1349 938 maces
1377 904 1527 950 reputari,
1563 913 1655 950 prout
1688 916 1758 945 eos,
1781 905 1928 951 exigente
1952 905 2001 940 iu-

1243 953 1336 993 stitia,
1362 961 1560 1000 reputamus,
1589 966 1658 994 nos,
1682 962 1804 989 mature
1831 954 2001 990 attenden-

1244 1010 1289 1038 tes
1318 1003 1541 1050 pragmaticam
1565 1003 1762 1038 sanctionem
1791 1004 1836 1038 vel
1871 1005 1999 1051 potius,

1244 1061 1277 1087 ut
1310 1053 1432 1087 dictum
1465 1061 1536 1097 est,
1573 1054 1784 1100 corruptelam
1819 1054 2000 1089 schismatis

1243 1112 1385 1150 tempore
1399 1114 1414 1136 a
1432 1114 1494 1137 non
1511 1102 1702 1137 habentibus
1726 1112 1911 1150 potestatem
1929 1103 2000 1139 edi-

1243 1160 1316 1192 tain,
1343 1153 1480 1199 reliquae
1500 1152 1690 1188 christianae
1714 1153 1907 1200 reipublicae
1935 1153 2000 1188 Ec-

1241 1201 1419 1250 clesiaeque
1446 1211 1573 1237 sanctae
1600 1202 1659 1236 Dei
1701 1203 1881 1238 nullatenus
1915 1215 2000 1238 con-

1242 1251 1386 1292 formem,
1410 1260 1440 1286 οἱ
1471 1263 1487 1286 a
1522 1252 1596 1286 clar.
1622 1264 1717 1287 mem.
1742 1252 1905 1287 Ludovico
1927 1252 1997 1298 XI,

1240 1300 1438 1337 Francorum
1462 1313 1536 1348 rege
1558 1301 1841 1347 christianissimo,
1871 1314 1998 1338 revoca-

1241 1359 1314 1393 tam,
1339 1360 1490 1386 cassatam
1515 1359 1610 1398 atque
1637 1351 1797 1397 abolitam,
1825 1352 1998 1387 auctorita-

1241 1408 1315 1442 tem,
1339 1401 1513 1436 libertatem
1530 1413 1566 1436 ac
1581 1401 1768 1447 dignitatem
1791 1402 1892 1437 dictae
1905 1402 1998 1437 Sedis

1240 1449 1357 1485 violare
1385 1463 1421 1486 ac
1449 1450 1639 1492 diminuere;
1663 1451 1909 1499 facultatemque
1936 1451 1996 1487 Ro-

1241 1501 1323 1534 mani
1353 1500 1518 1536 Pontificis
1555 1512 1611 1547 pro
1643 1509 1787 1548 tempore
1814 1502 1996 1546 existentis,

1239 1551 1278 1585 de
1295 1559 1421 1585 sanetae
1443 1550 1606 1585 Romanae
1624 1549 1786 1586 Ecclesiae
1822 1551 1920 1591 card.,
1941 1563 1997 1598 pro

1240 1601 1408 1635 universali
1436 1600 1579 1635 Ecclesia
1607 1600 1734 1635 assidue
1766 1600 1997 1646 laborantium,

1240 1650 1445 1697 virorumque
1472 1651 1638 1685 doctorum
1676 1651 1842 1697 personis,
1879 1650 1997 1698 quibus

1238 1700 1379 1734 abundat
1402 1699 1513 1744 Curia,
1535 1708 1563 1734 et
1588 1711 1722 1747 quorum
1747 1700 1888 1735 consiliis
1903 1699 1997 1735 Sedis

1238 1750 1442 1796 Apostolicae
1477 1759 1508 1785 et
1541 1749 1678 1784 Romani
1712 1749 1875 1785 Pontificis
1901 1757 1996 1797 atque

1239 1800 1426 1834 universalis
1454 1799 1618 1834 Ecclesiae
1640 1800 1811 1834 auctoritas
1844 1807 1874 1834 et
1897 1808 1994 1846 pote—

1236 1857 1300 1884 stas
1332 1858 1570 1893 conservantur,
1593 1849 1784 1896 negotiaque
1811 1849 1994 1895 diriguntur

1236 1907 1266 1933 et
1289 1900 1318 1933 in
1343 1911 1496 1946 prospero
1515 1908 1595 1934 statu
1612 1898 1830 1940 confoventur,
1850 1898 1992 1934 ecclesiis

1236 1957 1266 1983 et
1299 1949 1522 1989 monasteriis,
1554 1948 1739 1995 eisdemque
1775 1949 1917 1995 personis
1951 1947 1991 1983 de

1236 1998 1368 2046 reliquis
1390 1999 1554 2034 beneficiis
1577 1998 1810 2042 ecclesiasticis,
1829 1999 1912 2033 iuxta
1935 2010 1991 2033 eo-

1235 2061 1303 2082 rum
1331 2056 1431 2083 status
1453 2049 1656 2094 exigentiam,
1685 2048 1882 2095 providendi,
1901 2048 1991 2095 peni-

1234 2110 1283 2136 tus
1310 2104 1446 2144 auferre,
1481 2103 1627 2150 praelatis
1657 2114 1729 2137 vero
1763 2102 1989 2137 ecclesiasticis

1234 2156 1356 2191 illarum
1382 2158 1517 2204 partium
1542 2169 1669 2192 causam
1691 2156 1841 2204 praebere
1865 2165 1899 2191 ut
1927 2156 1988 2203 ipsi

1233 2222 1363 2245 nervum
1387 2211 1622 2246 ecclesiasticae
1645 2211 1833 2258 disciplinae
1859 2218 1891 2245 et
1911 2210 1989 2246 obe-

1232 2265 1370 2301 dientiae
1392 2275 1536 2302 sanctum
1561 2266 1706 2313 frangant
1727 2274 1757 2301 et
1784 2266 1924 2306 violent,
1951 2277 1988 2301 ac

1231 2329 1337 2355 contra
1367 2333 1424 2356 nos
1453 2330 1482 2356 et
1508 2320 1624 2356 Sedem
1649 2320 1853 2367 praedictam,
1875 2332 1986 2355 eorum

1232 2383 1375 2415 matrem,
1389 2387 1507 2410 cornua
1523 2375 1655 2421 erigant,
1667 2382 1697 2409 et
1711 2375 1757 2410 eis
1766 2374 1803 2409 ad
1815 2375 1986 2422 praemissa

1230 2429 1411 2464 audendum
1435 2426 1523 2464 viam
1539 2429 1673 2476 aperire,
1697 2429 1862 2477 ipsamque
1886 2437 1986 2464 noto-

1231 2484 1292 2518 riae
1319 2484 1455 2519 nullitati
1479 2483 1655 2527 subiacere,
1671 2482 1833 2530 nulloque,
1849 2483 1908 2518 nisi
1925 2483 1985 2518 ali—

1229 2538 1319 2572 cuius
1348 2538 1510 2586 temporiS,
1524 2550 1580 2573 seu
1598 2539 1704 2585 potius
1720 2537 1903 2573 tolerantiae
1925 2549 1985 2573 cu-

1229 2591 1348 2625 iusdam
1378 2591 1573 2627 adminiculo
1608 2591 1731 2637 fulciri,
1759 2592 1817 2627 etsi
1846 2591 1983 2627 Romani

1228 2644 1409 2691 Pontifices,
1432 2646 1694 2692 praedecessores
1715 2645 1814 2681 nostri
1838 2645 1982 2693 praefati,
