2281 3251
87 301 136 329 An.
153 298 273 327 &15¹7-

282 355 335 390 riri
358 367 420 390 non
445 354 542 402 possit
569 354 598 388 in
620 353 720 394 libris,
748 353 824 389 dum
844 354 882 389 ‹le
906 355 1028 390 illarum

281 405 471 440 admissione
498 405 658 452 quaeritur
682 412 712 438 et
740 413 906 446 tractatur3
937 407 1030 440 etsie

283 455 312 489 in
343 462 494 501 potestate
522 455 617 501 partis
634 454 663 487 in
688 454 827 489 fraudem
855 464 885 490 ct
912 454 1030 502 decep-

282 506 399 539 tionem
418 512 554 539 nostram
571 512 599 538 et
616 504 910 551 impetrantium,ad
920 517 1029 539 eorum

283 554 490 601 propositum,
509 554 569 588 illis
586 554 628 587 uti
654 554 698 588 vel
727 565 779 588 eas
801 554 916 595 celare,
940 563 1030 600 prout

281 603 327 637 eis
350 604 449 649 magis
472 603 621 650 expedire
644 603 779 643 videtur,
803 604 832 637 in
857 604 1029 638 maximum

282 653 462 687 scandalum
479 653 644 687 curialium
664 660 693 687 ct
707 653 836 687 aliorum
858 653 1030 701 impetran-

283 703 374 743 tium,
391 711 420 737 et
438 703 609 749 pessimum
634 702 825 750 exemplum.

331 752 350 799 S
364 756 420 786 12.
443 752 508 787 Nos
530 752 637 799 igitur,
651 752 687 786 atl
704 764 782 799 quos
803 764 841 787 ex
856 760 962 787 nostro
977 764 1031 787 ca-

98 802 467 836 Provideteireanierariatus
501 802 603 837 officio
638 802 774 849 pertinet
800 810 828 837 et
857 809 976 848 spectat
999 802 1029 836 in

85 840 185 892 {gssffiu'
204 846 269 867 pm*
283 851 566 899 primis,quantum
597 863 778 898 possumus,
794 852 968 898 providere,
991 851 1030 886 de

284 901 431 936 mandato
453 901 487 936 S.
502 901 540 935 D.
556 901 595 936 N.
619 901 734 947 Papae,
760 901 845 936 vivae
860 901 944 936 vocis
958 913 1030 935 ora-

282 951 354 985 culo
376 963 472 998 snper
494 951 554 986 hoc
576 950 667 985 nobis
680 950 772 992 facto,
796 960 824 985 et
846 951 1030 985 auctoritate

284 1000 379 1035 nostri
402 1001 625 1035 camerariatus
643 1000 748 1039 officii,
771 1000 984 1048 praecipimus
1000 1008 1029 1034 et

282 1050 469 1085 mandamus
507 1059 660 1097 quatenus
684 1050 782 1085 dictas
806 1050 1030 1095 resignationes

281 1099 505 1135 beneficiorum
521 1100 580 1135 iam
594 1099 689 1134 saetas
705 1107 734 1134 et
750 1099 902 1134 admissas
928 1111 1029 1145 usque

281 1149 310 1183 in
335 1157 531 1197 praesentem
553 1150 650 1190 diem,
678 1149 722 1183 sic
750 1157 870 1183 notatas
892 1149 922 1182 in
945 1161 1030 1183 mar-

281 1199 352 1245 gine
381 1199 649 1246 supplicationum
677 1198 856 1242 dumtaxat,
883 1198 976 1232 etiam
1004 1199 1029 1232 si

281 1248 423 1295 partibus
445 1249 604 1283 restitutae
619 1248 732 1291 forent,
756 1248 832 1282 infra
858 1249 1027 1282 terminum

280 1307 350 1332 octo
372 1298 494 1333 dierum
516 1298 655 1345 proxime
686 1297 874 1341 futurorum,
891 1298 920 1331 in
943 1297 1030 1332 libris

280 1347 470 1382 authenticis
480 1346 630 1382 Camerac
642 1346 914 1394 Apostolicae,ubi
933 1347 1027 1381 scribi

279 1404 309 1430 ct
335 1398 436 1431 notari
470 1398 594 1437 solent,
627 1397 791 1443 scripsisse
825 1405 856 1430 et
885 1397 1028 1444 posuisse

279 1445 425 1487 debeant,
451 1446 537 1481 omni
562 1459 648 1481 mora
671 1455 701 1481 et
723 1446 925 1481 excusatione
953 1458 1029 1481 ces-

279 1495 433 1530 sentibus.

326 1549 341 1588 ξ
359 1547 413 1580 15.
428 1545 670 1592 Resignationes
686 1557 769 1585 vero,
785 1558 864 1592 quas
878 1545 942 1580 lieri
954 1557 1030 1580 con-

92 1599 188 1620 fflem*
207 1594 377 1641 ‘⁰²⁰-tinget
400 1596 430 1630 in
454 1595 596 1630 futurum
625 1603 655 1629 et
678 1595 707 1629 in
738 1604 895 1642 posterum
924 1595 1030 1630 admit-

79 1637 122 1652 ω’
277 1645 389 1680 tendas
411 1653 442 1680 et
468 1645 646 1684 faciendas,
674 1645 735 1679 sub
763 1645 858 1679 oflicii
881 1645 1030 1692 privatio-

279 1695 326 1729 nis
356 1707 457 1742 poena
490 1703 521 1730 et
548 1695 906 1738 excommunicationis,
936 1707 1028 1740 quam

277 1744 408 1791 quilibet
422 1744 650 1780 contrafaciens
668 1756 705 1780 eo
719 1744 799 1779 facto
822 1745 971 1789 incurret,
989 1746 1030 1778 in-

278 1793 323 1828 sra
351 1802 412 1829 tres
434 1795 502 1829 dies
523 1807 540 1829 a
562 1793 613 1829 die
640 1794 858 1840 resignationis
881 1793 977 1829 factae
1001 1803 1030 1829 et

278 1851 402 1879 notatae
415 1845 482 1879 sive
495 1844 675 1891 stipulatae,
698 1845 728 1878 in
749 1844 840 1879 dictis
867 1843 954 1878 libris
968 1843 1030 1879 Ca-

278 1905 382 1928 merae
403 1894 618 1941 Apostolicae,
636 1894 665 1928 in
683 1894 780 1928 forma
803 1893 982 1928 authentica
1001 1903 1029 1928 et

278 1942 380 1989 legali,
409 1944 573 1979 admittere
601 1952 631 1978 et
660 1943 845 1978 solemniter
871 1955 1030 1990 apponere

279 2001 444 2028 teneantur
461 2001 491 2028 et
513 1993 659 2038 debeant,
673 1993 757 2028 omni
781 2005 909 2040 prorsus
931 2005 1030 2028 excu-

279 2043 399 2078 satione
428 2051 582 2084 cessante3
611 2055 668 2078 nec
691 2043 779 2091 prins
803 2043 892 2078 liceat
914 2043 959 2078 eis
999 2043 1028 2077 in

278 2093 419 2139 margine
436 2093 677 2140 supplicationis
697 2093 833 2128 scribere
849 2093 895 2127 vel
912 2101 1029 2138 notare,

279 2147 337 2181 nisi
366 2148 397 2182 in
427 2147 515 2182 libris
541 2148 730 2182 authenticis
755 2155 877 2182 notatae
902 2147 1028 2182 fuerint.

327 2201 347 2248 g
367 2204 422 2236 14.
438 2202 656 2237 Decernentes
677 2214 716 2237 ex
738 2214 824 2236 nunc
852 2201 1030 2248 resignatio·

79 2259 263 2314 ῃῇἒζῑῇἓέιῑὲζηίἲ
279 2267 333 2291 nes
351 2256 440 2292 aliter
462 2256 557 2291 factas
575 2256 693 2290 nullius
712 2255 863 2290 momenti
883 2257 1029 2300 existere,

81 2323 141 2349 rii-13
279 2322 337 2345 nec
359 2310 452 2346 alicui
476 2310 651 2357 suffragari,
679 2310 896 2357 beneficiaque
928 2311 1030 2346 taliter

278 2365 446 2412 resignata,
468 2378 530 2401 non
555 2378 610 2413 per
627 2365 885 2412 resignationem,
904 2365 956 2400 sed
973 2378 1030 2413 per

279 2419 400 2454 obitum
424 2432 544 2455 vacare.

327 2474 347 2521 g
370 2477 426 2509 15.
441 2474 626 2510 Mandantes
640 2473 710 2509 RR.
735 2473 873 2520 patribus
888 2473 1027 2509 dominis

81 2529 265 2584 'ffirsieiscffiffigj
280 2529 534 2576 praesidentibus
543 2537 573 2564 et
587 2528 711 2564 clericis
724 2527 877 2563 Gamerae
889 2528 1029 2576 Aposto-

82 2582 355 2631 unientes'coer-licae
383 2591 415 2617 ut
438 2583 540 2618 omnia
564 2591 593 2617 et
629 2581 754 2628 singula
782 2582 960 2629 supradicta
985 2582 1029 2617 in-

83 2629 144 2646 ⁰⁶²¹¹²
167 2629 263 2653 '‘¹¹¹¹”g'²'
281 2637 465 2671 violabiliter
477 2636 633 2672 observari
651 2636 840 2671 mandentet
855 2636 979 2678 faciant,
993 2649 1028 2671 ac

279 2690 317 2726 ad
331 2690 572 2726 declarationem
593 2698 623 2726 et
639 2690 854 2726 executionem
873 2690 1027 2726 dictarum

959 298 1021 322 LEO
1047 299 1070 321 X
1093 299 1143 323 PP-

1701 286 1769 321 709

1073 367 1242 402 poenarum
1264 355 1331 400 ipso
1354 354 1434 389 facto
1457 353 1652 389 incursarum
1668 353 1818 388 effectua-

1073 407 1140 440 liter
1168 404 1337 452 procedere
1364 405 1497 439 debcant
1523 412 1553 439 et
1581 411 1758 448 teneantur,
1786 412 1819 437 nt

1072 468 1151 501 quos
1169 468 1184 489 a
1202 455 1284 489 malo
1305 453 1361 489 Dei
1379 455 1472 488 timor
1493 465 1554 488 non
1575 461 1711 493 revocat,
1738 461 1818 487 tem-

1073 505 1187 548 poralis
1209 512 1352 539 coerceat
1373 503 1552 550 disciplina,
1577 503 1636 537 sul)
1657 503 1768 549 poenis
1787 503 1818 536 in

1072 554 1153 589 dicto
1178 554 1324 588 mandato
1352 553 1531 597 contentis,
1561 552 1591 587 in
1619 552 1767 587 omnibus
1789 560 1819 587 et

1073 616 1128 651 per
1142 604 1245 639 omnia
1261 604 1439 644 observent;
1462 615 1497 637 ac
1510 603 1669 637 cessiones
1691 610 1720 637 et
1737 602 1819 637 resi-

1072 654 1238 700 gnationes
1264 653 1389 688 easdem
1432 652 1638 688 continuatim
1669 653 1699 686 in
1741 651 1818 686 libro

1073 703 1317 749 resignationnm
1341 702 1531 743 describant,
1551 701 1637 737 nullo
1659 701 1820 748 spacioin-

1072 761 1118 787 ter
1138 753 1222 788 illam
1238 761 1267 787 et
1291 751 1541 799 praecedentem,
1555 752 1613 786 nisi
1630 751 1708 786 sorte
1724 751 1818 786 unius

1071 802 1185 847 lineae,
1208 802 1351 846 dimisso,
1373 809 1404 836 ut
1417 802 1539 836 tollatur
1561 801 1683 836 occasio
1699 800 1816 848 aliquid

1072 852 1102 886 in
1126 853 1230 887 medio
1253 851 1424 886 scribendi.

1119 901 1139 948 ἓ
1168 904 1223 936 16.
1239 901 1330 944 Item,
1346 909 1377 935 ut
1399 899 1485 935 omni
1509 909 1651 947 tempore
1664 899 1703 935 de
1721 900 1819 946 gestis

1072 963 1127 997 per
1150 951 1279 986 clericos
1305 950 1457 985 Camerae
1485 949 1561 984 ratio
1588 949 1676 984 reddi
1704 949 1817 995 valeat,
1832 948 2020 1003 ’ζξιζζξζξζζξξζ

1071 1000 1203 1047 quilibet
1226 1000 1366 1035 notarius
1389 1000 1501 1034 haheat
1520 1011 1617 1033 unum
1641 999 1768 1043 librum,
1785 1001 1815 1034 in
1833 1008 1962 1043 peditionum
1984 1013 2019 1027 ω·

1070 1062 1133 1096 quo
1147 1051 1289 1096 registret
1301 1061 1412 1084 omnes
1425 1049 1529 1084 literas
1540 1049 1721 1090 cameraleS,
1737 1061 1817 1096 quae
1832 1038 2019 1096 ss'ssssfumffg‘isfifiss

1072 1112 1125 1145 per
1148 1112 1261 1134 manns
1282 1112 1355 1134 snas
1377 1098 1598 1146 expediuntur,
1617 1107 1781 1146 postquam
1801 1111 1817 1134 a
1833 1102 1899 1127 ¹³⁰⁰⁰¹

1070 1148 1184 1183 clerico
1201 1150 1283 1183 visae
1306 1149 1432 1193 fuerint,
1449 1156 1623 1183 etconetur
1645 1149 1818 1196 unusquis-

1070 1210 1132 1245 qne
1161 1199 1228 1233 illas
1255 1199 1414 1245 eleganter
1441 1210 1644 1245 componere.

1118 1248 1137 1295 [ξ
1162 1251 1216 1282 17.
1240 1248 1330 1291 Item,
1349 1248 1419 1295 quia
1443 1259 1536 1294 saepe
1564 1248 1718 1293 contingit
1734 1259 1819 1282 man-

1070 1297 1140 1332 data
1164 1299 1376 1344 procuratoria
1400 1299 1428 1331 in
1446 1296 1578 1331 Camera
1605 1309 1700 1344 super
1719 1309 1819 1344 nego·
1834 1296 2018 1345 ,ξζῐζῖξζξᾏῖζᾚ

1070 1348 1128 1381 ciis
1154 1347 1265 1382 fiscum
1289 1356 1319 1381 et
1347 1347 1498 1381 interesse
1521 1345 1672 1381 Camerae
1688 1358 1820 1382 concer-
1835 1340 2017 1377 caisisinteresne

1071 1397 1232 1441 uentibus,
1254 1396 1413 1441 exhiberi,
1436 1408 1470 1431 ac
1499 1396 1548 1430 illa
1570 1408 1606 1430 ex
1629 1396 1749 1431 incuria
1771 1396 1819 1432 vel
1835 1386 2019 1442 ξζζξᾯῗωζοῃ

1070 1446 1142 1481 dolo
1156 1447 1290 1482 alicuius
1304 1445 1563 1494 deperdi,etsine
1578 1445 1703 1480 illorum
1718 1454 1821 1481 osten·

1070 1497 1170 1536 sione,
1190 1504 1255 1531 acta
1292 1497 1372 1530 inter
1393 1496 1557 1530 Cameram
1582 1505 1612 1531 et
1633 1495 1819 1531 exhibentes

1072 1558 1127 1592 pro
1144 1546 1238 1581 nullis
1265 1554 1462 1593 reputantur,
1478 1553 1653 1580 statuerunt
1668 1553 1700 1580 ut
1714 1546 1820 1581 omnia

1073 1597 1279 1630 instrumenta
1307 1604 1337 1630 et
1363 1595 1507 1630 mandata
1531 1596 1740 1641 procuratoria
1761 1595 1821 1630 hu-

1071 1645 1220 1689 iusmodi,
1243 1658 1312 1681 cnm
1336 1645 1605 1691 recognitionibus
1633 1645 1770 1686 illorum,
1789 1645 1819 1679 in

1071 1695 1159 1730 libris
1174 1696 1314 1730 eiusdem
1331 1694 1482 1730 Camerae
1505 1707 1560 1741 per
1575 1695 1659 1741 ipsos
1682 1695 1820 1730 notarios

1071 1746 1202 1780 omnino
1224 1746 1440 1792 registi-entur,
1462 1753 1494 1778 ut
1509 1744 1547 1779 de
1571 1745 1693 1779 illorum
1712 1753 1819 1780 tenore

1072 1807 1127 1842 per
1150 1795 1246 1829 libros
1266 1795 1394 1830 eosdem
1419 1803 1570 1842 perpetuo
1592 1794 1696 1829 doceri
1712 1795 1818 1842 possit;

1071 1857 1207 1892 quorum
1224 1845 1430 1891 registrationi
1448 1844 1524 1878 fides
1538 1843 1680 1879 adhiberi
1697 1844 1821 1889 debeat,

1071 1896 1140 1929 sinc
1156 1895 1212 1929 alia
1230 1895 1430 1941 originalium
1447 1893 1659 1938 exhibitione,
1675 1906 1746 1929 cum
1766 1907 1822 1942 per

1071 1944 1219 1979 clericum
1244 1945 1307 1979 sint
1328 1943 1462 1979 videnda
1478 1952 1506 1978 et
1533 1943 1722 1979 conferenda
1746 1956 1817 1979 cum

1071 1993 1289 2040 originalibus.

1120 2044 1139 2091 g
1164 2047 1219 2079 18.
1237 2044 1327 2088 Item,
1343 2043 1424 2078 sicut
1438 2043 1590 2090 scriptum
1608 2051 1665 2083 est,
1685 2044 1820 2085 Quinon
1842 2054 1931 2076 clericis
1945 2055 2020 2077 absen-

1071 2095 1191 2128 laborat
1212 2106 1273 2128 non
1291 2095 1468 2132 manducat,
1486 2101 1515 2127 et
1538 2093 1566 2127 in
1584 2091 1715 2128 Camera
1730 2093 1819 2140 Apo·
1833 2087 2019 2146 g};{;,m'⁸¹p2‘{

1071 2147 1180 2182 stolica
1210 2148 1351 2182 continui
1381 2155 1411 2182 et
1450 2146 1665 2182 intolerabiles
1692 2146 1817 2182 labores
1833 2156 1958 2203 menfeb
1975 2157 2017 2172 ”⁰¹¹

1071 2201 1230 2243 existunt,
1253 2214 1292 2236 ne
1314 2201 1366 2249 qui
1389 2199 1624 2235 incommodum
1653 2213 1715 2236 non
1744 2188 1884 2237 sen·acce
1901 2186 1944 2204 enh
1961 2188 2001 2210 Μ

1071 2255 1404 2290 tinntcommoditates
1426 2255 1549 2302 capiant
1574 2255 1721 2301 etlucra,
1740 2268 1820 2291 con-

1070 2310 1239 2345 stituerunt
1255 2309 1338 2357 quod
1354 2309 1489 2344 clericus
1499 2308 1661 2352 Gamerae,
1676 2310 1706 2344 in
1722 2309 1818 2345 Curia

1072 2377 1220 2411 praesens
1257 2373 1287 2399 et
1323 2364 1459 2410 legitimo
1493 2364 1720 2412 impedimento
1755 2377 1817 2400 non

1070 2419 1296 2467 impeditus,ad
1311 2418 1474 2454 Cameram
1491 2431 1546 2466 per
1559 2432 1658 2455 unum
1673 2432 1816 2455 mensem

1071 2486 1131 2508 non
1156 2474 1321 2518 accedens,
1345 2482 1446 2509 careat
1468 2474 1706 2521 participatione
1733 2474 1818 2509 ioca-

1070 2527 1145 2563 lium
1162 2537 1193 2564 et
1212 2529 1344 2563 utilitate
1359 2529 1586 2570 mensariatus;
1602 2529 1625 2563 si
1642 2541 1714 2563 vero
1729 2537 1817 2564 extra

1069 2582 1197 2618 Curiam
1208 2583 1337 2630 degerit,
1353 2583 1469 2630 absque
1479 2583 1670 2629 collegarum
1681 2583 1816 2628 licentia,

1069 2638 1134 2672 sive
1155 2638 1298 2672 hahuerit
1330 2637 1454 2684 aliquod
1490 2637 1652 2685 publicum
1676 2637 1815 2673 officium

1069 2692 1134 2726 sive
1156 2691 1424 2733 commissionem,
1447 2703 1518 2727 cum
1541 2692 1654 2727 salario
1672 2701 1702 2728 et
1717 2691 1817 2738 lucro,

1835 297 1883 325 An.
1902 297 1931 325 C.
1945 296 2012 325 ¹5¹7

1841 912 1970 934 statutorum
1982 912 2018 933 Cs-

1861 1261 2004 1289 mandatisque
