2281 3251
238 275 285 304 Αη.
305 277 333 304 C.
352 278 417 306 ¹5¹7

254 1799 299 1821 tutti
315 1798 333 1820 tl
351 1805 411 1820 man-

227 1831 269 1851 dati
294 1831 414 1852 observan-

241 1963 321 1985 Notarii
332 1970 413 1985 mensa-

229 1997 254 2016 rii
270 1995 338 2016 officia
356 1997 414 2016 circa

229 2029 358 2054 expedition.
370 2028 414 2048 but-

229 2058 294 2079 larum

484 267 553 302 708

1000 277 1098 300 BULLA
1104 275 1187 299 tum!
1213 274 1376 298 nmmum

1992 273 2042 299 An.
2059 271 2088 299 C.
2108 272 2176 300 ¹⁸¹⁷

433 333 529 373 deris,
551 342 612 368 tam
636 332 738 380 quoad
763 334 914 366 interesse
938 330 1032 366 Sedis
1055 332 1184 377 Aposto-
1230 330 1423 376 Apostolica,
1441 342 1487 367 oa,
1502 342 1582 377 quae
1601 329 1683 364 circa
1707 329 1774 364 illas
1797 336 1978 374 occurrunt,

434 383 511 417 licae
535 393 564 417 et
584 384 681 429 ipsius
703 382 854 416 Camerae
882 394 974 428 quain
1000 381 1092 415 etiam
1111 392 1186 427 par-

435 433 530 470 tium,
562 443 590 466 ct
621 440 783 479 propterea
810 432 944 465 lidelitcr
965 439 994 465 et
1018 430 1186 475 diligenter

433 491 507 516 sunt
551 481 747 517 custodiendi
789 494 826 515 ne
862 480 976 527 aliquis
1015 488 1185 514 extraneus

433 534 557 578 aliquos
579 544 615 565 ex
644 532 735 566 ‹lictis
754 530 841 564 libris
862 530 1028 574 subripiat,
1044 538 1098 564 aut
1120 529 1185 564 ali—

433 582 515 629 quod
531 581 637 615 solium
657 593 693 615 ex
710 581 754 614 eis
770 580 895 619 laceret,
908 580 954 614 vel
966 580 1073 626 aliquo
1091 579 1184 614 modo

434 632 530 670 vitiet,
559 632 670 665 notarii
699 642 760 664 non
797 630 963 664 admittant
998 631 1078 664 intra
1106 641 1184 663 can-

432 681 546 715 cellum
570 680 714 715 eiusdem
743 679 872 714 archivii
905 679 1042 726 aliquem
1074 687 1184 714 extra-

432 743 526 765 neum
545 758 552 769 ,
575 730 629 765 sed
654 730 765 765 saciant
788 738 874 764 extra
897 738 1063 776 expectare
1092 729 1183 774 illos,

430 781 482 827 qui
505 792 615 814 eorum
643 792 770 827 operam
795 780 988 826 exquirunt,
1017 791 1121 826 neque
1149 791 1184 814 e-

431 831 502 864 tiam
527 830 707 876 permittant
729 828 812 876 quod
836 829 950 876 aliquis
978 841 1016 864 ex
1048 829 1183 863 familia-

430 879 517 914 ribus
532 880 672 926 ipsorum
685 880 879 914 notariorum
893 882 987 914 intret
998 879 1043 913 vel
1059 887 1183 913 maneat

430 930 508 964 iutra
531 930 649 964 dictum
674 928 860 969 cancellum,
889 929 949 963 nisi
978 929 1104 976 quando
1123 929 1182 962 ali-

429 979 501 1027 quis
511 991 547 1014 ex
563 979 637 1026 ipsis
653 980 781 1014 notariis
804 978 922 1014 ibidem
947 991 1097 1026 praesens
1112 978 1182 1013 sue-

429 1031 491 1068 rit,
523 1037 554 1063 et
589 1038 664 1065 tunc
698 1030 791 1064 etiam
822 1029 890 1076 ipse
925 1029 1067 1064 notarius
1103 1028 1182 1064 bene

428 1080 663 1126 circumspiciat
686 1092 724 1114 ne
746 1079 849 1114 dictus
872 1079 1032 1114 familiaris
1062 1078 1181 1125 aliquid

429 1129 500 1163 mali
535 1129 626 1164 saciat
661 1130 690 1163 in
719 1129 812 1164 dictis
840 1129 939 1170 tibris,
967 1137 1059 1176 atque
1087 1129 1180 1163 etiam

428 1179 554 1226 quando
577 1178 645 1213 libri
667 1179 816 1226 praedicti
840 1188 893 1214 aut
915 1191 931 1214 a
953 1178 1083 1214 domiuo
1111 1179 1182 1213 tlic-

428 1229 568 1264 saurario
590 1237 643 1263 aut
678 1229 717 1264 ab
750 1228 857 1276 aliquo
884 1241 922 1263 ex
953 1229 1089 1263 dominis
1117 1229 1183 1263 cle-

428 1279 503 1314 ricis
528 1286 613 1313 extra
630 1279 750 1313 dictum
766 1278 941 1313 cancellum
962 1279 1182 1322 extrahuntur,

428 1337 503 1363 tunc
532 1329 589 1375 ipsi
623 1329 734 1363 notarii
770 1329 939 1363 conficiant
962 1341 1060 1362 unum
1085 1329 1180 1362 alium

429 1378 555 1417 librum,
572 1378 601 1412 in
615 1390 678 1425 quo
689 1378 886 1413 describatur
901 1379 1053 1413 extractio
1074 1379 1182 1413 unius-

428 1429 582 1476 cuiusque
617 1428 685 1462 libri
721 1428 903 1468 cameralis„
932 1441 1004 1462 eum
1039 1428 1183 1463 subscri-

430 1479 535 1524 ptione
557 1478 747 1525 receptionis
770 1477 865 1517 illius,
880 1478 933 1525 qui
950 1478 1180 1525 librumipsum

428 1528 610 1566 extraxerit,
626 1536 657 1562 ut
672 1530 792 1563 sciatur
803 1527 887 1574 apud
901 1540 994 1575 quem
1018 1528 1088 1562 talis
1103 1527 1183 1562 liber

428 1583 527 1629 possit
550 1582 694 1630 reperiri,
710 1590 750 1623 et,
763 1583 845 1617 circa
863 1582 934 1627 lioc,
946 1591 1088 1617 servetur
1099 1595 1183 1618 man-

426 1636 532 1671 datum
569 1649 624 1684 per
658 1636 759 1672 felicis
795 1637 1026 1672 recordationis
1065 1637 1180 1672 lulium

426 1689 543 1738 Papam
571 1690 598 1725 ΙΙ
620 1703 716 1739 super
743 1691 804 1727 hoe
826 1691 960 1733 editum,
983 1692 1075 1727 cuius
1093 1699 1183 1727 tenor

426 1745 584 1793 sequitur,
607 1753 638 1780 et
660 1754 707 1781 est
736 1746 817 1782 talis.

475 1800 495 1848 S
522 1803 554 1835 8.
578 1799 672 1841 Cum,
695 1801 779 1836 sicut
798 1801 990 1849 accepimus,
1017 1801 1047 1836 in
1077 1809 1180 1837 nostra

427 1853 560 1890 Camera
588 1863 640 1889 etc.
668 1858 725 1900 (1).

477 1908 497 1956 g
519 1911 553 1944 9.
583 1908 682 1955 Item,
715 1909 752 1944 ad
777 1909 920 1946 evitanda
943 1911 1125 1958 monopolia
1153 1919 1183 1946 et

427 1974 645 2011 quascumque
667 1964 875 2008 extorsiones,
898 1965 956 2012 ipsi
972 1965 1083 2000 notarii
1097 1965 1182 1999 nullo

429 2017 522 2052 modo
537 2018 658 2064 possint
674 2018 809 2054 vendere
819 2019 885 2054 sive
904 2019 1073 2054 ari-cudare
1099 2020 1183 2054 inter

428 2084 462 2106 se
484 2073 612 2120 aliquod
637 2073 813 2109 membrum
828 2073 1116 2109 emolumentorum
1133 2086 1184 2109 eo-

428 2139 496 2161 rum
520 2128 612 2162 officii
637 2129 821 2173 notariatuS,
844 2128 897 2163 sed
921 2128 1046 2164 labores
1065 2137 1095 2164 et
1109 2141 1183 2176 pro-

428 2189 539 2216 ventus
562 2194 673 2217 omnes
689 2183 771 2217 inter
785 2195 838 2217 eos
856 2183 919 2218 sint
940 2194 1139 2223 communes,
1152 2191 1182 2218 ct

427 2236 584 2283 quaelibet
597 2249 683 2277 cura,
693 2246 909 2285 praeterquam
919 2238 1106 2284 registrandi
1119 2238 1185 2273 bul-

428 2290 491 2331 las,
520 2304 600 2338 quae
628 2305 755 2340 semper
784 2292 878 2328 debet
906 2304 974 2327 esse
1002 2293 1182 2327 communis

428 2345 585 2385 omnium,
607 2347 710 2381 solum
734 2347 771 2381 ad
796 2359 937 2381 mensem
961 2355 991 2381 et
1007 2359 1068 2381 non
1091 2347 1183 2391 ultra,

430 2411 486 2446 per
511 2413 610 2435 unum
637 2401 775 2448 ipsorum
800 2401 1051 2441 notariorum,et
1068 2401 1184 2436 utilitas

430 2454 511 2488 inter
526 2466 636 2489 omnes
653 2455 824 2502 aequaliter
846 2456 940 2490 dividi
964 2455 1088 2496 debeat,
1105 2464 1133 2489 et
1150 2464 1183 2490 ut

431 2515 533 2554 partes
561 2510 761 2545 commodius
789 2511 1013 2557 expediantur,
1042 2510 1184 2545 notarius

431 2564 607 2598 mensarius
633 2564 790 2599 bullarum
814 2574 843 2599 et
864 2565 1103 2612 obligationum,
1121 2576 1182 2598 non

431 2617 461 2652 in
484 2618 579 2653 ‹lomo
594 2631 669 2654 suae
693 2619 905 2664 habitationis,
927 2619 981 2655 sed
1006 2619 1036 2654 in
1051 2618 1182 2654 Camera

464 2689 505 2724 (t)
524 2690 663 2718 Omittitur
679 2690 738 2726 quia
756 2691 811 2726 ipsa
828 2690 897 2718 butta
914 2695 955 2719 est
970 2699 1031 2726 sup.
1049 2698 1108 2726 pag.
1120 2691 1182 2718 1157.

1227 392 1321 425 agore
1344 389 1371 413 ct
1397 379 1544 426 expedire
1565 388 1716 424 teneatur,
1737 380 1788 414 ubi
1805 380 1896 414 etiam
1913 379 1979 414 cle-

1228 430 1313 463 ricus·
1333 429 1510 463 mensurius
1525 442 1580 476 pro
1602 429 1810 476 expediendis
1832 430 1880 469 iis,
1896 441 1977 477 quae

1227 480 1307 513 circa
1332 478 1361 512 id
1385 479 1422 513 ad
1446 491 1517 513 eum
1542 479 1709 525 pertinent,
1737 479 1849 514 adesse
1871 479 1978 519 debet,

1228 528 1266 563 ita
1282 537 1315 563 ut
1339 528 1442 564 bullae
1455 529 1649 576 recipiantur
1670 538 1700 563 et
1715 530 1912 565 retineantur
1925 542 1978 564 so-

1226 577 1290 613 lum
1314 590 1369 625 per
1384 579 1539 613 notarium
1555 578 1593 613 ad
1612 578 1640 612 id
1658 578 1843 626 deputatum
1866 587 1896 613 et
1916 592 1976 614 non

1227 641 1282 675 per
1303 629 1412 670 alium3
1435 629 1488 676 qui
1506 629 1646 663 notarius
1660 628 1705 663 sic
1727 628 1895 676 deputatus
1915 642 1977 664 non

1227 678 1355 724 recipiat
1372 678 1492 725 aliquas
1510 678 1610 713 bullas
1629 678 1668 712 ab
1692 677 1875 714 officialibus
1895 679 1980 726 regi—

1225 729 1279 762 stri
1305 728 1459 763 bullarum
1477 727 1703 772 Cancellariae,
1719 728 1778 762 nisi
1794 740 1850 776 per
1865 740 1979 763 manus

1225 778 1322 812 solius
1349 779 1510 825 scriptoris
1537 777 1681 813 eiusdem
1711 778 1846 825 registri,
1863 785 1893 812 et
1916 790 1977 813 uon

1225 827 1415 863 famulorum
1432 829 1532 876 ipsius
1555 828 1599 863 vel
1624 828 1809 875 quorumvis
1831 827 1976 869 aliorum;

1226 877 1326 912 bullas
1341 890 1413 913 vero
1434 890 1488 925 per
1506 877 1670 913 Cameram
1687 877 1861 925 expeditas,
1875 878 1978 913 solum

1226 929 1355 975 recipiat
1371 941 1426 976 per
1440 940 1553 963 manus
1565 928 1749 963 summistae
1772 928 1818 963 vel
1833 927 1977 964 eiusdem

1224 978 1409 1013 summistae
1432 978 1569 1013 officium
1593 978 1778 1013 exercentis.

1273 1028 1292 1075 g
1317 1030 1373 1063 10.
1396 1028 1487 1068 Item,
1513 1037 1545 1062 ut
1567 1028 1796 1075 resignatioues
1812 1035 1842 1062 et
1863 1028 1980 1063 cessio·
2006 1038 2104 1075 ssifire·
2122 1039 2180 1060 resi-

1225 1090 1280 1112 nes
1302 1077 1544 1122 beneficiorum,
1566 1090 1647 1125 quae
1671 1078 1699 1112 iu
1724 1077 1872 1112 manibus
1894 1086 1980 1113 nota·
1993 1074 2115 1123 ξξζζξξζξζ
2140 1073 2179 1122 ,ἔξ

1223 1128 1341 1162 riorum
1365 1127 1456 1173 fiunt,
1472 1129 1558 1163 omni
1578 1128 1651 1163 dolo
1672 1136 1703 1162 et
1724 1127 1832 1163 fraude
1843 1136 1979 1173 careant,
1993 1133 2146 1160 gisa-tionem.

1223 1187 1253 1212 et
1277 1190 1370 1212 nemo
1399 1187 1562 1225 propterea
1584 1178 1772 1225 decipiatur,
1792 1186 1981 1226 proutquo-

1224 1227 1299 1262 tidie
1326 1228 1481 1263 clamores
1500 1228 1692 1268 audiuntur,
1719 1228 1758 1262 de
1783 1236 1891 1263 cetero
1914 1240 1979 1263 no—

1225 1278 1291 1312 tarii
1322 1278 1495 1325 praedicti,
1519 1278 1548 1312 in
1572 1277 1761 1313 adnotandis
1790 1278 1866 1325 ipsis
1893 1278 1978 1313 resi-

1223 1328 1424 1373 gnatiouibus
1444 1336 1472 1362 et
1489 1328 1687 1362 cessionibus
1702 1328 1731 1362 in
1755 1327 1844 1362 libris
1863 1327 1979 1362 Came-

1223 1389 1287 1418 rae,
1303 1377 1532 1425 infrascriptam
1545 1377 1776 1412 ordinationem
1788 1389 1912 1413 servare
1927 1377 1979 1412 de-

1223 1426 1338 1471 beant,
1366 1427 1459 1462 cuius
1487 1437 1576 1463 tenor
1598 1428 1668 1462 talis
1695 1436 1753 1471 est,
1770 1436 1802 1462 ut
1824 1427 1976 1475 sequitur.

1272 1481 1288 1520 g
1312 1480 1324 1511 ‘l
1338 1479 1367 1511 l.
1384 1477 1538 1523 Raphael,
1551 1478 1718 1525 episcopus
1729 1477 1900 1517 Ostiensis,
1913 1489 1979 1512 car·
2005 1484 2119 1506 eamemu
2139 1484 2178 1506 ⁴¹·-

1224 1525 1339 1562 dinalis
1358 1526 1392 1561 S.
1409 1526 1567 1573 Gregorii,
1582 1527 1615 1562 S.
1640 1527 1678 1561 D.
1698 1527 1736 1562 N.
1750 1527 1855 1574 Papae
1869 1539 1977 1562 came·
1991 1516 2178 1570 {ssffl'sssflfffi

1224 1576 1336 1611 rarius.
1353 1576 1434 1612 Cum
1451 1577 1512 1612 lide
1527 1577 1697 1623 dignorum
1718 1577 1869 1612 relatione
1885 1577 1978 1612 intel·
1991 1581 2122 1632 ¹¹?ffli023‘ffi
2154 1580 2175 1616 {¹¹

1224 1626 1395 1662 lexerimus
1417 1628 1622 1662 consuevisse
1649 1627 1781 1662 dilectos
1808 1626 1890 1662 filios
1919 1615 2179 1664 ηο-ξιιῗέιῗξιιὶιιωῗμ·

1224 1677 1319 1711 tarios
1334 1676 1487 1712 Camerae
1508 1676 1723 1724 Apostolicae,
1736 1690 1790 1724 per
1807 1676 1977 1724 quamdam

1224 1728 1447 1774 corruptelam,
1465 1727 1688 1774 negligentiam
1712 1728 1777 1763 sive
1797 1727 1932 1762 abusum
1949 1735 1979 1762 et

1224 1776 1387 1818 malitiam,
1402 1777 1631 1824 resignationes
1642 1777 1880 1818 beneficiorum,
1898 1789 1980 1825 quae

1224 1826 1254 1860 in
1283 1825 1377 1862 Curia
1406 1826 1547 1862 Romana
1577 1835 1608 1862 et
1634 1826 1768 1862 Camera
1796 1827 1979 1875 Apostolica

1225 1876 1293 1912 fieri
1322 1886 1567 1917 consueverunt,
1590 1885 1620 1912 et
1649 1878 1679 1911 in
1708 1876 1979 1912 ordinariislibris

1224 1927 1460 1962 etautlienticis
1485 1927 1627 1962 eiusdem
1657 1926 1810 1962 Camerae
1829 1927 1929 1962 notari
1947 1934 1978 1961 et

1224 1976 1341 2017 scribi,
1377 1989 1417 2012 ne
1444 1977 1528 2012 fraus
1550 1976 1653 2024 aliqua
1677 1977 1743 2012 lieri
1766 1977 1832 2012 sive
1851 1976 1981 2023 excogi-

1225 2026 1282 2061 tari
1308 2028 1420 2074 possit,
1443 2034 1473 2062 et
1494 2027 1531 2061 ad
1556 2027 1615 2061 lioc
1635 2036 1667 2061 ut
1692 2039 1819 2074 semper
1838 2026 1877 2061 de
1896 2026 1980 2061 veri-

1225 2084 1287 2112 tate
1308 2077 1413 2112 doeeri
1434 2077 1547 2124 possit,
1562 2077 1690 2124 quando
1712 2089 1792 2124 opus
1807 2085 1902 2118 esset,
1918 2088 1978 2111 non

1225 2131 1256 2165 in
1285 2131 1381 2166 dictis
1410 2131 1517 2172 libris,
1547 2140 1580 2166 ut
1615 2131 1800 2166 rationabile
1827 2139 1978 2167 statutum

1225 2185 1453 2234 crat,amplius
1468 2185 1579 2226 scribi,
1603 2198 1659 2233 pro
1677 2185 1787 2220 maiori
1812 2193 1909 2232 parte,
1924 2184 1979 2220 sed

1225 2252 1240 2274 a
1258 2248 1345 2288 tergo
1367 2241 1648 2288 supplicationum,
1662 2252 1795 2288 quarum
1817 2247 1978 2287 praetextu

1225 2295 1329 2332 dictae
1351 2297 1582 2343 resignationes
1604 2295 1724 2330 admitti
1753 2295 1880 2337 debent,
1900 2296 1980 2330 sim-

1226 2351 1348 2398 pliciter
1364 2359 1471 2386 notare
1491 2359 1520 2385 et
1535 2350 1674 2386 scribere
1687 2362 1781 2385 manu
1796 2350 1933 2397 propria,
1948 2358 1979 2385 et

1225 2405 1342 2440 deinde
1370 2405 1511 2453 partibus
1539 2406 1719 2445 restituere,
1747 2404 1831 2439 nulla
1860 2413 1978 2440 retenta

1225 2461 1313 2507 copia
1337 2461 1384 2495 vel
1409 2468 1494 2501 nota,
1515 2460 1634 2508 absque
1662 2471 1699 2494 eo
1721 2458 1806 2507 quod
1821 2459 1850 2493 in
1869 2467 1978 2507 proto-

1226 2514 1316 2550 collis
1324 2514 1470 2550 vellibris
1478 2514 1630 2550 Gamerae
1640 2514 1839 2561 Apostolicae
1852 2514 1978 2561 scriptae

1225 2569 1300 2611 sint3
1317 2570 1361 2605 vel
1379 2569 1404 2605 si
1419 2569 1610 2614 scribantur,
1632 2569 1661 2603 id
1678 2581 1716 2603 ex
1731 2568 1892 2603 intervallo
1906 2567 1979 2615 plu-

1227 2623 1307 2658 rium
1324 2625 1481 2660 mensium
1500 2624 1545 2669 lit,
1573 2632 1604 2658 et
1628 2623 1656 2658 id
1689 2635 1749 2658 nou
1765 2623 1855 2658 aliter
1880 2634 1976 2670 quam

1228 2686 1314 2725 parte
1339 2679 1487 2721 instante,
1509 2691 1545 2714 ex
1568 2690 1632 2726 quo
1646 2678 1679 2713 fit
1704 2686 1736 2713 ut
1751 2677 1864 2713 veritas
1886 2687 1978 2726 repe-
