2281 3251
257 274 306 302 An.
324 275 354 302 C.
374 275 439 302 Ηιέὶὲ)

279 2574 396 2593 watinum
408 2578 457 2593 con-

273 2609 343 2624 cessio
350 2604 409 2623 dicia
417 2602 457 2623 Re-

504 265 574 298 15⁶.)

1036 276 1084 298 tit't
1098 275 1219 298 [Antmt
1249 275 1410 299 ssOssANI'M

455 330 644 378 pontificalis
666 331 771 370 otlicii,
793 331 1017 378 assignandum
1042 330 1118 369 sore;
1142 330 1203 365 Ec.-
1223 333 1226 350 '
1245 331 1425 378 apostolicis
1446 342 1481 365 ac
1499 330 1569 365 aliis
1590 330 1846 378 quibuscumque
1875 330 1996 377 potian-

453 381 646 428 clesiamque
666 380 841 416 Senensem
865 380 1151 428 metropolitanam,
1174 390 1203 415 et

455 431 610 477 praefatos
625 431 787 478 praesules
802 430 1058 478 archiepiscopos
1071 431 1204 473 censeri,
1224 442 1227 452 ³

453 488 483 514 et
503 481 662 528 perpetuis
685 481 798 515 suturis
820 479 1014 527 temporibus
1029 481 1203 526 nuncupari

454 529 580 566 debere.
610 531 898 578 Archiepiscopalia
926 541 1056 577 quoque
1084 538 1114 564 et
1136 542 1205 564 me-

452 582 630 628 tropolitica
661 581 794 626 insignia
827 590 947 626 gerere,
976 580 1054 621 iura,
1079 579 1206 614 iurisdi-

454 631 574 665 ctiones
608 640 637 664 et
672 639 775 665 cetera
798 629 942 675 singola,
971 637 1063 676 prout
1087 638 1206 664 metro-

457 681 603 728 politanis
619 682 649 714 in
666 692 774 714 eorum
800 678 988 718 civitatibus,
1005 678 1207 714 dioecesibus

455 738 485 764 et
513 731 682 777 provinciis
706 741 721 763 a
746 730 813 763 inre
837 729 991 763 indultum
1014 729 1130 772 existit,
1163 730 1208 763 la-

456 791 526 814 cere
544 807 552 815 .
587 791 757 816 exercere,
791 778 1011 813 administrare
1037 787 1066 813 et
1095 779 1206 826 exequi

458 841 570 875 posse,
614 829 723 863 eadem
764 829 949 863 auctoritate
987 828 1206 863 concedimus.

457 878 586 913 Necnon
611 878 690 913 silias
713 886 835 913 nostras
865 878 1038 925 praedictas
1060 877 1209 913 Suanen-

456 940 536 968 seni,
559 928 782 964 Clusinensem
807 937 837 962 et
864 927 1148 963 Grossetanensem
1179 936 1208 962 et

456 978 692 1013 Massanensem
716 977 889 1017 Ecclesias‚
912 990 984 1013 cum
1007 978 1073 1012 suis
1096 978 1208 1012 civita-

457 1027 541 1062 tibus
562 1036 591 1062 et
613 1027 829 1071 dioecesibus,
852 1027 975 1062 iuribus
993 1036 1022 1062 et
1046 1028 1209 1075 pertinen-

459 1078 510 1111 tiis
537 1079 713 1118 universis,
737 1077 899 1112 Ecclesiae
933 1077 1067 1112 Senensi
1103 1086 1132 1111 et
1159 1089 1210 1112 ai·-

458 1127 669 1176 chiepiscopis
702 1127 868 1174 praefatis,
892 1137 1051 1174 tamqnam
1083 1127 1208 1162 illorum

460 1177 713 1225 metropolitanis
734 1185 764 1211 ct
786 1177 824 1211 de
846 1189 955 1212 eorum
975 1177 1147 1224 provincia,
1176 1189 1210 1212 ac

459 1227 629 1262 modernos
650 1235 681 1262 et
698 1239 752 1274 pro
776 1235 916 1275 tempore,
931 1227 1103 1262 existentes
1125 1226 1210 1261 Sua-

460 1277 799 1321 nensis,Clusinensis,
813 1277 1073 1312 Grossetanensis
1089 1286 1117 1312 et
1128 1276 1210 1311 Mas-

460 1327 604 1362 sanensis
620 1327 835 1362 Ecclesiai·uni
860 1327 1065 1374 praelatarum
1089 1327 1212 1373 episco-

462 1389 530 1423 pos,
541 1389 664 1412 necnon
680 1376 841 1411 Ecclesias
855 1378 949 1424 ipsas,
961 1388 1053 1423 quae⁷
1068 1377 1212 1412 videlicet

460 1426 644 1472 Suanensis,
671 1426 867 1461 Clusiiiensis
889 1435 919 1461 et
940 1425 1212 1464 Grosseianensis,

461 1476 640 1515 Romanae,
669 1488 791 1511 necnon
829 1476 973 1511 videlicet
1001 1475 1214 1511 Massanensis

461 1526 624 1565 Ecclesia,
655 1525 833 1561 huiusmodi
870 1525 1034 1560 Pisanensi
1062 1526 1214 1561 Ecclesiis

461 1576 621 1611 subiectae
647 1577 809 1615 existunt.
840 1575 880 1610 ab
906 1575 1025 1611 eisdem
1050 1575 1214 1611 Romanae

461 1635 490 1661 et
515 1625 646 1661 Pisanae
673 1626 826 1661 Ecclesiis
852 1634 880 1660 et
911 1637 1020 1660 eorum
1045 1625 1214 1673 provinciis

462 1676 593 1711 omnino
619 1688 836 1724 segregamuS,
854 1676 986 1723 illasque
1003 1675 1214 1717 Suanensem‚

462 1726 698 1770 Clusinensem,
720 1726 1006 1761 Grossetanensem
1034 1734 1063 1761 et
1096 1725 1216 1761 Massa-

464 1788 595 1811 nensem
611 1777 755 1824 praefatis
770 1775 1029 1823 archiepiscopis,
1041 1787 1096 1822 pro
1105 1788 1214 1815 eorum

463 1826 682 1873 suffraganeis,
701 1835 853 1874 perpetuo
878 1825 1066 1860 subiicimus
1085 1834 1115 1860 et
1137 1825 1216 1860 sub-

465 1877 560 1912 iectas
586 1888 657 1912 esse
689 1877 835 1911 volumus
863 1888 918 1923 per
947 1883 1137 1923 praesentes.
1175 1875 1215 1910 lta

463 1926 548 1973 quod
572 1926 799 1974 archiepiscopi
834 1925 994 1960 Senenses
1027 1925 1055 1959 in
1096 1925 1216 1960 eisdem

464 1975 629 2011 Suanense,
644 2003 652 2016 ,
679 1976 886 2014 Clusinense,
908 1974 1160 2010 Grossetanense
1188 1983 1218 2010 et

464 2025 666 2061 Massanense
687 2025 866 2061 civitatibus
888 2033 919 2060 et
940 2025 1142 2060 dioecesibus
1169 2025 1218 2060 ius

465 2076 731 2124 metropoliticum
770 2075 830 2109 sibi
869 2074 1035 2110 vendicent
1053 2103 1060 2114 ,
1094 2086 1217 2110 necnon

465 2129 652 2176 suanensis,
674 2130 884 2174 Clusinensis‚
903 2129 1167 2166 Grossetanensis
1189 2138 1217 2165 et

466 2184 681 2221 Massanensis
703 2185 843 2233 episcopi
862 2184 991 2232 praefati
1019 2184 1136 2220 eisdem
1158 2197 1220 2220 me-

467 2241 578 2288 tropoli
602 2249 631 2275 et
654 2240 904 2288 archiepiscopis
920 2239 958 2274 ad
986 2240 1091 2275 omnia
1107 2248 1137 2274 et
1152 2240 1219 2274 sin-

467 2295 540 2342 gula
563 2295 736 2331 habeantur
763 2304 793 2330 et
815 2296 877 2330 sint
906 2294 1064 2334 adstricti,
1091 2294 1127 2329 ad
1151 2308 1221 2342 qua*

468 2349 654 2396 suffraganei
672 2350 739 2385 suis
761 2348 1000 2396 metropoliticis
1014 2348 1166 2384 Ecclesiis
1187 2362 1221 2383 ac

468 2404 718 2452 metropolitanis
745 2412 892 2439 tenentur
918 2412 949 2439 et
981 2403 1108 2450 obligati
1140 2403 1222 2438 iudi-

470 2466 581 2493 cantur
601 2458 776 2494 secundum
801 2459 971 2493 canonicas
993 2458 1185 2492 sanctiones.

519 2518 534 2556 g·
557 2516 589 2547 5.
613 2512 762 2548 Volentes
786 2522 945 2560 praeterea
981 2520 1009 2546 et
1038 2512 1129 2546 etiam
1153 2520 1223 2547 sta—

472 2574 597 2601 tuentes
631 2567 715 2614 quod
743 2566 971 2614 archiepiscopi
1005 2574 1035 2601 et
1071 2564 1223 2600 Senensis

273 2634 352 2654 ‹ie-ite
373 2638 394 2654 ei
412 2635 460 2654 eiu,
474 2621 614 2656 Ecclesia
637 2621 763 2668 praelati
789 2620 940 2655 omnibus
961 2628 991 2655 et
1013 2619 1145 2666 singulis
1165 2619 1225 2666 pri-

274 2665 436 2692 archiepiscopo

475 2674 887 2723 vilegiis,exemptionibus,
910 2675 1018 2722 gratiis
1040 2683 1071 2709 et
1095 2673 1224 2708 indultis

1224 481 1227 497 1

1225 510 1227 524 l

1247 389 1296 415 tur
1322 389 1351 416 et
1373 380 1553 427 gaudeant,
1575 380 1692 428 quibus
1718 380 1758 415 de
1786 381 1853 415 iure
1875 379 1998 415 archir-

1248 431 1365 478 piscopi
1383 430 1607 478 Ecclesiaeipie
1629 430 1884 478 metropolitanae
1900 438 1928 464 et
1945 442 1998 464 eii-

1248 493 1314 515 rum
1329 481 1464 528 capitula
1478 489 1621 517 utuntur.
1634 481 1794 528 potiuntur
1805 488 1834 515 et
1848 481 1997 527 gaudem,

1248 542 1369 564 necnon
1395 530 1535 565 Ecclesia
1557 530 1709 565 Senensis
1733 530 1866 577 praefata
1901 539 1928 563 et
1955 529 1997 564 illi

1248 580 1299 626 qui
1323 581 1351 613 ei
1377 580 1528 614 hactenus
1557 579 1759 628 praefuerunt
1777 588 1849 614 aute
1870 580 1999 614 erectio-

1249 641 1319 664 nem
1348 630 1528 664 huiusmodi
1545 657 1553 667 ,
1575 630 1668 664 etiam
1693 629 1732 664 de
1757 629 1998 664 consuetudine.

1248 679 1486 725 quomodolibet
1506 679 1550 714 uti
1575 688 1730 726 poterant,
1754 679 1846 726 potiri
1870 687 1900 713 et
1922 691 2000 724 gan-

1249 729 1333 763 dere.
1353 729 1512 776 Quodque
1537 729 1722 775 suffraganei
1747 728 1874 776 praefati
1897 740 1933 763 ac
1948 741 2001 762 ea-

1250 778 1393 813 rumdem
1414 778 1567 818 Snanen„
1583 778 1762 822 Clusinen„
1774 777 2000 813 Grossetanen.

1250 838 1280 863 et
1298 828 1433 863 Massan.
1450 830 1609 863 cti-iiaiiim
1635 828 1880 875 dioecesumque
1897 828 2000 862 clerici

1249 886 1280 913 et
1305 878 1390 917 laici,
1427 879 1573 926 praefatis
1608 878 1879 926 archiepiscopis,
1908 877 2001 911 veluti

1251 928 1392 975 ipsorum
1412 928 1672 975 metropolitanis,
1689 927 1811 962 debitas
1834 926 2003 963 exhibeant

1251 978 1476 1022 obedientiam,
1497 978 1701 1013 reverentiam
1723 978 1838 1025 pariter
1856 986 1886 1012 et
1902 976 2004 1011 hono-

1253 1040 1328 1062 rem.
1353 1027 1390 1062 Et
1414 1028 1543 1075 insuper
1571 1027 1690 1062 irritum
1715 1039 1752 1062 ex
1781 1039 1865 1062 nunc
1892 1027 2005 1060 ‹lecer-

1253 1078 1358 1112 nimus
1380 1088 1409 1113 et
1434 1078 1537 1117 inane,
1553 1078 1577 1113 si
1593 1089 1684 1112 secus
1699 1077 1871 1125 superbis,
1887 1089 1903 1110 a
1923 1089 2005 1124 quo-

1252 1139 1357 1175 quam,
1375 1128 1486 1176 quavis
1500 1127 1695 1170 auctoritate,
1711 1128 1848 1162 scienter
1860 1126 1905 1161 vel
1921 1127 2006 1172 iguo-

1253 1187 1368 1217 ranter,
1388 1177 1554 1224 contigerit
1577 1177 1735 1212 attentari.

1301 1228 1322 1275 ἓ
1344 1230 1376 1261 Ji.
1405 1227 1474 1262 Non
1497 1227 1709 1267 obstantibus,
1731 1226 1818 1275 quod
1842 1225 2005 1261 Ecclesiae

1254 1278 1351 1325 ipsae,
1377 1285 1407 1312 nt
1427 1277 1612 1325 praefertur,
1637 1277 1798 1312 subiectae
1821 1275 1948 1314 suerint,
1971 1287 2006 1309 ac

1253 1327 1534 1363 constitutionibus
1561 1327 1754 1374 apostolicis,
1776 1326 1903 1361 statutis
1929 1338 2006 1372 qno-

1254 1389 1314 1425 que
1338 1386 1368 1411 et
1384 1376 1669 1412 consuetudinibus
1685 1376 1898 1412 Ecclesiarum
1918 1387 2008 1422 prae-

1255 1428 1400 1471 fatarum,
1418 1427 1606 1467 iuramento,
1621 1427 1863 1461 confirmatione
1878 1434 2009 1472 aposto-

1255 1476 1314 1511 lica
1337 1477 1385 1511 vel
1414 1478 1524 1524 quavis
1552 1476 1699 1511 firmitate
1727 1475 1895 1519 roboratis,
1923 1481 2010 1508 rete-

1256 1527 1363 1574 risque
1390 1527 1555 1562 contrariis
1579 1526 1850 1574 quibuscumque.

1304 1576 1389 1612 Nulli
1417 1589 1492 1624 ergo
1519 1585 1570 1611 etc.

1305 1626 1339 1661 Si
1367 1627 1437 1674 quis
1458 1635 1561 1662 antem
1585 1635 1637 1661 etc.

1307 1676 1421 1711 Datum
1441 1676 1546 1721 Senis,
1565 1688 1647 1712 anno
1662 1675 1892 1711 Incarnationis
1908 1674 2011 1709 domi-

1257 1727 1345 1761 nicae
1378 1726 1545 1762 millesimo
1576 1725 1889 1774 quadringentesimo
1911 1725 2010 1772 quin-

1257 1778 1441 1824 quagesimo
1465 1789 1569 1820 nono,
1592 1776 1717 1812 decimo
1744 1775 1894 1810 kalendas
1928 1775 2011 1814 ninii,

1260 1827 1460 1874 pontificatus
1489 1827 1584 1861 nostri
1608 1838 1691 1861 anno
1712 1826 1822 1874 primo.

1305 1888 1363 1919 Dat.
1381 1889 1426 1919 ilie
1446 1888 1482 1918 '22
1502 1889 1605 1929 aprilis
1626 1888 1711 1922 1459.
1731 1887 1831 1928 pontis.
1857 1896 1932 1917 anno
1952 1896 1969 1916 1.

1620 2052 1657 2087 V.

1263 2135 1479 2169 Praecedenti'a
1504 2135 1713 2180 episcoporum
1747 2134 1941 2178 aliorumque
1975 2134 2017 2166 ad

1310 2185 1498 2219 cathedrales
1528 2185 1678 2218 Ecclesias
1700 2185 1859 2218 electorum
1887 2195 1922 2217 ae
1941 2194 2016 2228 pro-

1311 2235 1537 2269 ioiioeariorum
1561 2235 1813 2280 apostolicorum.

1532 2312 1744 2344 summatum

1293 2381 1500 2411 l‘raeceitentiii
1525 2382 1740 2421 episcoporum.
1763 2396 1802 2402 —
1824 2379 1982 2410 Linitiiitio.

1345 2454 1406 2483 Pius
1425 2454 1566 2490 episcopus
1594 2460 1690 2482 servus
1711 2459 1850 2481 sorvorum
1868 2451 1930 2484 Dei,

1399 2504 1432 2532 ad
1463 2505 1622 2540 perpetuam
1652 2503 1694 2531 roi
1713 2502 1882 2531 memoriam.

1315 2573 1396 2608 Cum
1421 2584 1545 2607 servare
1569 2573 1599 2606 in
1629 2572 1721 2606 rebus
1750 2570 1892 2606 ordinem
1925 2577 2018 2617 atque

1267 2622 1395 2658 niodum
1419 2622 1457 2658 ad
1474 2621 1652 2657 Romanuin
1674 2620 1861 2656 Pontificem
1885 2619 2019 2654 maxime

1267 2673 1445 2721 pertineat,
1473 2671 1550 2707 ordo
1584 2683 1657 2706 vero
1691 2672 1720 2705 in
1755 2682 1793 2705 eo
1816 2669 2018 2717 potissimum

2014 275 2061 301 An.
2081 275 2107 300 C.
2129 274 2195 302 traso

2033 1234 2130 1255 Clausulu
2140 1234 2203 1255 dero·
2239 1231 2258 1265 'b'

2021 1267 2107 1292 zntorin.

2047 2563 2200 2602 macco-tenu·
2213 2564 2223 2576 ο

2047 2615 2203 2641 epi-caporum.
