2281 3251
91 287 142 315 An.
159 288 188 315 C.
209 288 274 315 ttwi

111 496 177 516 Cauta
193 494 252 514 liuius

102 526 267 547 constitutionis.

964 283 1026 305 [130
1050 282 1069 305 X
1096 281 1141 304 1³1).

289 352 358 376 rum
381 339 581 375 serenitatem
611 348 640 373 et
663 337 801 384 quietem
823 338 980 385 respicere
997 338 1040 372 ‹li-

289 396 497 437 gnoscuntur.

338 444 353 482 5
377 442 407 473 1.
424 438 504 473 Cum
520 438 637 484 itaque,
661 437 742 471 sicut
766 437 855 472 nobis
871 449 971 484 nuper
986 449 1041 470 ex-

291 488 364 535 poni
394 487 521 527 fecistis,
545 488 616 522 licet
640 487 739 521 felicis
769 486 920 521 recordat.
946 486 1042 520 Nico-

290 538 358 572 laus
379 536 434 577 ΙΙΙ,
456 536 606 572 Clemens
627 537 712 584 Papa
735 535 761 570 V
789 548 824 570 ac
840 536 890 570 alii
906 535 1040 570 Romani

290 586 472 632 Pontifices,
489 587 749 633 praedecessores
770 586 878 625 nostri,
896 598 950 631 pro
966 597 1042 618 con-

289 636 475 671 solidatione
503 635 721 682 ambiguarum
757 635 971 677 mentium,‹·t
998 634 1043 666 ti—

291 693 481 720 moratarum
507 686 768 720 conscientiarum
794 684 921 718 fratrum
941 682 1044 717 Ordi-

292 735 339 769 nis
361 734 458 769 vestri
476 735 654 777 serenitate,
677 734 788 768 domos
804 742 833 767 et
855 734 920 767 loca
943 740 972 766 et
987 732 1044 765 alia

293 784 372 818 bona
395 793 507 825 vestra,
528 791 588 818 tam
606 783 731 818 mobilia
747 795 838 830 quam
857 781 1044 823 immobilia,

293 833 323 867 in
348 834 396 867 ius
413 842 442 867 et
466 833 687 880 proprietatem
711 831 1045 867 RomanaeEcclesiae

292 883 502 929 susceperiim
527 882 733 916 nihilominus
748 880 891 915 nonnulli
908 889 1044 914 restrum

292 931 395 966 adbuc
423 932 599 975 haesitant,
627 944 698 966 cum
721 931 767 965 eis
789 931 901 963 domos
927 929 1046 975 amplas

293 990 321 1015 et
346 981 510 1027 spatiosaS,
534 981 656 1027 quaein
678 980 923 1026 praesentiarum
943 979 973 1011 in
995 990 1046 1011 ve-

293 1037 357 1065 stro
385 1029 506 1065 Ordine
534 1039 564 1064 et
596 1029 723 1068 familia,
765 1038 825 1064 tani
856 1040 911 1074 per
940 1027 1047 1061 fratres

293 1079 423 1125 speciali
457 1079 494 1113 ad
524 1079 583 1113 boc
605 1078 751 1112 facultate
778 1078 843 1112 sive
865 1077 1047 1111 auctoritate

294 1128 452 1169 suffultos,
476 1141 570 1175 quam
596 1140 650 1175 per
661 1127 839 1162 saeculares
862 1126 898 1159 ad
924 1126 982 1160 boc
1000 1125 1046 1169 pia

294 1178 461 1212 devotione
484 1178 607 1217 ductOS,
636 1184 866 1211 construuntur
888 1183 916 1208 et
944 1174 1048 1208 aedili-

295 1235 417 1270 cautur,
442 1234 475 1260 ut
498 1227 603 1272 potius
620 1226 728 1272 palatia
748 1225 984 1271 magistratuum
1008 1236 1047 1257 re-

296 1276 397 1323 putari
424 1288 518 1322 posse
534 1275 709 1315 videantur,
731 1286 823 1321 quam
841 1273 1049 1307 habitationes

296 1337 484 1372 pauperum,
508 1324 682 1358 inhabitare
704 1332 735 1358 et
757 1323 879 1363 colere3
905 1330 934 1356 et
955 1322 1048 1356 simili

296 1374 391 1408 modo
420 1373 610 1420 paramentis
638 1381 670 1407 et
702 1373 781 1407 vasis
814 1372 1049 1412 ecclesiasticis,

296 1435 376 1470 quae
399 1423 429 1457 in
447 1435 579 1457 numero
592 1431 621 1457 et
645 1422 744 1464 pretio
757 1421 957 1467 evangelicae
973 1433 1051 1467 pau-

298 1473 423 1520 pertati,
451 1484 545 1519 quam
571 1471 702 1519 professi
725 1472 813 1511 estis,
836 1471 988 1516 derogare
1006 1470 1052 1503 vi-

298 1522 424 1562 dentur,
452 1530 483 1556 et
505 1522 585 1562 aliis,
613 1520 729 1568 quibus
758 1529 819 1554 tam
842 1519 930 1555 Ordo
957 1531 1050 1566 qnam

299 1571 409 1606 fratres
441 1579 574 1605 utuntur
596 1570 808 1605 communiter
831 1569 877 1603 vel
908 1569 1047 1611 divisim,

301 1621 357 1665 uti,
372 1628 401 1655 et
425 1621 455 1654 in
480 1620 593 1655 vestris
620 1619 829 1655 conventibus
852 1618 901 1652 illa
919 1619 1052 1653 retinere

301 1671 410 1705 liceat:
439 1682 475 1704 ac
504 1679 668 1717 propterea
705 1667 849 1703 nonnulli
879 1676 1054 1702 conventus

301 1720 493 1766 relinquere,
509 1728 538 1754 et
560 1719 599 1754 ad
622 1719 688 1753 loca
711 1718 890 1752 eremitoria
904 1730 937 1752 se
953 1726 1054 1752 trans-

303 1770 384 1804 ferre
405 1777 435 1804 et
460 1768 567 1815 fugere
584 1769 765 1811 moliantur,
789 1768 819 1801 in
844 1766 1056 1801 divinicultus

303 1819 526 1854 detrimentum
561 1826 592 1852 et
624 1817 806 1852 scandalum
837 1817 1055 1862 plurimorum,

305 1881 339 1903 ac
365 1868 497 1903 Ordinis
515 1874 544 1901 et
564 1867 698 1901 familiae
721 1866 1005 1913 perturbationem,
1027 1873 1057 1899 et

305 1930 376 1952 cum
400 1917 572 1957 interdum,
585 1916 626 1950 ob
639 1916 888 1961 magnificentias
904 1916 1056 1962 plurimo-

306 1980 374 2002 rum
406 1967 582 2012 principum
611 1973 641 1999 et
668 1966 799 1999 aliorum
835 1964 1058 2007 dominorum,

305 2017 358 2064 qui
388 2028 450 2050 non
475 2015 650 2050 secundum
679 2014 764 2061 quod
781 2022 899 2048 vestrae
915 2015 1058 2059 congruit

306 2064 510 2113 paupertati,
538 2065 593 2099 sed
628 2064 803 2098 secundum
836 2063 919 2110 quod
948 2075 1058 2097 eorum

307 2119 452 2166 congruit
479 2118 708 2162 excellentiae,
736 2117 846 2152 volunt
878 2124 908 2151 et
944 2124 1060 2151 vestras

307 2173 419 2208 domos
453 2179 662 2216 construere,
688 2179 719 2206 et
752 2183 808 2218 pro
841 2170 947 2205 divino
974 2170 1060 2205 cultu

308 2239 418 2275 capsas
445 2235 476 2262 et
499 2226 649 2273 planetas,
672 2225 853 2260 dalmaticas
877 2233 907 2259 et
934 2224 992 2259 alia
1012 2237 1062 2271 pa-

310 2289 461 2326 ramenta,
483 2288 515 2315 et
538 2280 654 2315 calices
675 2291 711 2314 ac
733 2279 792 2314 alia
820 2291 889 2313 vasa
913 2278 949 2313 ad
974 2278 1062 2312 mini-

310 2336 441 2371 sterium
464 2334 651 2369 sacramenti
667 2333 783 2377 altaris,
800 2345 855 2380 pro
870 2333 986 2367 summi
1005 2331 1061 2367 Dei

311 2390 430 2425 honore
452 2398 482 2424 et
504 2389 614 2436 gloria,
648 2389 697 2436 pie
725 2399 853 2434 erogare
876 2395 907 2422 et
928 2386 1063 2432 elargiri,

312 2443 384 2480 talia
401 2456 550 2491 respuere
573 2455 635 2478 non
661 2443 800 2490 possitis,
823 2453 946 2476 necnon
963 2441 1064 2487 possi-

312 2498 406 2532 bilem
432 2498 639 2532 resistentiam
668 2497 706 2531 de
730 2509 791 2530 non
815 2495 999 2542 accipiendo
1017 2494 1063 2529 fa-

313 2552 413 2597 ciatis,
435 2560 465 2587 et
484 2564 545 2586 uon
559 2552 662 2585 sinant
677 2551 725 2585 isti
743 2551 818 2585 tales
837 2549 991 2584 donantes
1005 2549 1063 2584 iam

315 2614 473 2652 acceptata
496 2605 637 2645 alienari,
661 2617 717 2639 uec
740 2604 882 2638 demoliri
907 2603 967 2638 iam
988 2615 1067 2638 con-

316 2667 431 2695 structa
455 2659 647 2709 permittant.

1712 267 1784 299 ‹307›

1130 341 1145 381 ἓ
1168 338 1199 371 2.
1216 335 1314 371 Nobis
1336 334 1496 368 humiliter
1518 332 1689 380 supplicari
1716 331 1833 366 fecistis

1083 395 1127 427 ut,
1148 398 1203 433 pro
1226 397 1302 432 pace
1316 383 1581 419 conscientiarum
1601 390 1788 420 vestrarum,
1804 390 1831 416 ct

1084 445 1116 470 ut
1143 436 1210 470 sine
1233 434 1360 469 stimulo
1376 441 1497 480 gratum
1521 432 1683 466 Altissimo
1698 430 1835 465 famula-

1085 494 1148 519 tum
1177 484 1347 524 exhibere,
1370 491 1399 517 et
1425 483 1454 516 in
1484 490 1585 516 vestro
1610 480 1757 515 laudabili
1786 480 1835 514 of-

1085 534 1208 569 ficiandi
1235 534 1292 567 ritu
1321 533 1506 567 continuare
1523 531 1660 577 possitis,
1675 530 1767 564 statui
1785 542 1836 563 ve-

1084 594 1149 619 stro
1172 582 1328 630 superbis
1350 590 1526 628 opportune
1543 579 1707 627 providere
1729 579 1767 613 de
1789 578 1839 612 be-

1087 634 1237 679 nignitate
1260 632 1430 679 apostolica
1454 630 1670 675 dignaremur.

1135 683 1153 729 ἓ
1176 686 1207 716 5.
1236 682 1300 716 'Nos
1321 681 1431 726 igitur,
1454 679 1651 713 attendentes
1673 677 1755 724 quod
1780 677 1838 710 do-

1087 744 1209 765 morum
1233 739 1264 765 et
1285 731 1416 764 aliarum
1446 741 1562 771 rernm,
1579 736 1639 762 tam
1665 740 1720 773 pro
1733 726 1839 760 divino

1087 781 1170 815 cultu
1195 792 1289 826 qnam
1320 791 1374 825 pro
1394 778 1555 813 communi
1577 790 1634 811 usu
1657 784 1760 810 vestro
1780 788 1839 808 vo-

1088 830 1135 863 bis
1161 840 1395 871 concessarum,
1418 827 1521 861 solum
1546 827 1582 861 ad
1607 838 1698 860 usum
1722 833 1752 859 et
1777 837 1837 858 non

1088 879 1222 913 fructum
1242 890 1298 912 nec
1323 877 1553 923 possessiouem
1568 875 1695 915 cedunt,
1719 886 1775 908 nec
1793 886 1839 913 ea,

1087 928 1155 962 sine
1182 927 1309 974 speciali
1339 926 1433 960 Sedis
1454 925 1654 972 Apostolicae
1682 923 1840 961 mandato,

1088 977 1224 1011 alienare
1254 976 1402 1023 possitis,
1431 987 1466 1009 ac
1487 975 1526 1009 ad
1556 974 1700 1009 eamdem
1723 973 1838 1007 Sedem

1090 1026 1138 1060 illa
1162 1026 1277 1065 omnia,
1297 1037 1377 1071 quae
1399 1024 1438 1058 de
1467 1036 1559 1064 novo,
1583 1031 1615 1057 ut
1638 1023 1734 1057 nostri
1752 1034 1842 1068 prae-

1089 1075 1273 1109 decessores
1301 1074 1462 1117 fecerunt,
1492 1073 1521 1106 in
1553 1073 1774 1118 proprietatem
1794 1071 1843 1104 ‹li-

1090 1132 1156 1158 ctae
1179 1123 1271 1159 Sedis
1294 1123 1476 1169 recipimus,
1501 1122 1668 1167 pertinent,
1693 1128 1723 1155 et
1745 1119 1842 1167 quod,

1090 1186 1127 1207 ex
1150 1173 1319 1207 domorum
1346 1172 1557 1218 amplitudine
1579 1179 1632 1204 aut
1648 1178 1844 1216 paramento-

1091 1235 1160 1256 rum
1185 1221 1389 1268 mnltiplicit.,
1413 1221 1488 1255 niliil
1509 1220 1607 1265 magis
1626 1219 1737 1253 vestris
1756 1230 1845 1253 com-

1091 1271 1296 1306 moditatibus
1320 1270 1535 1316 corporalibus
1550 1268 1715 1311 adiiciatis,
1736 1267 1845 1302 vestris

1093 1322 1122 1355 in
1158 1320 1217 1355 liac
1253 1327 1339 1367 parte
1367 1318 1653 1366 supplicationibus
1681 1317 1846 1360 inclinati,

1091 1370 1275 1405 auctoritate
1297 1369 1469 1416 apostolica
1493 1376 1602 1402 tenore
1631 1367 1844 1414 praesentium

1092 1419 1291 1454 declaramus
1320 1427 1350 1453 et
1378 1418 1603 1457 decernimus,
1638 1428 1692 1450 vos
1722 1416 1844 1450 illorum

1094 1477 1214 1503 tantum
1237 1480 1305 1503 esse
1327 1467 1476 1502 custodes
1502 1473 1532 1501 et
1555 1478 1617 1500 non
1636 1476 1846 1512 possessores,

1093 1526 1123 1552 et
1153 1526 1329 1565 propterea,
1352 1517 1470 1563 absque
1492 1524 1613 1550 vestrae
1643 1514 1848 1560 professionis

1095 1567 1215 1601 macula
1239 1576 1291 1601 aut
1314 1567 1501 1609 violatione,
1529 1577 1601 1599 cum
1629 1564 1748 1604 deceat,
1764 1563 1847 1597 iuxta

1095 1617 1308 1651 celebritatem
1332 1615 1580 1658 solemnitatum,
1596 1622 1626 1648 et
1645 1613 1848 1648 solemniori-

1096 1666 1155 1701 bus
1169 1666 1280 1701 officiis
1300 1673 1330 1699 et
1345 1664 1579 1699 decentioribus
1591 1662 1780 1710 paramentis
1795 1662 1849 1695 di-

1096 1717 1198 1750 vinam
1218 1716 1372 1749 bonorare
1393 1714 1600 1753 Maiestatem,
1622 1721 1652 1747 et
1667 1712 1765 1759 ipsius
1781 1711 1850 1745 cul-

1098 1774 1163 1800 tum
1186 1765 1384 1808 munificare,
1412 1772 1442 1798 et
1464 1764 1534 1797 aliis
1548 1762 1666 1809 quibus
1683 1770 1744 1796 tam
1760 1760 1850 1795 Ordo

1097 1827 1191 1861 quam
1217 1814 1326 1847 fratres
1341 1821 1486 1855 utuntur,
1509 1812 1722 1846 communiter
1739 1810 1785 1845 vel
1802 1810 1852 1843 di-

1099 1864 1202 1903 visim,
1231 1864 1272 1897 uti
1295 1873 1325 1897 et
1353 1862 1444 1909 potiri
1472 1862 1568 1896 libere
1587 1869 1617 1895 et
1641 1861 1724 1894 licite
1748 1871 1851 1906 posse,

1100 1921 1191 1958 prout
1228 1913 1322 1947 etiam
1358 1912 1456 1946 felicis
1492 1910 1720 1945 recordationis
1753 1909 1852 1942 lulius

1099 1962 1183 2009 Papa
1210 1961 1250 2004 11,
1274 1961 1497 2007 praedecessor
1519 1968 1636 1998 noster,
1661 1958 1805 1993 fratribus
1818 1970 1852 1991 e-

1101 2011 1221 2046 iusdem
1238 2010 1371 2045 Ordinis
1393 2018 1423 2045 et
1446 2010 1580 2043 familiae
1603 2008 1688 2053 regni
1709 2007 1852 2052 Angliae,

1101 2060 1139 2095 ad
1162 2061 1342 2095 instantiam
1371 2059 1552 2094 carissimae
1576 2058 1604 2091 in
1628 2057 1753 2091 Christo
1774 2056 1853 2089 filiae

1102 2124 1240 2158 nostrae,
1263 2114 1432 2148 modernae
1461 2112 1587 2158 reginae
1609 2110 1740 2156 Angliae
1764 2109 1854 2142 illus-

1103 2170 1168 2208 tris,
1191 2169 1386 2204 concessisse
1413 2167 1539 2201 dicitur.
1562 2165 1602 2199 Et
1630 2165 1674 2198 sic
1695 2163 1855 2210 perpetuis

1104 2222 1216 2257 futuris
1243 2221 1441 2269 temporibus
1468 2221 1498 2254 in
1527 2218 1647 2253 Ordine
1675 2225 1706 2252 et
1740 2216 1854 2250 familia

1104 2277 1216 2312 vestris
1238 2276 1277 2311 ab
1304 2274 1452 2310 omuibus
1481 2273 1565 2307 illius
1592 2271 1737 2306 fratribus
1756 2271 1852 2305 teneri

1104 2339 1133 2366 et
1160 2331 1316 2366 observari
1345 2329 1459 2364 debere
1487 2328 1632 2362 volumus
1659 2335 1689 2361 et
1719 2325 1856 2360 manda-

1105 2398 1186 2420 mUS.

1154 2440 1174 2487 S
1196 2442 1228 2473 lt.
1256 2438 1324 2473 Non
1349 2435 1548 2471 obstantibus
1576 2432 1857 2469 constitutionibus
1886 2442 1942 2490 t[lc-1

1105 2503 1135 2528 et
1156 2491 1408 2528 ordinationibus
1423 2490 1604 2537 apostolicis
1626 2500 1661 2522 ac
1684 2487 1783 2534 ipsius
1802 2486 1858 2520 Or-

1106 2547 1189 2581 dinis
1211 2546 1346 2585 statutis,
1374 2545 1468 2578 etiam
1492 2544 1668 2578 iuramento
1690 2542 1754 2575 sive
1779 2552 1858 2587 pro-

1107 2601 1243 2636 sessione
1272 2599 1425 2639 firmatis,
1453 2606 1483 2632 et
1513 2598 1581 2631 aliis
1609 2597 1638 2630 iu
1667 2595 1857 2630 contrarium

1108 2655 1293 2692 facientibus
1320 2653 1585 2704 quibuscumque..

1851 276 1898 302 An.
1921 276 1948 300 C.
1966 277 2027 302 tzitti

1860 336 1935 357 l'ietitio
1945 337 1957 356 li
1971 342 1990 357 ¹ti
1999 344 2030 357 nin

1849 367 1948 387 §liliorum
1958 370 1982 388 de
1993 369 2031 388 021-

1849 402 1960 418 seruulis.

1854 687 2034 713 Dect-ratioqm.,1

1854 718 1916 738 liceat
1934 725 1983 743 ipsis
1995 719 2038 737 lm<

1854 751 1920 770 tribus
1941 754 1967 769 uti
1993 757 2038 768 ain*

1855 781 1893 807 plis
1910 782 1984 800 domitu.
1998 787 2037 800 um—

1855 812 1977 837 ᾳιιιῑὲιῖμῳιε
2003 818 2020 830 vii

1855 846 1958 862 [innectis
1970 841 2037 861 eccla

1856 874 1919 893 stanin
1931 874 1954 892 is,
