2281 3251
249 249 299 276 Ᾰη.
316 248 346 274 C.
366 247 431 275 tti87

273 754 373 775 [ibellum
398 758 439 773 itu-

255 822 339 837 nentem
356 819 437 837 vtamnai

255 849 400 869 tunt-cenum.

274 1797 396 1818 simmia-11
413 1797 447 1815 le-

260 1836 352 1852 ctionem
370 1834 388 1850 et
408 1832 447 1851 iiu-

261 1864 395 1889 prentunnin
412 1863 447 1882 iu-

262 1895 345 1915 teritirit
356 1894 392 1914 snb
403 1900 448 1920 pn·-

262 1933 289 1946 na
299 1926 446 1946 anattiemati÷‚

284 2579 385 2600 loannem
407 2584 456 2598 vei-o

273 2610 351 2632 Picum.
369 2616 401 2635 qiu
422 2615 458 2628 ene

262 2642 313 2661 iud.
329 2640 388 2660 Sedit
401 2640 459 2666 Apo-

499 237 568 270 5⁶28

1056 242 1241 265 ennium!
1270 241 1431 264 itmuxtiu

450 305 549 340 tilium
571 303 834 350 pbilosophorum
855 302 914 336 iani
934 300 1053 334 dudum
1069 298 1202 333 abolitos
1244 298 1336 333 Sedis
1363 297 1570 340 correctione,
1598 304 1631 330 ut
1657 295 1827 333 asserebat,
1852 292 1997 341 publica-

449 363 479 390 et
501 354 673 397 obsoletos,
695 364 730 386 ac
753 353 828 386 alias
851 350 1012 398 perfidiam
1029 349 1200 382 iudaeorum
1246 349 1284 381 vit
1301 356 1328 382 et
1355 348 1471 394 posuit,
1487 355 1516 380 et
1534 346 1658 380 taudem
1683 345 1810 380 casdem
1835 343 1913 378 tales
1929 355 1997 378 esse
2012 360 2051 380 iam
2071 364 2142 380 mmm
2161 366 2197 380 m.

452 404 611 442 foventes,
635 414 692 437 nec
730 414 791 435 uon
821 400 1013 446 complures,
1036 410 1129 445 quae,
1144 398 1203 430 sub
1223 413 1225 424 =
1247 397 1407 431 babendas
1430 396 1591 443 professus
1610 404 1668 438 est,
1690 395 1800 442 quales
1816 393 1998 428 iudicantur

451 454 587 501 quodam
604 452 676 487 suco
691 450 910 498 pbilosopbiae
927 448 1089 482 naturalis.
1106 449 1204 481 bone-

452 513 534 538 stare
560 502 704 536 nituntur
726 509 809 534 artes
824 498 976 546 quasdam
1003 498 1074 531 [idei
1094 497 1206 531 catlio-

453 553 532 587 licae
559 561 588 586 et
613 551 751 585 bumauo
779 548 888 595 generi
912 547 1074 585 inimicas,
1103 560 1117 580 a
1140 545 1206 579 suis

454 601 629 636 canonibus
643 609 673 635 et
688 599 841 634 doctrinis
855 597 1081 632 catholicorum
1102 596 1208 629 docto-

455 663 525 686 rum
548 651 702 685 acerrime
724 648 887 682 damnatas
916 646 1157 693 propositiones.

504 700 524 747 ξ
551 702 583 733 4.
606 698 671 733 Nos
687 697 855 745 igitur,qui
873 696 1095 743 Rcdernptoris
1111 694 1207 728 nostri

368 792 377 803 Γ
402 792 425 804 Η
456 751 560 784 locuni
585 757 729 783 tenemus
755 746 907 789 interris,
928 746 1008 780 circa
1032 744 1137 791 gregis
1159 744 1206 777 sui

455 798 630 834 custodiam
648 806 677 833 et
695 797 872 832 animarum
887 795 1018 830 salutem
1035 796 1114 840 iugis
1127 793 1210 840 cogi-

457 848 584 883 tationis
605 848 779 882 attentione
803 845 978 883 intendere,
991 844 1210 878 submovendo

456 898 546 933 noxia
566 907 595 931 ct
612 897 773 944 profutura
798 894 1018 937 ministrando,
1041 894 1209 931 debemus,

457 960 495 982 ne
511 948 745 994 propositiones
772 945 947 991 praedictae
965 944 1043 978 male
1059 952 1087 977 et
1103 951 1209 976 contra

458 997 549 1031 fidem
560 1005 710 1031 sonantes
724 995 818 1030 corda
832 994 970 1028 fidetium
991 992 1212 1027 damnabiliter

457 1053 680 1093 corrumpant,
697 1044 861 1092 providere
886 1043 1041 1086 volentes,
1058 1050 1089 1075 ut
1112 1041 1212 1075 debe—

457 1108 546 1136 mus3
561 1104 588 1130 et
601 1095 750 1142 quoniam
764 1093 920 1140 prolixum
935 1101 964 1127 et
978 1103 1148 1138 operosum
1166 1102 1212 1124 es-

457 1146 547 1181 setin
562 1146 667 1192 specie
683 1151 713 1178 et
733 1143 915 1189 singillatim
933 1141 1150 1188 praesentibus
1165 1141 1213 1173 in-

458 1206 564 1230 serere
581 1206 693 1228 omnes
712 1192 779 1227 illas
798 1192 1016 1227 conclusiones
1028 1201 1057 1225 et
1072 1190 1214 1237 proposi-

460 1245 561 1279 tiones
585 1256 639 1290 per
651 1255 706 1278 eos
721 1241 946 1288 magistraliter
959 1240 1123 1275 damnatas
1141 1251 1212 1273 cum

459 1294 562 1329 causis
576 1292 787 1327 damnationis
802 1303 924 1332 earum;
940 1290 1069 1333 idcirco,
1084 1289 1122 1324 de
1138 1300 1214 1323 con—

459 1344 531 1378 silio
555 1342 782 1377 venerabilium
811 1341 941 1375 fratrum
971 1347 1151 1373 nostrorum
1179 1337 1212 1371 S.

459 1393 497 1427 R.
514 1392 550 1426 E.
565 1391 783 1430 cardinalium,
799 1389 926 1425 libellus
948 1389 1213 1434 noningentorum

459 1441 711 1476 conclusionum·
727 1439 972 1487 praedictarum,
1000 1438 1144 1484 quamvis
1158 1437 1215 1471 ali-

460 1503 539 1539 quas
561 1491 721 1525 contiueat
740 1489 912 1524 catholicas
927 1496 956 1523 et
971 1499 1072 1527 veras,
1087 1495 1215 1533 propter

460 1540 687 1575 admixtionem
709 1547 814 1573 tamen
834 1538 1065 1585 praedictarum
1082 1536 1216 1570 damna—

460 1591 573 1625 bilium
589 1588 1011 1629 assertionum,auctoritate
1033 1586 1215 1633 apostolica,

461 1640 673 1687 praesentium
702 1647 811 1673 tenore
834 1637 1024 1672 damnamus
1047 1644 1077 1670 et
1106 1647 1211 1682 repro-

461 1690 586 1724 bamus.

510 1743 526 1782 ἓ
549 1741 581 1774 5.
605 1738 643 1772 Et
665 1738 806 1784 insuper,
823 1750 862 1771 ue
886 1736 968 1771 illins
996 1735 1089 1770 lectio
1113 1735 1215 1768 conti-

463 1800 559 1823 nuare
581 1787 681 1822 valeat
696 1787 895 1826 scandalum,
919 1794 951 1819 iit
977 1785 1216 1832 praemisimus,

462 1846 660 1885 generatum,
682 1844 712 1871 et
730 1837 760 1870 iu
778 1836 917 1870 futurum
942 1836 979 1869 ad
1003 1834 1086 1869 aliud
1112 1833 1216 1868 forsan

463 1888 564 1922 maius
601 1887 752 1930 inducat,
787 1885 847 1920 sub
875 1883 1216 1919 excommunicationis

465 1949 562 1984 poena
579 1937 648 1982 ipso
665 1935 744 1970 facto
760 1933 1121 1977 incurrenda,oinnibns
1131 1932 1219 1966 cbri-

463 1986 676 2025 stifidelibus.
699 1997 738 2019 ne
767 1984 855 2018 illum
885 1983 924 2017 de
951 1991 1074 2017 caetero
1102 1982 1218 2027 legere,

464 2036 601 2071 scribere
624 2043 678 2069 aut
705 2034 902 2080 imprimere,
925 2045 979 2067 seu
1004 2032 1062 2078 legi
1082 2060 1089 2071 ,
1124 2031 1218 2065 scribi

463 2097 517 2124 aut
553 2088 690 2136 imprimi
715 2088 828 2127 facere,
863 2086 908 2121 vel
938 2086 1007 2119 aliis
1043 2084 1220 2131 legentibus

465 2144 574 2178 audire
596 2154 726 2190 quoquo
759 2141 854 2175 modo
888 2148 1108 2187 praesumant,
1138 2138 1220 2171 dicta

465 2198 652 2232 auctoritate
669 2195 862 2236 inhibemus,
881 2203 911 2229 ct
927 2193 1013 2228 illum
1028 2192 1219 2238 descriptum

467 2252 513 2285 vel
543 2251 732 2297 impressum
757 2261 842 2283 nunc
865 2257 893 2282 et
919 2260 974 2295 pro
998 2256 1137 2292 tempore
1161 2245 1221 2278 ba—

469 2305 626 2342 bentibus.
651 2314 682 2338 ut
706 2305 792 2338 illum
816 2303 1005 2338 comburere
1022 2330 1030 2341 ,
1055 2300 1130 2334 inl'ra
1165 2301 1222 2333 tri-

469 2360 566 2394 duum
594 2371 610 2393 a
632 2359 682 2393 die
698 2358 821 2392 babilae
845 2357 973 2392 notitiae
997 2355 1222 2403 praesentium,

470 2413 529 2448 sub
556 2413 666 2447 eadem
693 2424 805 2459 poena,
833 2411 913 2445 dicta
931 2410 1114 2445 auctoritate
1135 2422 1224 2443 nian-

471 2469 595 2503 damus.

522 2522 542 2569 g
568 2525 602 2556 6.
634 2520 813 2555 praefatum
845 2526 950 2553 autem
979 2518 1150 2561 comitem,
1172 2518 1224 2564 qui

474 2575 651 2611 antedictas
663 2574 883 2609 conclusiones
895 2574 989 2620 gratia
1004 2581 1122 2608 tantum
1139 2572 1228 2606 sebo-

475 2629 600 2665 lasticae
621 2627 862 2675 disceptationis
889 2636 918 2662 et
943 2627 1001 2661 sub
1025 2625 1226 2674 Apostolicae

1249 458 1302 492 per
1319 458 1375 480 nos
1390 454 1419 480 et
1443 445 1639 492 professores
1654 444 1842 491 praedictos,
1862 454 1996 490 quorum

1249 495 1400 530 iudiciuin
1438 496 1467 528 in
1498 495 1554 529 bac
1576 502 1681 541 parte,
1715 501 1746 527 iit
1780 492 1998 540 praemittitur,

1249 545 1431 580 auctoritate
1445 544 1616 591 apostolica
1627 542 1852 590 approbaiuus;
1865 550 1895 576 et
1905 541 1998 576 etiam

1249 595 1320 642 quia
1350 593 1555 628 iureiurando
1586 592 1729 639 promisit
1753 592 1837 626 nullo
1859 600 2001 638 tempore

1250 656 1282 679 se
1306 643 1376 678 talia
1398 643 1617 686 defensurum,
1634 640 1750 675 nullam
1770 640 1810 675 ob
1827 641 2000 688 praemissa

1252 705 1423 728 incurrisse
1455 700 1601 726 Sinistrae
1633 698 1861 725 aestimationis
1897 698 2001 724 notam

1253 743 1387 790 praefata
1409 742 1593 777 auctoritate
1615 740 1816 775 decernimus
1843 748 1872 774 et
1897 740 2003 774 decla—

1253 805 1371 827 ramus.

1301 848 1315 885 §
1339 845 1370 876 Τ.
1385 841 1423 876 Et
1440 841 1580 887 insuper,
1596 839 1667 886 quia
1683 839 1810 874 difficile
1825 839 1903 874 soret
1919 850 2005 885 prae-

1253 901 1360 926 sentes
1374 892 1478 925 literas
1497 890 1533 924 ad
1550 890 1693 936 singulas
1707 889 1848 924 civitates
1862 896 1892 923 et
1909 888 2004 922 dioe—

1253 954 1341 976 ceses
1370 940 1509 975 fidelium
1537 938 1671 983 deferre,
1697 939 1844 973 volumus
1871 946 1901 973 et
1927 949 2005 984 apo-

1254 991 1362 1025 stolica
1399 990 1582 1024 auctoritate
1615 988 1816 1022 deceruimus
1845 987 1930 1035 quod
1952 999 2006 1022 ea·-

1256 1041 1399 1075 rnmdem
1424 1040 1585 1074 literarum
1609 1037 1940 1084 transtimpto,sigillo
1954 1037 2007 1071 ali-

1255 1090 1346 1124 cuius
1362 1089 1489 1137 praelati
1506 1087 1710 1123 ecclesiastici
1725 1088 1860 1128 munito,
1871 1095 1901 1121 et
1911 1097 2006 1120 manu

1257 1140 1372 1187 publici
1411 1138 1521 1173 notarii
1545 1137 1724 1184 subscripto
1741 1165 1748 1177 ,
1772 1136 1864 1183 plena
1891 1135 2008 1182 ubique

1256 1189 1334 1224 fides
1357 1188 1560 1230 adhibeatur,
1584 1195 1677 1233 prout
1699 1185 1904 1221 adhiberetur
1932 1185 2009 1232 ipsis

1256 1238 1460 1285 originalibus
1482 1238 1592 1281 literis,
1610 1236 1634 1270 si
1659 1235 1759 1271 forent
1782 1235 1939 1271 exhibitae
1961 1233 2007 1268 vel

1257 1298 1413 1323 ostensae.

1306 1339 1326 1383 g
1348 1340 1379 1371 8.
1409 1336 1594 1371 Mandantes
1616 1335 1757 1370 locorum
1778 1334 1958 1379 ordinariis,
1970 1333 2007 1368 ad

1257 1399 1391 1434 quorum
1417 1386 1559 1421 notitiam
1598 1393 1779 1431 praesentes
1814 1384 1921 1419 literae
1954 1395 2009 1418 seu

1259 1444 1454 1484 transumpta
1495 1435 1675 1470 authentica
1715 1434 1939 1480 pervenerint,
1978 1441 2012 1467 ιιι

1260 1487 1430 1533 praeniissa
1448 1498 1503 1532 per
1518 1496 1627 1519 eornm
1643 1484 1783 1518 civitates
1802 1491 1832 1517 ct
1848 1482 2012 1518 dioeceses

1260 1537 1290 1570 in
1305 1536 1446 1570 ecclesiis
1461 1536 1539 1569 intra
1554 1534 1720 1568 missarum
1735 1532 1888 1567 solemnia
1899 1532 2013 1567 faciant

1261 1585 1425 1633 publicari,
1449 1597 1488 1619 uc
1505 1583 1661 1631 quispiam
1685 1582 1785 1617 valeat
1806 1582 1845 1617 de
1859 1583 1907 1617 eis
1922 1582 2014 1628 igno-

1261 1636 1390 1669 rantiam
1414 1635 1560 1680 allegare,
1584 1640 1615 1667 ct
1637 1640 1699 1666 tam
1722 1633 1768 1667 eis
1790 1643 1884 1679 quam
1907 1631 2015 1667 baere-

1260 1685 1339 1719 ticae
1367 1684 1526 1731 pravitatis
1549 1682 1801 1730 inquisitoribus,
1823 1689 1858 1716 ut
1877 1681 1914 1723 si,
1929 1681 2014 1728 quod

1260 1734 1353 1774 absit,
1381 1734 1543 1779 contingat
1558 1732 1706 1767 eumdem
1731 1731 1892 1775 comitem,
1906 1738 2015 1766 contra

1261 1785 1328 1819 eius
1351 1783 1585 1818 consessionem
1602 1791 1630 1817 et
1647 1782 1871 1824 iuramentum,
1895 1779 2014 1827 aliquid

1262 1834 1291 1867 in
1309 1842 1469 1881 posterum
1489 1833 1645 1875 attentari,
1658 1839 1688 1864 et
1701 1830 1779 1865 alios
1796 1841 2016 1877 quoscumque

1262 1883 1417 1918 mandatis
1446 1882 1559 1917 uostris
1587 1880 1766 1915 huiusmodi
1799 1892 1860 1914 nou
1890 1879 2017 1914 obtem-

1262 1945 1387 1980 perare,
1400 1944 1492 1979 quae,
1507 1932 1590 1965 iuxta
1605 1929 1773 1965 canonicas
1787 1929 1968 1964 sanctiones
1986 1937 2016 1963 et

1262 1990 1442 2016 sanctoruni
1467 1981 1594 2015 Pati-um
1623 1980 1746 2014 decreta
1776 1980 1806 2013 iu
1842 1978 2017 2015 haereticos

1263 2040 1388 2068 statuta,
1411 2043 1519 2064 eorum
1541 2030 1731 2064 incumbunt
1753 2028 1872 2073 officio,
1903 2029 2017 2075 exequi

1263 2098 1324 2120 non
1337 2086 1493 2119 omittant.
1507 2084 1764 2119 Contradictores
1778 2095 1834 2131 per
1849 2094 2016 2117 censuram

1263 2139 1507 2174 ecclesiasticam
1525 2167 1532 2180 ,
1570 2138 1781 2186 appellatione
1827 2137 2018 2185 postposita,

1264 2193 1508 2240 compescendo.
1522 2193 1591 2227 Non
1606 2192 1804 2227 obstantibus
1820 2192 1844 2226 si
1861 2191 2020 2238 aliquibus

1265 2248 1477 2282 communiter
1493 2248 1537 2282 rel
1552 2247 1675 2281 divisim
1699 2259 1714 2281 a
1736 2246 1819 2282 Sede
1838 2246 2020 2292 Apostolica

1267 2302 1421 2336 indultum
1432 2302 1555 2349 „existat
1575 2301 1659 2348 quod
1684 2300 1844 2340 interdici,
1867 2300 2020 2347 suspendi

1267 2356 1312 2391 vel
1341 2355 1607 2391 excommunicari
1629 2366 1692 2389 non
1714 2354 1834 2401 possint
1851 2354 2022 2401 perliteras

1267 2410 1453 2457 apostolicas
1482 2421 1543 2443 non
1572 2408 1724 2442 facientes
1751 2408 1876 2455 plenam
1904 2416 1935 2442 et
1961 2420 2021 2442 ex-

1268 2476 1407 2510 pressam
1436 2475 1472 2497 ac
1498 2462 1654 2497 deverbo
1687 2462 1723 2496 ad
1748 2462 1878 2497 verbum
1905 2461 1945 2497 de
1972 2462 2022 2496 in-

1269 2517 1357 2552 dulto
1385 2516 1565 2551 buiusmodi
1596 2516 1800 2551 mentionem.

1318 2571 1402 2605 Nulli
1426 2583 1500 2617 ergo
1522 2579 1576 2605 etc.

1321 2625 1436 2660 Datum
1461 2625 1581 2659 Romae
1600 2623 1683 2671 apud
1703 2623 1855 2658 Sanctum
1881 2623 2022 2664 Petrum,

2015 236 2062 262 An.
2081 235 2111 261 C.
2127 234 2192 260 lliQY

2011 297 2100 318 stolieto
2115 296 2194 317 submi-

2012 330 2046 353 sii,
2062 327 2140 348 nullam
2150 333 2197 346 mn-

2011 392 2105 411 currisse
2122 391 2196 411 decia-

2013 426 2053 445 ¹¹⁸⁸}

2026 848 2170 875 Transumptin
2182 847 2203 868 fl-

2019 881 2066 900 dem
2081 879 2124 900 vult
2142 879 2204 900 mtu-

2019 912 2077 936 beri,

2038 1345 2209 1371 Praeseniosquo

2024 1377 2099 1397 literas
2114 1376 2210 1403 publica-

2026 1414 2043 1428 ri
2050 1424 2055 1432 ,

2046 2089 2069 2110 Et
2094 2090 2115 2110 in
2139 2092 2218 2110 contu-

2032 2126 2104 2141 ηιμ-οι
2123 2120 2219 2141 anim-rt-

2033 2153 2094 2174 verti.

2268 121 2276 190 -..—
