2281 3251
892 321 985 344 mnnx
1010 321 1122 345 ueneat
1662 315 1725 347 791

238 372 371 407 Ioannes
397 371 595 417 Palaeologns
624 372 793 418 imperator
820 376 894 420 petit
919 376 1087 410 concilium
1111 376 1291 411 Basileense
1316 377 1488 411 Ferrariam
1513 377 1736 418 transferri,51
1756 381 1782 412 b.

237 421 365 457 loannis
386 420 546 466 Baptistae
570 420 626 464 tS.)
648 422 906 466 confraternitas,
935 424 1066 459 Divinae
1094 426 1325 459 Misericordiae
1355 436 1553 473 nuncupata,
1582 427 1784 473 approbatur,

337 472 408 505 544
430 471 457 503 b.
487 469 565 504 Eius
587 470 789 515 cappellanus
813 473 1092 508 condemnatorum
1117 476 1330 509 consessiones
1347 476 1567 522 autlit,eisque
1589 488 1675 510 sacra
1696 477 1785 510 mini-

336 526 424 562 strat,
450 520 527 553 ibid.
553 518 735 554 Consratrcs
754 521 889 565 gandent
914 522 1059 557 facultate
1082 524 1205 569 propria
1235 524 1391 559 condendi
1415 533 1541 568 statuta,
1569 524 1783 560 consessorem

334 568 392 603 sibi
416 567 579 614 eligendi,
613 570 703 609 z'bid.;
730 570 789 614 Ap.
819 570 971 604 Gamerae
1001 572 1066 605 foro
1103 573 1228 617 utendi,
1256 575 1326 607 543
1359 576 1395 614 b;
1426 574 1631 609 haereditates
1659 587 1673 609 a
1702 587 1785 609 con-

336 617 493 652 demnatis
515 617 674 660 sumendi,
700 619 775 652 ibid.
800 618 1017 665 Indulgentiae
1045 633 1154 656 corum
1188 623 1352 657 ecclesiam
1382 623 1581 658 visitantibus
1610 623 1654 658 vel
1683 624 1784 659 eidem

335 666 512 702 faventibus
534 666 768 709 conceduntur,
792 669 861 701 546
890 681 918 702 a.

234 717 362 753 loannis
384 716 423 750 de
447 716 572 750 Poliaco
594 727 718 750 errores
741 717 822 751 circa
845 716 1061 751 poenitentiae
1089 728 1320 754 sacramentnm
1339 721 1448 755 iterum
1466 721 1673 765 damnantur,
1689 723 1734 755 86
1750 735 1780 756 α.

237 766 362 802 loannis
390 765 448 809 (S.)
471 764 746 812 Hierosolyinitani
772 766 907 811 Religio,
944 767 974 800 in
998 767 1117 801 ditione
1142 769 1335 813 Florentiua,
1357 771 1565 816 supprimitur
1592 771 1632 805 ob
1662 771 1785 805 insuffi-

335 815 478 850 cientiam
507 814 692 849 facultatum
722 815 759 849 ad
791 815 1007 860 religiosorum
1039 818 1343 861 substentationem,
1370 822 1434 853 <271
1464 822 1480 853 b
1508 828 1618 865 etseq.
1644 820 1784 855 Huiusce

333 864 511 911 Religionis
535 863 730 910 professores
757 864 794 898 atl
824 864 917 898 alium
938 877 973 899 cx
998 866 1177 910 approbatis
1199 868 1376 901 Ordinibus
1399 869 1643 913 transferuntur,
1666 871 1737 903 ‘272
1752 871 1779 903 b.

235 914 400 950 tut›ilaeum
412 913 552 961 quolibet
566 914 741 948 centesimo
753 926 836 948 anno
848 914 1086 953 celebrandum,
1101 918 1172 949 ⁹200
1187 919 1215 957 b;
1232 918 1267 950 ad
1286 918 1580 964 quiimpingi—simum
1597 930 1714 952 anuum
1734 932 1783 952 rc-

334 963 470 1002 ducitur,
483 964 550 997 201
568 975 599 1004 ας
614 972 722 1010 postea
737 963 775 997 ad
795 963 991 1009 trigesimum
1009 965 1145 1009 tertium,
1162 967 1235 999 ibid.
1249 968 1277 1005 b,
1293 967 1416 1001 taudem
1429 967 1466 1001 ad
1489 969 1671 1013 vigesimum
1690 968 1784 1014 quin-

334 1020 414 1054 tum,
442 1014 513 1047 202
540 1024 571 1046 α.

237 1062 343 1099 ludaei
367 1061 627 1097 concessionibus
652 1062 824 1108 pontificiis
846 1062 948 1106 abusi,
971 1066 1016 1097 68
1032 1076 1063 1102 α;
1083 1062 1276 1098 familiariter
1304 1066 1346 1098 nti
1371 1065 1548 1099 christianis
1565 1066 1785 1112 probibentur,

336 1113 411 1146 i'bicl.
448 1113 476 1152 b3
506 1111 646 1146 decimas
678 1112 798 1146 solvere
827 1111 995 1151 iubentur,
1025 1113 1069 1145 69
1097 1125 1128 1152 (ις
1156 1125 1216 1146 non
1248 1122 1379 1160 possunt
1407 1114 1557 1149 famulum
1596 1116 1785 1150 famulamve

337 1160 453 1195 babere
483 1161 683 1204 christianos,
712 1163 800 1201 ibid.;
829 1162 957 1207 signum
982 1162 1012 1194 in
1043 1161 1183 1196 vestibus
1206 1174 1313 1208 gerere
1337 1171 1491 1204 tenentur,
1518 1165 1606 1204 ibid.;
1635 1177 1747 1198 usuras
1770 1176 1786 1198 a

331 1210 510 1245 christianis
531 1210 675 1256 accipere
699 1219 859 1254 vetantur,
888 1212 962 1244 ibid.
994 1212 1022 1244 b.
1053 1210 1233 1258 Blasplicmi
1258 1212 1359 1247 iudaei
1387 1213 1490 1247 debita
1515 1225 1613 1259 poena
1644 1214 1785 1248 allician-

336 1268 399 1304 tur,
428 1261 496 1293 {28
519 1260 547 1293 b.

245 1309 373 1345 ludices
395 1321 457 1344 non
478 1308 624 1344 doctores
646 1309 785 1344 iudicare
813 1317 963 1344 tenentur
989 1322 1061 1343 cum
1090 1318 1161 1344 voto
1188 1310 1366 1350 assessoris,
1389 1312 1458 1345 620
1485 1323 1516 1345 α.

242 1358 370 1394 Iudices
392 1358 484 1393 Sedis
505 1357 707 1406 Apostolicae
729 1359 861 1404 delegati
885 1358 965 1393 canti
993 1368 1022 1393 et
1050 1359 1217 1405 diligentes
1239 1360 1300 1394 sint
1328 1360 1358 1394 in
1383 1360 1601 1394 examinandis
1624 1369 1653 1394 et
1680 1360 1786 1395 discu-

341 1407 458 1443 tiendis
471 1409 575 1442 causis
589 1408 816 1443 alienationum
834 1408 989 1443 bonorum
1013 1408 1312 1450 ecclesiasticorum,
1337 1411 1407 1443 185
1419 1411 1446 1443 b.
1471 1408 1784 1444 Contravenientium

341 1469 472 1505 poenae,
496 1459 566 1492 184
590 1470 620 1492 a.

242 1507 342 1543 Iulius
363 1506 391 1541 11
412 1506 497 1553 Papa
521 1518 645 1542 ccxvnl
663 1507 799 1553 eligitur,
822 1509 890 1541 '599
915 1509 943 1541 15.

242 1556 494 1592 Iurisdictionem
518 1556 759 1591 ecclesiasticam
785 1556 1025 1603 impedientium
1049 1567 1180 1603 poenae,
1203 1557 1274 1590 620
1301 1569 1331 1591 α.

241 1607 512 1654 Iurispatronatus
528 1607 750 1642 concessiones
764 1607 1066 1653 revocanturquoad
1084 1606 1232 1641 beneficia
1254 1605 1394 1647 electiva,
1415 1610 1483 1640 517
1503 1608 1532 1646 b,
1555 1614 1584 1640 et
1605 1605 1706 1652 quoad
1724 1618 1784 1641 non

339 1656 482 1699 electiva,
505 1657 575 1690 518
597 1668 627 1690 α.

239 1705 379 1741 Iustinae.
406 1704 461 1749 (S.)
484 1704 523 1739 de
545 1704 753 1740 Observantia
779 1705 937 1745 monachi,
953 1704 1084 1739 Ordinis
1106 1704 1138 1739 S.
1162 1704 1337 1748 Benedicti,
1352 1704 1449 1751 legata
1475 1705 1523 1751 pia
1547 1716 1655 1739 eorum
1676 1716 1786 1739 mona-

337 1755 440 1789 steriis
462 1754 541 1789 facta
560 1763 735 1802 acceptare,
763 1764 793 1790 et
815 1755 853 1789 ad
881 1767 915 1789 ea
939 1755 1199 1801 consequendum
1224 1761 1442 1800 procuratores
1465 1754 1639 1792 instituere,
1656 1762 1687 1789 et
1703 1755 1784 1788 iuxta

339 1803 466 1851 capituli
488 1804 646 1850 generalis
667 1812 697 1838 et
720 1805 915 1839 visitatorum
939 1804 1090 1838 iudicium
1115 1803 1304 1838 distribuere
1326 1811 1471 1850 possunt,
1485 1807 1506 1837 4
1528 1816 1558 1837 a.
1578 1803 1697 1837 Eorum
1713 1815 1784 1837 cou—

337 1853 477 1900 gregatio
499 1853 723 1897 confirmatur,
751 1867 823 1889 cum
854 1853 1064 1888 declaratione
1087 1853 1166 1888 circa
1194 1852 1322 1899 capituli
1347 1852 1501 1897 generalis
1528 1852 1784 1892 celebrationem,

337 1902 541 1949 superiorum
565 1903 750 1938 electionem
779 1913 808 1938 et
834 1903 1066 1947 auctoritatem,
1089 1904 1134 1937 1⁰2
1157 1904 1184 1936 b.
1207 1901 1389 1947 privilegia,
1420 1902 1536 1947 gratiae
1559 1908 1652 1947 atque
1674 1912 1783 1936 exem-

337 1952 475 1998 ptiones,
498 1954 538 1986 ⁰21
572 1954 589 1986 b
612 1960 641 1987 et
662 1965 721 1997 seq.
751 1952 963 1999 Congregatio
986 1952 1080 1987 habet
1103 1958 1338 1987 conservatores
1354 1959 1383 1985 et
1406 1958 1590 1985 executores
1605 1951 1779 1985 litterarum

336 2001 581 2047 apostolicarum
610 2014 720 2036 omnes
743 2002 858 2049 quibus
882 2001 915 2036 S.
940 2001 1040 2036 Sedes
1063 2013 1175 2036 causas
1197 2000 1341 2045 delegare
1357 2008 1470 2046 potest,
1494 2003 1564 2035 525
1586 2001 1614 2033 b.
1643 2000 1676 2033 V.
1691 2001 1783 2034 etiam

336 2050 583 2086 Montis-Casini
611 2052 850 2086 monasterium.

237 2099 377 2135 Iustinae
400 2100 457 2144 (S.)
471 2100 509 2134 de
531 2099 638 2135 Padna
664 2102 845 2135 monasterii
870 2100 1030 2145 monachi,
1047 2101 1178 2136 Ordinis
1192 2100 1226 2135 S.
1241 2099 1416 2144 Benedicti,
1435 2097 1581 2145 gravibus
1603 2105 1675 2132 sunt
1694 2097 1784 2132 dam-

338 2150 387 2183 nis
403 2149 517 2194 affecti,
536 2153 580 2184 27
610 2151 626 2184 b
653 2157 683 2184 et
700 2162 760 2195 seq.
784 2150 932 2194 Iudices,
955 2151 1007 2197 qui
1029 2151 1212 2198 prox'ideant
1235 2149 1437 2196 deputantur,
1469 2149 1515 2182 28
1550 2149 1577 2181 b.
1605 2147 1783 2182 Conserva-

339 2206 440 2234 torum
470 2199 633 2234 facultates
655 2199 858 2246 ampliantur,
881 2202 927 2234 29
947 2201 975 2234 b.

993 2307 1028 2346 L

238 2395 452 2432 Lateranense
479 2394 646 2430 concilium
670 2406 685 2429 a
710 2394 786 2429 lulio
801 2394 827 2429 ll
842 2394 1051 2430 coadunatum
1069 2395 1195 2430 damnat
1218 2395 1365 2429 Pisanum
1393 2393 1634 2429 conciliabulum
1662 2406 1678 2428 a
1701 2406 1782 2428 non-

337 2444 434 2480 nullis
462 2444 675 2480 cardinalibus
709 2452 916 2479 convocatum
952 2447 1022 2479 555
1059 2447 1086 2479 b.
1117 2444 1196 2479 Illud
1236 2444 1299 2478 Leo
1328 2444 1354 2478 X
1390 2443 1607 2490 prosequitur,
1635 2443 1672 2477 ad
1703 2442 1778 2477 illud

339 2494 488 2530 euntibus
515 2493 607 2528 datur
633 2493 738 2528 salvus
769 2494 945 2528 conductus
961 2522 968 2533 ,
992 2496 1062 2530 650
1091 2496 1108 2528 b
1130 2504 1159 2529 et
1180 2507 1238 2539 seq.
1273 2493 1394 2528 Causae
1428 2492 1552 2527 concilii
1576 2492 1781 2539 praecipuae,

336 2546 399 2579 654
430 2556 460 2578 a.
483 2543 656 2590 Imperator
671 2552 700 2577 et
718 2543 877 2590 principes
892 2543 1050 2578 christiani
1066 2544 1199 2579 concilio
1221 2550 1463 2586 consenserunt,
1485 2543 1559 2576 ibid.
1583 2543 1610 2575 b.
1632 2541 1781 2575 Pisanum

337 2592 582 2628 conciliabulum
601 2593 713 2628 iterum
733 2593 910 2633 damnatur,
921 2594 996 2627 ibid.
1009 2593 1072 2628 Pax
1089 2594 1167 2628 inter
1186 2592 1344 2640 principes
1361 2591 1548 2626 christianos
1565 2590 1780 2635 concluditur,

337 2644 407 2678 652
435 2655 465 2677 α.

239 2691 500 2730 Lateranensium
523 2692 745 2728 canonicorum
767 2691 955 2738 regularium
972 2693 1185 2740 congregatio,
1208 2691 1337 2726 Ordinis
1350 2689 1385 2726 S.
1400 2688 1782 2737 Augustini,antiquitate
