2281 3251
156 264 253 296 nnuc.
275 263 341 290 1⁸32

170 374 264 399 cler-tei,
302 374 342 394 nisi

159 412 223 428 nen·
247 409 296 429 nint.
318 407 342 426 ιιι

158 438 279 459 mont-ttu-
304 438 343 457 do-

159 475 204 490 no·
219 475 260 490 non
279 473 344 489 neee-

159 502 216 521 dant.

177 872 193 892 Δ
209 870 257 891 ludo
278 870 348 898 quott-

163 902 198 924 Νι
238 901 349 922 abstineu-

165 934 219 953 dnm.

183 1313 210 1334 De
261 1314 351 1333 vestium

169 1346 280 1366 medentia.

184 1705 228 1727 Nec
243 1712 301 1727 arma
318 1707 358 1728 de-

171 1737 250 1758 terant.

187 1952 270 1973 Comum

174 1985 268 2004 nun-tunt

317 1956 358 1971 nou

183 2551 213 2575 De
220 2551 307 2572 urvtt'io
314 2556 326 2570 a
333 2549 369 2571 be-

183 2583 284 2605 tenet-to
305 2586 369 2609 prte-

184 2614 266 2638 atauo.

405 252 426 285 8

405 322 420 361 ξ
450 320 505 352 ¹0.
528 316 620 358 Item,
646 313 732 362 quod
747 313 853 348 nullus
874 313 1019 355 clericus,
1039 311 1107 345 sine

358 367 485 414 praefati
509 365 630 400 domini
653 363 758 398 vicarii
786 375 841 410 pro
868 371 1008 408 tempore
1040 359 1108 395 exi·

357 417 482 457 stentis,
498 424 550 450 aut
564 414 632 449 eius
646 412 828 448 officialium
849 411 985 454 licentia,
1004 409 1109 444 cuius-

359 478 495 513 cumque
522 463 714 500 conditionis
753 471 806 497 aut
845 469 944 495 status
985 459 1108 502 existat,

359 523 538 563 praesumat
559 512 708 548 accedere
732 512 768 546 ad
792 510 1016 557 quodcumque
1038 520 1108 542 tuo-

359 565 532 600 nasterinm
560 562 756 601 monialium,
783 559 924 605 exceptis
943 559 996 605 qui
1020 557 1109 592 senio

359 624 435 649 snut
457 612 590 649 confecti
617 621 645 647 et
665 611 782 658 quibus
797 608 880 643 nulla
901 608 998 654 possit
1014 608 1108 642 ctiam

360 665 483 699 sinistra
506 662 659 707 suspicio,
687 669 796 707 utpote
830 659 858 693 in
895 657 1110 703 octuagesimo

360 725 468 748 eorum
491 712 600 747 aetatis
622 722 705 744 anno
726 710 907 746 existentes,
929 706 990 741 sub
1009 718 1110 754 poena

361 762 505 796 similiter
532 758 703 794 inferenda.

410 816 426 854 3·
451 813 505 844 tt.
534 809 622 852 hem,
650 806 734 854 quod
755 805 858 841 nullus
886 804 995 840 ludere
1021 815 1111 850 prae-

362 868 464 895 sumat
490 858 527 893 ad
551 857 715 897 arandum,
745 857 810 890 sive
843 855 881 889 ad
911 854 1032 889 taxilles
1060 860 1111 888 θυι

362 909 399 945 ad
427 908 521 949 aleas.
557 919 614 942 nce
641 906 719 941 forte
754 905 870 952 digitos
901 903 1008 938 ludere
1049 915 1110 937 non

364 958 511 1001 audeam,
532 958 597 991 sive
625 966 738 995 cartas,
761 964 813 989 ant
835 954 970 1001 aliquem
999 951 1111 986 ludum

365 1009 394 1043 in
419 1007 544 1045 taberna
567 1016 620 1041 aut
648 1005 716 1040 loco
739 1004 866 1051 publico
887 1004 952 1038 sive
980 1003 1112 1049 privato,

365 1059 395 1092 in
423 1069 486 1104 quo
508 1056 595 1091 ludat
625 1054 787 1102 pecunias,
813 1061 866 1088 ant
901 1053 1024 1092 vinum,
1059 1059 1112 1085 aut

365 1107 544 1154 prandium,
579 1105 644 1139 sive
678 1115 822 1147 coenam,
849 1102 914 1137 sive
946 1101 1112 1136 minimum

364 1155 448 1203 quod
485 1153 697 1197 comestibile,
723 1153 784 1188 sub
821 1164 933 1200 poena,
961 1159 995 1185 ut
1017 1162 1114 1198 prae-

364 1205 526 1245 scribitur,
549 1202 723 1239 inferenda.

415 1260 430 1297 ξ
457 1256 509 1289 12.
532 1253 622 1293 ltem,
649 1252 732 1299 quod
757 1251 864 1285 nullus
893 1250 1028 1285 clericus
1059 1249 1115 1285 be-

368 1304 544 1346 neficiatus,
567 1304 795 1348 cuiuscumque
813 1299 1018 1344 conditionis,
1041 1311 1117 1346 prae-

367 1354 571 1393 eminentiae,
597 1360 651 1387 aut
672 1360 772 1385 status
793 1351 920 1394 existat,
936 1357 1117 1397 praesumat

368 1403 508 1438 manicas
533 1401 571 1437 ad
595 1413 715 1436 saccant
739 1409 793 1435 aut
815 1400 927 1446 largas,
951 1410 1039 1434 more
1059 1398 1117 1433 ho-

369 1453 488 1488 minum
511 1451 731 1491 saecularium,
754 1462 813 1485 suo
835 1450 1021 1484 vestimento
1044 1460 1118 1495 por-

369 1511 445 1546 tare,
467 1513 546 1549 quae
574 1501 715 1535 manicae
752 1499 856 1548 palmo
877 1511 949 1534 cum
985 1497 1118 1533 dimidio

370 1552 496 1587 latiores
535 1563 597 1586 non
632 1550 706 1594 sint,
738 1549 798 1584 sub
821 1560 922 1597 poena
956 1546 1118 1584 inferenda

371 1601 540 1649 praedicta.

419 1655 434 1694 ς
448 1649 605 1690 15.1ιεῐυ,
621 1647 704 1696 quod
723 1646 829 1682 nullus
841 1647 957 1694 caligas
970 1646 1121 1682 divisatas

371 1712 424 1736 sen
437 1700 562 1744 solatas,
583 1707 637 1734 aut
651 1698 813 1745 caputium
830 1698 916 1744 quod
932 1696 1009 1732 ultra
1026 1708 1119 1731 unam

372 1762 504 1785 cannam
529 1748 622 1796 panni
645 1748 815 1788 contineat,
839 1760 894 1782 seu
917 1759 1003 1782 arma
1026 1746 1122 1781 offen-

372 1800 438 1835 sira
461 1799 508 1834 vel
531 1797 689 1833 defensiva
713 1805 835 1844 portare
859 1803 1049 1843 praesumat,
1062 1795 1122 1831 sub

373 1861 486 1895 poena,
510 1856 543 1883 ut
559 1847 793 1895 praescribitur,
819 1845 993 1881 inferenda.

421 1898 442 1946 S
458 1901 514 1932 14.
537 1896 627 1937 Item,
644 1895 727 1943 qnod
753 1895 859 1930 nullus
880 1895 1014 1931 clericus
1032 1894 1124 1929 bene-

374 1947 509 1991 ficiatus,
531 1946 762 1993 cuiuscumque
778 1953 877 1981 status
891 1945 956 1980 sive
970 1944 1124 1980 conditio·

375 1998 424 2031 nis
437 1996 610 2040 existat,de
625 2005 748 2030 caetero
763 2003 865 2043 portet
880 2006 1002 2030 comam
1020 2001 1125 2041 paten-

375 2046 456 2081 tibus
470 2045 611 2084 auribus,
625 2057 705 2092 qnae
723 2053 826 2091 tangat
848 2057 952 2086 aures;
974 2055 1123 2079 coronant

376 2108 449 2131 vero
476 2095 681 2130 rotunditatis
713 2095 807 2129 unius
842 2106 971 2140 magnae
1004 2092 1124 2128 hostiae

375 2145 505 2192 quilibet
538 2145 668 2180 honeste
703 2144 795 2179 ferat:
832 2156 924 2179 nenio
959 2151 1126 2191 propterea

375 2203 521 2230 attonsus
537 2194 672 2233 incedat,
687 2194 742 2229 sed
761 2193 790 2228 in
808 2205 911 2233 coma,
927 2201 960 2228 υι
978 2192 1127 2240 superius

377 2244 495 2280 dictum
519 2251 577 2287 cst,
599 2252 632 2278 ut
653 2243 787 2278 clericus
809 2255 871 2278 non
893 2242 994 2277 laicus
1013 2254 1129 2289 cogno-

377 2302 494 2334 scatur,
516 2292 722 2328 reformetur:
751 2292 943 2328 contrarium
977 2291 1128 2327 facientes

379 2345 466 2379 nullo
488 2342 647 2390 gaudeant
670 2342 833 2390 privilegio
855 2341 1003 2382 clericali,
1019 2340 1073 2376 sed
1096 2350 1129 2375 ut

380 2393 448 2428 laici
487 2392 658 2440 puniantur
688 2402 718 2427 et
752 2400 949 2439 reputentur,
982 2399 1013 2426 et
1039 2390 1128 2435 alias,

379 2442 508 2478 arbitrio
526 2442 600 2477 dicti
623 2440 743 2476 domini
767 2441 885 2481 vicarii,
907 2440 1114 2487 castigentur.

429 2496 445 2535 ἓ
468 2493 525 2526 15.
558 2490 649 2535 Item,
670 2490 873 2537 irrefragabili
903 2490 1130 2526 constitutione

383 2551 487 2577 nostra
514 2541 687 2583 sancimus,
726 2539 810 2587 quod
851 2540 956 2574 nullus
982 2539 1131 2583 clericus,

383 2592 437 2638 qui
467 2603 528 2626 non
556 2590 651 2626 servit
678 2588 851 2629 Ecclesiae,
880 2589 909 2623 in
937 2601 999 2636 qua
1027 2588 1132 2625 bene-

384 2641 507 2676 ficiatus
522 2640 638 2683 existit,
661 2639 692 2674 in
713 2638 840 2681 divinis,
856 2638 1009 2686 percipiat
1025 2637 1134 2673 distri-

929 258 965 281 nt*
972 258 1027 279 t.t..t
1034 256 1114 279 tttt'at
1143 253 1305 278 nmmum

1915 251 1966 277 An.
1983 249 2013 277 e.
2034 237 2102 276 tm

1150 309 1297 344 butiones
1323 305 1534 354 quotidianas,
1561 314 1615 340 θυι
1649 304 1899 340 emolumentum

1150 358 1195 393 rel
1219 358 1355 396 lucrum,
1378 367 1433 390 seu
1462 354 1685 390 obventionem
1700 354 1837 402 aliquam
1853 353 1900 390 vel

1149 408 1283 455 aliquas,
1306 405 1400 440 etiam
1423 404 1543 440 funeris
1570 404 1616 440 vel
1645 404 1688 440 rei
1712 403 1854 449 alterius,
1875 403 1901 439 si

1150 469 1212 491 non
1242 454 1381 490 interfuit
1409 453 1511 489 funeri
1539 462 1591 488 θυι
1621 453 1663 488 rei
1693 453 1750 498 illi,
1772 452 1812 488 de
1839 464 1902 501 qua

1151 506 1326 553 percipitur
1351 504 1603 539 emolumentum
1619 511 1673 538 aut
1696 503 1832 547 lucrum,
1846 514 1904 538 seu

1151 555 1369 602 percipiuntur
1396 553 1624 588 obventiones:
1653 551 1709 587 sed
1747 563 1819 600 pars
1853 551 1904 586 illa

1151 603 1413 640 interessentibus
1445 611 1499 638 aut
1526 601 1736 638 servientibus
1764 600 1905 636 accedat.

1151 653 1238 698 Et,si
1267 665 1324 701 per
1349 652 1543 700 superbiam,
1571 652 1617 687 vel
1643 651 1829 699 potentiam,
1857 649 1906 685 vel

1151 704 1263 751 quovis
1290 702 1384 737 modo
1413 714 1475 736 non
1503 701 1673 745 deserviat,
1699 709 1753 735 θυι
1781 711 1844 734 non
1864 699 1906 734 in·

1152 754 1252 797 tersit,
1281 752 1458 798 portionem
1496 760 1528 786 ut
1557 763 1707 798 praesens
1738 749 1907 784 vendicare

1153 801 1364 850 potentialiter
1391 800 1535 840 voluerit,
1558 801 1628 848 ipso
1655 798 1748 841 facto,
1777 810 1909 834 excom·

1153 851 1378 887 inunieationis
1400 850 1588 885 sententiam
1624 858 1654 885 et
1681 848 1730 884 sui
1760 847 1907 883 beneficii

1154 901 1360 949 privationem
1394 900 1552 935 incurrat:
1578 899 1617 934 ita
1647 907 1680 934 ut
1707 898 1789 943 talis,
1821 896 1908 947 quod

1152 951 1198 986 sie
1218 948 1450 990 contrafecerit,
1465 949 1534 984 eius
1551 950 1757 984 canonicatus
1780 956 1810 983 et
1834 958 1912 994 ptae·

1154 999 1268 1040 bentla,
1295 1007 1326 1034 et
1352 1011 1574 1046 quaecumque
1601 997 1753 1033 beneficia
1774 1009 1829 1044 per
1848 996 1911 1031 ltu-

1155 1048 1293 1085 iusmodi
1328 1048 1534 1095 privationem
1571 1048 1711 1083 vacantia
1747 1045 1909 1093 impetrari

1155 1100 1278 1148 possint
1303 1097 1404 1134 libere
1431 1106 1461 1133 et
1489 1098 1582 1133 iuste.

1203 1148 1224 1196 S
1253 1149 1308 1183 16.
1332 1147 1424 1191 ltem,
1446 1147 1533 1196 quod
1555 1146 1664 1182 nullus
1690 1145 1826 1182 clericus
1857 1152 1911 1181 aut
1938 1155 2045 1179 Beneuen·
2072 1156 2112 1178 or.-

1154 1198 1340 1239 canonicus,
1356 1198 1589 1244 cuiuscumque
1610 1204 1723 1233 status.
1744 1195 1863 1242 gradus
1879 1203 1912 1231 et
1925 1191 2115 1243 {22:¹¹gffigss‘221

1155 1248 1349 1284 conditionis
1360 1248 1484 1288 existat,
1496 1248 1550 1295 qui
1571 1248 1600 1282 in
1616 1245 1704 1281 Urbe
1718 1244 1910 1281 beneficium
1926 1257 2002 1276 erem
2011 1257 2054 1274 non
2065 1256 2114 1280 νον·

1155 1308 1209 1334 θυι
1236 1297 1390 1333 beneficia
1418 1297 1534 1338 habet,
1569 1296 1684 1332 debeat
1725 1303 1832 1331 tenere
1863 1294 1911 1331 vel
1926 1288 1983 1307 ''¹¹¹''

1157 1360 1280 1395 regere,
1307 1359 1362 1382 seu
1393 1347 1509 1382 liabere
1535 1345 1663 1394 aliquod
1691 1345 1826 1380 officium
1859 1356 1913 1380 se-

1157 1398 1264 1433 culare
1286 1398 1317 1432 in
1341 1395 1439 1442 Urbe,
1465 1404 1519 1432 aut
1539 1404 1626 1431 extra
1643 1394 1775 1435 Urbem,
1788 1395 1914 1430 clericis

1159 1446 1382 1482 interdictum:
1406 1447 1459 1495 qui
1484 1458 1557 1482 vero
1575 1444 1770 1481 contrarium
1793 1443 1914 1485 fecerit,

1159 1498 1227 1544 ipso
1253 1496 1346 1537 sacto,
1361 1496 1550 1532 sententiam
1573 1493 1916 1531 excommunicationis

1160 1548 1311 1587 incurrat,
1357 1554 1388 1581 et
1421 1545 1574 1581 beneficia
1608 1545 1709 1592 ipsius
1746 1543 1847 1579 libere
1884 1551 1917 1579 et

1161 1597 1244 1632 licite
1268 1596 1442 1644 impetrari,
1469 1604 1505 1631 ut
1531 1607 1640 1643 supra,
1668 1594 1812 1642 possint:
1841 1605 1918 1641 pro·

1161 1647 1349 1682 nunciantes
1376 1657 1415 1681 ex
1439 1657 1536 1690 nunc,
1561 1652 1654 1692 prout
1678 1656 1717 1680 ex
1745 1645 1918 1684 tunc‚eo's‚

1161 1698 1230 1744 ipso
1264 1695 1357 1741 facto,
1383 1696 1469 1730 omni
1507 1694 1663 1730 beneficio
1700 1693 1918 1729 ecclesiastico

1163 1747 1310 1795 privatos.
1333 1757 1368 1781 ac
1390 1745 1476 1780 omni
1500 1743 1638 1780 clericali
1663 1742 1830 1790 privilegio
1853 1741 1918 1777 de-

1164 1795 1310 1833 nudatos,

1211 1850 1226 1889 §
1252 1847 1306 1879 17.
1329 1843 1420 1887 Item,
1442 1842 1528 1891 quod
1553 1843 1660 1877 nullus
1681 1841 1818 1877 clericus
1834 1852 1918 1876 exer·
1946 1848 1990 1870 Nee
2025 1847 2121 1870 ctericu-

1163 1903 1232 1930 ceat
1253 1902 1351 1930 artem
1380 1894 1516 1940 aliquam
1545 1892 1668 1927 clericis
1696 1891 1916 1931 interdictam,
1933 1882 2035 1933 {1¹22ss?
2050 1881 2124 1931 ῗξζξῖζ

1163 1945 1188 1979 si
1212 1944 1284 1991 quis
1305 1951 1410 1979 antem
1433 1942 1627 1978 eontrarium
1643 1940 1763 1985 fecerit,
1783 1951 1918 1988 poenam
1933 1943 2021 1964 “imm-

1164 1993 1295 2029 arbitrio
1320 2001 1428 2028 nostro
1450 2001 1480 2027 et
1507 1991 1703 2027 successoris
1727 1990 1823 2025 nostri
1852 1989 1922 2024 im·

1166 2042 1344 2091 ponendam
1369 2043 1524 2077 incurrat:
1549 2053 1608 2076 nec
1627 2041 1671 2075 sit
1692 2040 1920 2088 opus,·irrcasu

1168 2092 1327 2140 praedicto
1354 2092 1458 2139 ipsum
1481 2091 1631 2126 clericum
1671 2090 1817 2125 moneri:
1846 2100 1920 2124 cum
1956 2122 1960 2124 ,

1167 2143 1234 2177 iura
1273 2142 1458 2189 disponant.
1497 2140 1582 2189 qnod
1621 2139 1756 2188 quilibet
1788 2138 1924 2174 clericus

1167 2200 1315 2240 appareat
1343 2192 1374 2226 in
1399 2199 1498 2226 totum
1512 2190 1648 2226 clericus
1662 2188 1820 2225 clericalia
1835 2199 1924 2224 exer·

1167 2254 1256 2286 cens,
1277 2249 1308 2277 et
1332 2253 1393 2276 non
1422 2240 1636 2276 semiclericus
1663 2247 1693 2274 et
1714 2238 1909 2274 semilaicus.

1216 2296 1232 2335 g
1257 2293 1311 2325 18.
1335 2290 1426 2335 Item,
1453 2289 1538 2338 quod
1568 2290 1598 2324 in
1631 2288 1734 2324 officio
1757 2288 1926 2323 vicariatus

1168 2341 1348 2376 audientiae
1363 2352 1532 2376 causarum
1546 2339 1610 2374 duo
1626 2338 1739 2373 notarii
1755 2346 1926 2373 exerceant
1953 2349 2034 2372 Not-rit
2050 2349 2126 2371 vienn

1169 2390 1308 2427 officium
1333 2390 1460 2427 notarii.
1487 2389 1541 2436 qui
1569 2389 1633 2424 sint
1659 2388 1766 2423 clerici
1796 2386 1926 2422 benefi-
1940 2380 2127 2435 {ffl'deflssffl

1170 2441 1254 2480 ciati,
1268 2440 1292 2475 si
1310 2440 1428 2486 possint
1447 2437 1556 2473 baberi
1573 2445 1604 2472 et
1622 2437 1785 2484 deputari:
1806 2437 1831 2471 si
1851 2448 1926 2472 vero

1173 2490 1279 2537 plures
1301 2489 1440 2524 notarios
1461 2487 1615 2535 deputare
1645 2485 1851 2530 voluerimus,
1873 2493 1928 2521 aut

1171 2550 1372 2574 successores
1399 2537 1497 2572 nostri
1537 2536 1696 2572 volueriut
1730 2534 1770 2571 ad
1805 2535 1928 2571 dictum

1172 2588 1322 2628 officium,
1349 2587 1389 2623 sit
1416 2588 1447 2622 in
1472 2594 1578 2622 nostra
1594 2593 1750 2621 eteorum
1771 2584 1944 2633 potestate'

1172 2649 1226 2673 eos
1251 2637 1415 2686 deputare3
1437 2644 1467 2672 et
1488 2635 1515 2671 si
1533 2635 1727 2672 contrarium
1745 2633 1928 2671 ordinatum
