<?xml version="1.0" encoding="UTF-8"?>
<!DOCTYPE html PUBLIC "-//W3C//DTD XHTML 1.0 Transitional//EN"
    "http://www.w3.org/TR/xhtml1/DTD/xhtml1-transitional.dtd">
<html xmlns="http://www.w3.org/1999/xhtml" xml:lang="en" lang="en">
 <head>
  <title>
</title>
<meta http-equiv="Content-Type" content="text/html;charset=utf-8" />
  <meta name='ocr-system' content='tesseract 3.04.00' />
  <meta name='ocr-capabilities' content='ocr_page ocr_carea ocr_par ocr_line ocrx_word'/>
</head>
<body>
  <div class='ocr_page' id='page_1' title='image "./bullarumdiplomat05cath_0390.png"; bbox 0 0 2281 3251; ppageno 0'>
   <div class='ocr_carea' id='block_1_1' title="bbox 194 225 376 254">
    <p class='ocr_par' dir='ltr' id='par_1_1' title="bbox 194 225 376 254">
     <span class='ocr_line' id='line_1_1' title="bbox 194 225 376 254; baseline 0.005 -1"><span class='ocrx_word' id='word_1_1' title='bbox 194 227 242 253; x_wconf 73' lang='lat' dir='ltr'>An.</span> <span class='ocrx_word' id='word_1_2' title='bbox 261 225 288 253; x_wconf 91' lang='lat' dir='ltr'>C.</span> <span class='ocrx_word' id='word_1_3' title='bbox 312 226 376 254; x_wconf 61' lang='lat'><strong>11:97</strong></span> 
     </span>
    </p>
   </div>
   <div class='ocr_carea' id='block_1_2' title="bbox 224 968 355 987">
    <p class='ocr_par' dir='ltr' id='par_1_2' title="bbox 224 968 355 987">
     <span class='ocr_line' id='line_1_2' title="bbox 224 968 355 987; baseline -0.023 0"><span class='ocrx_word' id='word_1_4' title='bbox 224 968 355 987; x_wconf 67' lang='lat' dir='ltr'>Procrm-urn.</span> 
     </span>
    </p>
   </div>
   <div class='ocr_carea' id='block_1_3' title="bbox 201 1607 389 1790">
    <p class='ocr_par' dir='ltr' id='par_1_3' title="bbox 201 1607 386 1790">
     <span class='ocr_line' id='line_1_3' title="bbox 214 1607 385 1629; baseline 0 -1"><span class='ocrx_word' id='word_1_5' title='bbox 214 1608 302 1629; x_wconf 75' lang='lat' dir='ltr'>Monut.</span> <span class='ocrx_word' id='word_1_6' title='bbox 329 1607 385 1628; x_wconf 78' lang='lat' dir='ltr'>Thu-</span> 
     </span>
     <span class='ocr_line' id='line_1_4' title="bbox 202 1636 386 1660; baseline -0.005 -1"><span class='ocrx_word' id='word_1_7' title='bbox 202 1641 259 1660; x_wconf 67' lang='lat' dir='ltr'>seiae</span> <span class='ocrx_word' id='word_1_8' title='bbox 281 1642 302 1660; x_wconf 81' lang='lat' dir='ltr'>et</span> <span class='ocrx_word' id='word_1_9' title='bbox 323 1636 386 1659; x_wconf 82' lang='lat' dir='ltr'>Lom-</span> 
     </span>
     <span class='ocr_line' id='line_1_5' title="bbox 201 1668 386 1690; baseline -0.011 0"><span class='ocrx_word' id='word_1_10' title='bbox 201 1670 286 1690; x_wconf 71' lang='lat' dir='ltr'>bardiae</span> <span class='ocrx_word' id='word_1_11' title='bbox 301 1668 386 1690; x_wconf 78' lang='lat' dir='ltr'>Ordinis</span> 
     </span>
     <span class='ocr_line' id='line_1_6' title="bbox 201 1700 387 1721; baseline -0.012 0"><span class='ocrx_word' id='word_1_12' title='bbox 201 1701 328 1721; x_wconf 75' lang='lat' dir='ltr'>cistercien.</span> <span class='ocrx_word' id='word_1_13' title='bbox 352 1700 387 1719; x_wconf 87' lang='lat' dir='ltr'>rn-</span> 
     </span>
     <span class='ocr_line' id='line_1_7' title="bbox 202 1731 389 1752; baseline -0.006 -1"><span class='ocrx_word' id='word_1_14' title='bbox 202 1734 270 1752; x_wconf 75' lang='lat' dir='ltr'>vicem</span> <span class='ocrx_word' id='word_1_15' title='bbox 281 1731 336 1751; x_wconf 76' lang='lat' dir='ltr'>uniri</span> <span class='ocrx_word' id='word_1_16' title='bbox 352 1735 389 1751; x_wconf 87' lang='lat' dir='ltr'>cu-</span> 
     </span>
     <span class='ocr_line' id='line_1_8' title="bbox 201 1764 268 1790; baseline -0.015 -7"><span class='ocrx_word' id='word_1_17' title='bbox 201 1764 268 1790; x_wconf 76' lang='lat' dir='ltr'>pinni,</span> 
     </span>
    </p>
   </div>
   <div class='ocr_carea' id='block_1_4' title="bbox 444 216 514 250">
    <p class='ocr_par' dir='ltr' id='par_1_4' title="bbox 444 216 514 250">
     <span class='ocr_line' id='line_1_9' title="bbox 444 216 514 250; baseline -0.014 0"><span class='ocrx_word' id='word_1_18' title='bbox 444 216 514 250; x_wconf 73' lang='lat'>37⁵2</span> 
     </span>
    </p>
   </div>
   <div class='ocr_carea' id='block_1_5' title="bbox 434 275 1146 361">
    <p class='ocr_par' dir='ltr' id='par_1_5' title="bbox 434 275 1146 361">
     <span class='ocr_line' id='line_1_10' title="bbox 435 275 1146 315; baseline -0.007 -5"><span class='ocrx_word' id='word_1_19' title='bbox 435 280 482 310; x_wconf 82' lang='lat'>18.</span> <span class='ocrx_word' id='word_1_20' title='bbox 496 279 576 315; x_wconf 83' lang='lat' dir='ltr'>Quae</span> <span class='ocrx_word' id='word_1_21' title='bbox 589 279 627 308; x_wconf 88' lang='lat' dir='ltr'>sit</span> <span class='ocrx_word' id='word_1_22' title='bbox 644 277 708 307; x_wconf 79' lang='lat' dir='ltr'>eius</span> <span class='ocrx_word' id='word_1_23' title='bbox 727 276 897 306; x_wconf 69' lang='lat' dir='ltr'>auctoritas.</span> <span class='ocrx_word' id='word_1_24' title='bbox 920 292 959 298; x_wconf 95' lang='lat'>—</span> <span class='ocrx_word' id='word_1_25' title='bbox 978 277 1020 306; x_wconf 77' lang='lat'>19.</span> <span class='ocrx_word' id='word_1_26' title='bbox 1040 275 1146 306; x_wconf 69' lang='lat' dir='ltr'>visita-</span> 
     </span>
     <span class='ocr_line' id='line_1_11' title="bbox 434 320 1146 361; baseline -0.008 -7"><span class='ocrx_word' id='word_1_27' title='bbox 434 329 522 361; x_wconf 85' lang='lat' dir='ltr'>tores,</span> <span class='ocrx_word' id='word_1_28' title='bbox 538 322 676 353; x_wconf 79' lang='lat' dir='ltr'>defuncto</span> <span class='ocrx_word' id='word_1_29' title='bbox 696 321 841 360; x_wconf 78' lang='lat' dir='ltr'>praeside,</span> <span class='ocrx_word' id='word_1_30' title='bbox 861 321 924 349; x_wconf 84' lang='lat' dir='ltr'>eius</span> <span class='ocrx_word' id='word_1_31' title='bbox 940 320 1054 349; x_wconf 86' lang='lat' dir='ltr'>vicibus</span> <span class='ocrx_word' id='word_1_32' title='bbox 1080 320 1146 349; x_wconf 83' lang='lat' dir='ltr'>sun-</span> 
     </span>
    </p>
   </div>
   <div class='ocr_carea' id='block_1_6' title="bbox 433 364 1192 407">
    <p class='ocr_par' dir='ltr' id='par_1_6' title="bbox 433 364 1192 407">
     <span class='ocr_line' id='line_1_12' title="bbox 433 364 1192 407; baseline -0.009 -8"><span class='ocrx_word' id='word_1_33' title='bbox 433 373 551 407; x_wconf 85' lang='lat' dir='ltr'>guntur.</span> <span class='ocrx_word' id='word_1_34' title='bbox 570 384 608 389; x_wconf 98' lang='lat'><strong>—</strong></span> <span class='ocrx_word' id='word_1_35' title='bbox 625 366 672 396; x_wconf 71' lang='lat'>⁶20.</span> <span class='ocrx_word' id='word_1_36' title='bbox 695 365 902 395; x_wconf 71' lang='lat' dir='ltr'>Ordinationes</span> <span class='ocrx_word' id='word_1_37' title='bbox 922 369 987 393; x_wconf 85' lang='lat' dir='ltr'>ante</span> <span class='ocrx_word' id='word_1_38' title='bbox 1007 364 1145 393; x_wconf 85' lang='lat' dir='ltr'>unionem</span> <span class='ocrx_word' id='word_1_39' title='bbox 1188 375 1192 380; x_wconf 89' lang='lat'><strong>·</strong></span> 
     </span>
    </p>
   </div>
   <div class='ocr_carea' id='block_1_7' title="bbox 432 409 1150 750">
    <p class='ocr_par' dir='ltr' id='par_1_7' title="bbox 432 409 1150 750">
     <span class='ocr_line' id='line_1_13' title="bbox 433 409 1145 447; baseline -0.008 -5"><span class='ocrx_word' id='word_1_40' title='bbox 433 416 553 442; x_wconf 86' lang='lat' dir='ltr'>manent</span> <span class='ocrx_word' id='word_1_41' title='bbox 572 412 599 441; x_wconf 90' lang='lat' dir='ltr'>in</span> <span class='ocrx_word' id='word_1_42' title='bbox 625 420 679 439; x_wconf 88' lang='lat' dir='ltr'>suo</span> <span class='ocrx_word' id='word_1_43' title='bbox 702 409 805 439; x_wconf 82' lang='lat' dir='ltr'>robore</span> <span class='ocrx_word' id='word_1_44' title='bbox 829 418 924 447; x_wconf 70' lang='lat' dir='ltr'>usque</span> <span class='ocrx_word' id='word_1_45' title='bbox 953 409 988 437; x_wconf 88' lang='lat' dir='ltr'>ad</span> <span class='ocrx_word' id='word_1_46' title='bbox 1018 409 1145 446; x_wconf 88' lang='lat' dir='ltr'>primum</span> 
     </span>
     <span class='ocr_line' id='line_1_14' title="bbox 433 452 1145 493; baseline -0.007 -7"><span class='ocrx_word' id='word_1_47' title='bbox 433 463 590 486; x_wconf 86' lang='lat' dir='ltr'>commune</span> <span class='ocrx_word' id='word_1_48' title='bbox 612 453 894 493; x_wconf 64' lang='lat' dir='ltr'>capitutum—at.</span> <span class='ocrx_word' id='word_1_49' title='bbox 918 452 1033 481; x_wconf 80' lang='lat' dir='ltr'>Poenae</span> <span class='ocrx_word' id='word_1_50' title='bbox 1045 457 1145 481; x_wconf 86' lang='lat' dir='ltr'>contra</span> 
     </span>
     <span class='ocr_line' id='line_1_15' title="bbox 434 495 1147 539; baseline -0.007 -10"><span class='ocrx_word' id='word_1_51' title='bbox 434 509 466 530; x_wconf 88' lang='lat' dir='ltr'>se</span> <span class='ocrx_word' id='word_1_52' title='bbox 489 503 669 539; x_wconf 87' lang='lat' dir='ltr'>opponentes</span> <span class='ocrx_word' id='word_1_53' title='bbox 693 498 761 527; x_wconf 85' lang='lat' dir='ltr'>lruie</span> <span class='ocrx_word' id='word_1_54' title='bbox 788 497 899 527; x_wconf 88' lang='lat' dir='ltr'>unioni.</span> <span class='ocrx_word' id='word_1_55' title='bbox 922 513 961 518; x_wconf 93' lang='lat'>—</span> <span class='ocrx_word' id='word_1_56' title='bbox 982 496 1029 525; x_wconf 69' lang='lat'>2-2.</span> <span class='ocrx_word' id='word_1_57' title='bbox 1052 495 1147 525; x_wconf 75' lang='lat' dir='ltr'>Novae</span> 
     </span>
     <span class='ocr_line' id='line_1_16' title="bbox 434 541 1146 582; baseline -0.007 -8"><span class='ocrx_word' id='word_1_58' title='bbox 434 543 653 582; x_wconf 74' lang='lat' dir='ltr'>congregationi</span> <span class='ocrx_word' id='word_1_59' title='bbox 681 543 779 572; x_wconf 88' lang='lat' dir='ltr'>omnia</span> <span class='ocrx_word' id='word_1_60' title='bbox 799 546 827 571; x_wconf 90' lang='lat' dir='ltr'>et</span> <span class='ocrx_word' id='word_1_61' title='bbox 849 541 966 578; x_wconf 84' lang='lat' dir='ltr'>singula</span> <span class='ocrx_word' id='word_1_62' title='bbox 996 541 1146 579; x_wconf 82' lang='lat' dir='ltr'>privilegia</span> 
     </span>
     <span class='ocr_line' id='line_1_17' title="bbox 433 585 1147 625; baseline -0.004 -8"><span class='ocrx_word' id='word_1_63' title='bbox 433 592 596 618; x_wconf 86' lang='lat' dir='ltr'>ceterarum</span> <span class='ocrx_word' id='word_1_64' title='bbox 630 586 846 625; x_wconf 82' lang='lat' dir='ltr'>provinciarum</span> <span class='ocrx_word' id='word_1_65' title='bbox 881 585 1147 614; x_wconf 78' lang='lat' dir='ltr'>communicantur.</span> 
     </span>
     <span class='ocr_line' id='line_1_18' title="bbox 432 628 1150 668; baseline -0.004 -7"><span class='ocrx_word' id='word_1_66' title='bbox 432 649 471 654; x_wconf 96' lang='lat'><strong>—</strong></span> <span class='ocrx_word' id='word_1_67' title='bbox 487 631 535 661; x_wconf 66' lang='lat'>23.</span> <span class='ocrx_word' id='word_1_68' title='bbox 553 630 709 660; x_wconf 83' lang='lat' dir='ltr'>Clausulae</span> <span class='ocrx_word' id='word_1_69' title='bbox 729 630 940 668; x_wconf 74' lang='lat' dir='ltr'>derogatori-ae.</span> <span class='ocrx_word' id='word_1_70' title='bbox 955 628 1054 658; x_wconf 43' lang='lat' dir='ltr'>——QQ</span> <span class='ocrx_word' id='word_1_71' title='bbox 1073 628 1150 658; x_wconf 61' lang='lat' dir='ltr'>Prae-</span> 
     </span>
     <span class='ocr_line' id='line_1_19' title="bbox 434 672 1149 705; baseline -0.003 -1"><span class='ocrx_word' id='word_1_72' title='bbox 434 675 558 705; x_wconf 86' lang='lat' dir='ltr'>servatio</span> <span class='ocrx_word' id='word_1_73' title='bbox 576 674 683 703; x_wconf 89' lang='lat' dir='ltr'>iurium</span> <span class='ocrx_word' id='word_1_74' title='bbox 697 674 868 704; x_wconf 85' lang='lat' dir='ltr'>monasterii</span> <span class='ocrx_word' id='word_1_75' title='bbox 887 672 984 703; x_wconf 85' lang='lat' dir='ltr'>Sancti</span> <span class='ocrx_word' id='word_1_76' title='bbox 1001 672 1149 702; x_wconf 75' lang='lat' dir='ltr'>Ambrosii</span> 
     </span>
     <span class='ocr_line' id='line_1_20' title="bbox 434 719 672 750; baseline -0.008 0"><span class='ocrx_word' id='word_1_77' title='bbox 434 719 672 750; x_wconf 80' lang='lat' dir='ltr'>Mediolanensis.</span> 
     </span>
    </p>
   </div>
   <div class='ocr_carea' id='block_1_8' title="bbox 429 789 1113 879">
    <p class='ocr_par' dir='ltr' id='par_1_8' title="bbox 429 789 1113 879">
     <span class='ocr_line' id='line_1_21' title="bbox 429 789 1113 827; baseline -0.003 -7"><span class='ocrx_word' id='word_1_78' title='bbox 429 791 579 820; x_wconf 68' lang='lat' dir='ltr'>Alexander</span> <span class='ocrx_word' id='word_1_79' title='bbox 600 790 744 827; x_wconf 76' lang='lat' dir='ltr'>eptscopus</span> <span class='ocrx_word' id='word_1_80' title='bbox 763 797 860 819; x_wconf 82' lang='lat' dir='ltr'>servus</span> <span class='ocrx_word' id='word_1_81' title='bbox 878 796 1021 819; x_wconf 82' lang='lat' dir='ltr'>servorum</span> <span class='ocrx_word' id='word_1_82' title='bbox 1047 789 1113 822; x_wconf 79' lang='lat' dir='ltr'>Dei.</span> 
     </span>
     <span class='ocr_line' id='line_1_22' title="bbox 526 843 1016 879; baseline 0 -7"><span class='ocrx_word' id='word_1_83' title='bbox 526 844 561 872; x_wconf 70' lang='lat' dir='ltr'>ad</span> <span class='ocrx_word' id='word_1_84' title='bbox 588 845 752 879; x_wconf 76' lang='lat' dir='ltr'>perpetuam</span> <span class='ocrx_word' id='word_1_85' title='bbox 775 843 817 872; x_wconf 79' lang='lat' dir='ltr'>rei</span> <span class='ocrx_word' id='word_1_86' title='bbox 846 844 1016 873; x_wconf 77' lang='lat' dir='ltr'>memoriam.</span> 
     </span>
    </p>
   </div>
   <div class='ocr_carea' id='block_1_9' title="bbox 394 914 1163 2633">
    <p class='ocr_par' dir='ltr' id='par_1_9' title="bbox 394 914 1157 1552">
     <span class='ocr_line' id='line_1_23' title="bbox 443 914 1151 960; baseline -0.001 -11"><span class='ocrx_word' id='word_1_87' title='bbox 443 914 606 949; x_wconf 84' lang='lat' dir='ltr'>Plautatus</span> <span class='ocrx_word' id='word_1_88' title='bbox 629 915 658 948; x_wconf 91' lang='lat' dir='ltr'>in</span> <span class='ocrx_word' id='word_1_89' title='bbox 681 927 756 960; x_wconf 86' lang='lat' dir='ltr'>agro</span> <span class='ocrx_word' id='word_1_90' title='bbox 779 914 938 950; x_wconf 91' lang='lat' dir='ltr'>dominico</span> <span class='ocrx_word' id='word_1_91' title='bbox 961 927 1050 950; x_wconf 87' lang='lat' dir='ltr'>sacer</span> <span class='ocrx_word' id='word_1_92' title='bbox 1064 915 1151 950; x_wconf 89' lang='lat' dir='ltr'>Ordo</span> 
     </span>
     <span class='ocr_line' id='line_1_24' title="bbox 394 964 1151 1010; baseline 0 -12"><span class='ocrx_word' id='word_1_93' title='bbox 394 964 593 1003; x_wconf 54' lang='lat' dir='ltr'>cistercien,</span> <span class='ocrx_word' id='word_1_94' title='bbox 620 964 762 1010; x_wconf 86' lang='lat' dir='ltr'>quotidie</span> <span class='ocrx_word' id='word_1_95' title='bbox 789 964 817 997; x_wconf 93' lang='lat' dir='ltr'>in</span> <span class='ocrx_word' id='word_1_96' title='bbox 843 964 982 999; x_wconf 80' lang='lat' dir='ltr'>Ecclesia</span> <span class='ocrx_word' id='word_1_97' title='bbox 1006 965 1151 999; x_wconf 85' lang='lat' dir='ltr'>militanti</span> 
     </span>
     <span class='ocr_line' id='line_1_25' title="bbox 397 1012 1153 1059; baseline 0.003 -12"><span class='ocrx_word' id='word_1_98' title='bbox 397 1012 576 1059; x_wconf 88' lang='lat' dir='ltr'>producens</span> <span class='ocrx_word' id='word_1_99' title='bbox 598 1013 712 1047; x_wconf 82' lang='lat' dir='ltr'>uberes</span> <span class='ocrx_word' id='word_1_100' title='bbox 735 1013 868 1057; x_wconf 82' lang='lat' dir='ltr'>fructus,</span> <span class='ocrx_word' id='word_1_101' title='bbox 895 1014 932 1048; x_wconf 89' lang='lat' dir='ltr'>ad</span> <span class='ocrx_word' id='word_1_102' title='bbox 969 1014 1153 1049; x_wconf 77' lang='lat' dir='ltr'>universalis</span> 
     </span>
     <span class='ocr_line' id='line_1_26' title="bbox 395 1061 1151 1098; baseline 0.001 -2"><span class='ocrx_word' id='word_1_103' title='bbox 395 1061 555 1097; x_wconf 83' lang='lat' dir='ltr'>Ecclesiae</span> <span class='ocrx_word' id='word_1_104' title='bbox 579 1062 810 1096; x_wconf 83' lang='lat' dir='ltr'>firmamentum</span> <span class='ocrx_word' id='word_1_105' title='bbox 835 1071 865 1097; x_wconf 90' lang='lat' dir='ltr'>et</span> <span class='ocrx_word' id='word_1_106' title='bbox 898 1063 1151 1098; x_wconf 76' lang='lat' dir='ltr'>christifidelium</span> 
     </span>
     <span class='ocr_line' id='line_1_27' title="bbox 397 1111 1153 1153; baseline 0 -7"><span class='ocrx_word' id='word_1_107' title='bbox 397 1112 574 1146; x_wconf 87' lang='lat' dir='ltr'>animarum</span> <span class='ocrx_word' id='word_1_108' title='bbox 589 1112 735 1152; x_wconf 81' lang='lat' dir='ltr'>salutem,</span> <span class='ocrx_word' id='word_1_109' title='bbox 752 1123 814 1145; x_wconf 91' lang='lat' dir='ltr'>non</span> <span class='ocrx_word' id='word_1_110' title='bbox 833 1111 935 1146; x_wconf 89' lang='lat' dir='ltr'>solum</span> <span class='ocrx_word' id='word_1_111' title='bbox 952 1125 1009 1147; x_wconf 88' lang='grc' dir='ltr'>ιιο5</span> <span class='ocrx_word' id='word_1_112' title='bbox 1022 1113 1153 1153; x_wconf 75' lang='lat' dir='ltr'>inducit,</span> 
     </span>
     <span class='ocr_line' id='line_1_28' title="bbox 398 1160 1154 1209; baseline 0.001 -15"><span class='ocrx_word' id='word_1_113' title='bbox 398 1160 452 1195; x_wconf 92' lang='lat' dir='ltr'>sed</span> <span class='ocrx_word' id='word_1_114' title='bbox 480 1169 510 1195; x_wconf 88' lang='lat' dir='ltr'>et</span> <span class='ocrx_word' id='word_1_115' title='bbox 534 1160 711 1195; x_wconf 89' lang='lat' dir='ltr'>voluntario</span> <span class='ocrx_word' id='word_1_116' title='bbox 734 1160 805 1195; x_wconf 76' lang='lat' dir='ltr'>facit</span> <span class='ocrx_word' id='word_1_117' title='bbox 834 1169 866 1195; x_wconf 90' lang='lat' dir='ltr'>ut</span> <span class='ocrx_word' id='word_1_118' title='bbox 895 1161 966 1206; x_wconf 85' lang='lat' dir='ltr'>illa,</span> <span class='ocrx_word' id='word_1_119' title='bbox 989 1174 1070 1209; x_wconf 90' lang='lat' dir='ltr'>quae</span> <span class='ocrx_word' id='word_1_120' title='bbox 1098 1174 1154 1209; x_wconf 89' lang='lat' dir='ltr'>pro</span> 
     </span>
     <span class='ocr_line' id='line_1_29' title="bbox 398 1208 1153 1258; baseline 0.003 -14"><span class='ocrx_word' id='word_1_121' title='bbox 398 1209 540 1245; x_wconf 83' lang='lat' dir='ltr'>eiusdem</span> <span class='ocrx_word' id='word_1_122' title='bbox 563 1208 705 1250; x_wconf 80' lang='lat' dir='ltr'>Ordinis,</span> <span class='ocrx_word' id='word_1_123' title='bbox 728 1222 851 1245; x_wconf 87' lang='lat' dir='ltr'>necnon</span> <span class='ocrx_word' id='word_1_124' title='bbox 882 1211 963 1245; x_wconf 90' lang='lat' dir='ltr'>inter</span> <span class='ocrx_word' id='word_1_125' title='bbox 979 1211 1077 1258; x_wconf 90' lang='lat' dir='ltr'>ipsius</span> <span class='ocrx_word' id='word_1_126' title='bbox 1092 1224 1153 1246; x_wconf 90' lang='lat' dir='ltr'>mo</span> 
     </span>
     <span class='ocr_line' id='line_1_30' title="bbox 401 1258 1155 1305; baseline 0.003 -12"><span class='ocrx_word' id='word_1_127' title='bbox 401 1271 495 1294; x_wconf 89' lang='lat' dir='ltr'>nacos</span> <span class='ocrx_word' id='word_1_128' title='bbox 510 1259 626 1305; x_wconf 82' lang='lat' dir='ltr'>vigent,</span> <span class='ocrx_word' id='word_1_129' title='bbox 649 1258 803 1305; x_wconf 86' lang='lat' dir='ltr'>regularis</span> <span class='ocrx_word' id='word_1_130' title='bbox 817 1259 1057 1295; x_wconf 85' lang='lat' dir='ltr'>observantiae&#39;</span> <span class='ocrx_word' id='word_1_131' title='bbox 1051 1273 1155 1295; x_wconf 88' lang='lat' dir='ltr'>iucre-</span> 
     </span>
     <span class='ocr_line' id='line_1_31' title="bbox 401 1309 1156 1356; baseline 0.003 -14"><span class='ocrx_word' id='word_1_132' title='bbox 401 1316 507 1342; x_wconf 86' lang='lat' dir='ltr'>mento</span> <span class='ocrx_word' id='word_1_133' title='bbox 534 1316 562 1343; x_wconf 88' lang='lat' dir='ltr'>et</span> <span class='ocrx_word' id='word_1_134' title='bbox 587 1309 824 1343; x_wconf 73' lang='lat' dir='ltr'>conservatione</span> <span class='ocrx_word' id='word_1_135' title='bbox 848 1317 877 1343; x_wconf 85' lang='lat' dir='ltr'>et</span> <span class='ocrx_word' id='word_1_136' title='bbox 900 1320 1082 1355; x_wconf 83' lang='lat' dir='ltr'>augmento,</span> <span class='ocrx_word' id='word_1_137' title='bbox 1103 1322 1156 1356; x_wconf 87' lang='lat' dir='ltr'>per</span> 
     </span>
     <span class='ocr_line' id='line_1_32' title="bbox 401 1357 1155 1404; baseline 0.003 -13"><span class='ocrx_word' id='word_1_138' title='bbox 401 1357 531 1391; x_wconf 87' lang='lat' dir='ltr'>unitatis</span> <span class='ocrx_word' id='word_1_139' title='bbox 566 1357 738 1392; x_wconf 86' lang='lat' dir='ltr'>remedium</span> <span class='ocrx_word' id='word_1_140' title='bbox 769 1357 930 1404; x_wconf 82' lang='lat' dir='ltr'>profutura</span> <span class='ocrx_word' id='word_1_141' title='bbox 959 1368 1155 1399; x_wconf 86' lang='lat' dir='ltr'>noscuntur,</span> 
     </span>
     <span class='ocr_line' id='line_1_33' title="bbox 401 1406 1157 1453; baseline 0.004 -13"><span class='ocrx_word' id='word_1_142' title='bbox 401 1406 572 1453; x_wconf 87' lang='lat' dir='ltr'>apostolica</span> <span class='ocrx_word' id='word_1_143' title='bbox 592 1407 776 1441; x_wconf 87' lang='lat' dir='ltr'>auctoritate</span> <span class='ocrx_word' id='word_1_144' title='bbox 796 1415 972 1442; x_wconf 75' lang='lat' dir='ltr'>statuamus</span> <span class='ocrx_word' id='word_1_145' title='bbox 986 1416 1015 1442; x_wconf 89' lang='lat' dir='ltr'>et</span> <span class='ocrx_word' id='word_1_146' title='bbox 1029 1409 1157 1443; x_wconf 89' lang='lat' dir='ltr'>ordine-</span> 
     </span>
     <span class='ocr_line' id='line_1_34' title="bbox 403 1454 1154 1501; baseline 0.001 -12"><span class='ocrx_word' id='word_1_147' title='bbox 403 1467 484 1496; x_wconf 86' lang='lat' dir='ltr'>mus,</span> <span class='ocrx_word' id='word_1_148' title='bbox 507 1464 534 1490; x_wconf 93' lang='lat' dir='ltr'>et</span> <span class='ocrx_word' id='word_1_149' title='bbox 552 1454 627 1489; x_wconf 90' lang='lat' dir='ltr'>alias</span> <span class='ocrx_word' id='word_1_150' title='bbox 650 1455 679 1489; x_wconf 90' lang='lat' dir='ltr'>in</span> <span class='ocrx_word' id='word_1_151' title='bbox 704 1455 741 1489; x_wconf 88' lang='lat' dir='ltr'>iis</span> <span class='ocrx_word' id='word_1_152' title='bbox 765 1456 861 1490; x_wconf 78' lang='lat' dir='ltr'>nostri</span> <span class='ocrx_word' id='word_1_153' title='bbox 883 1458 1046 1501; x_wconf 85' lang='lat' dir='ltr'>pastoralis</span> <span class='ocrx_word' id='word_1_154' title='bbox 1063 1458 1154 1501; x_wconf 80' lang='lat' dir='ltr'>officii</span> 
     </span>
     <span class='ocr_line' id='line_1_35' title="bbox 402 1503 995 1552; baseline 0.003 -15"><span class='ocrx_word' id='word_1_155' title='bbox 402 1513 506 1551; x_wconf 88' lang='lat' dir='ltr'>partes</span> <span class='ocrx_word' id='word_1_156' title='bbox 532 1503 740 1539; x_wconf 78' lang='lat' dir='ltr'>favorabiliter</span> <span class='ocrx_word' id='word_1_157' title='bbox 763 1505 995 1552; x_wconf 88' lang='lat' dir='ltr'>impendamus.</span> 
     </span>
    </p>

    <p class='ocr_par' dir='ltr' id='par_1_10' title="bbox 402 1552 1163 2633">
     <span class='ocr_line' id='line_1_36' title="bbox 450 1552 1158 1600; baseline 0.004 -14"><span class='ocrx_word' id='word_1_158' title='bbox 450 1552 470 1600; x_wconf 68' lang='lat' dir='ltr'>S</span> <span class='ocrx_word' id='word_1_159' title='bbox 499 1556 529 1586; x_wconf 81' lang='lat' dir='ltr'>t.</span> <span class='ocrx_word' id='word_1_160' title='bbox 558 1552 653 1592; x_wconf 84' lang='lat' dir='ltr'>Sane,</span> <span class='ocrx_word' id='word_1_161' title='bbox 677 1565 732 1599; x_wconf 85' lang='lat' dir='ltr'>pro</span> <span class='ocrx_word' id='word_1_162' title='bbox 750 1562 836 1600; x_wconf 83' lang='lat' dir='ltr'>parte</span> <span class='ocrx_word' id='word_1_163' title='bbox 859 1555 1046 1589; x_wconf 81' lang='lat' dir='ltr'>dilectorum</span> <span class='ocrx_word' id='word_1_164' title='bbox 1073 1556 1158 1590; x_wconf 87' lang='lat' dir='ltr'>lilio-</span> 
     </span>
     <span class='ocr_line' id='line_1_37' title="bbox 402 1601 1158 1649; baseline 0.003 -13"><span class='ocrx_word' id='word_1_165' title='bbox 402 1614 469 1636; x_wconf 85' lang='lat' dir='ltr'>rum</span> <span class='ocrx_word' id='word_1_166' title='bbox 487 1601 648 1643; x_wconf 73' lang='lat' dir='ltr'>abbatum,</span> <span class='ocrx_word' id='word_1_167' title='bbox 663 1603 872 1649; x_wconf 87' lang='lat' dir='ltr'>praelatorum</span> <span class='ocrx_word' id='word_1_168' title='bbox 889 1613 917 1638; x_wconf 86' lang='lat' dir='ltr'>et</span> <span class='ocrx_word' id='word_1_169' title='bbox 932 1613 1158 1645; x_wconf 76' lang='lat' dir='ltr'>conventuum,</span> 
     </span>
     <span class='ocr_line' id='line_1_38' title="bbox 403 1651 1159 1688; baseline 0.005 -4"><span class='ocrx_word' id='word_1_170' title='bbox 403 1651 665 1685; x_wconf 77' lang='lat' dir='ltr'>monasteriorum</span> <span class='ocrx_word' id='word_1_171' title='bbox 689 1652 764 1686; x_wconf 89' lang='lat' dir='ltr'>dicti</span> <span class='ocrx_word' id='word_1_172' title='bbox 792 1652 923 1687; x_wconf 77' lang='lat' dir='ltr'>Ordinis</span> <span class='ocrx_word' id='word_1_173' title='bbox 950 1653 1107 1688; x_wconf 84' lang='lat' dir='ltr'>Tbusciae</span> <span class='ocrx_word' id='word_1_174' title='bbox 1129 1662 1159 1688; x_wconf 84' lang='lat' dir='ltr'>et</span> 
     </span>
     <span class='ocr_line' id='line_1_39' title="bbox 403 1699 1157 1740; baseline 0.004 -6"><span class='ocrx_word' id='word_1_175' title='bbox 403 1699 635 1740; x_wconf 86' lang='lat' dir='ltr'>Lombardiae,</span> <span class='ocrx_word' id='word_1_176' title='bbox 671 1701 846 1736; x_wconf 85' lang='lat' dir='ltr'>secundnm</span> <span class='ocrx_word' id='word_1_177' title='bbox 876 1714 994 1736; x_wconf 88' lang='lat' dir='ltr'>morem</span> <span class='ocrx_word' id='word_1_178' title='bbox 1017 1703 1157 1737; x_wconf 85' lang='lat' dir='ltr'>eiusdem</span> 
     </span>
     <span class='ocr_line' id='line_1_40' title="bbox 402 1748 1161 1807; baseline 0.003 -23"><span class='ocrx_word' id='word_1_179' title='bbox 402 1748 531 1784; x_wconf 85' lang='lat' dir='ltr'>Ordinis</span> <span class='ocrx_word' id='word_1_180' title='bbox 544 1749 696 1795; x_wconf 85' lang='lat' dir='ltr'>regularis</span> <span class='ocrx_word' id='word_1_181' title='bbox 711 1750 938 1791; x_wconf 77' lang='lat' dir='ltr'>observantiae,</span> <span class='ocrx_word' id='word_1_182' title='bbox 953 1751 1044 1786; x_wconf 88' lang='lat' dir='ltr'>nobis</span> <span class='ocrx_word' id='word_1_183' title='bbox 1059 1764 1161 1807; x_wconf 80' lang='lat' dir='ltr'>nuper</span> 
     </span>
     <span class='ocr_line' id='line_1_41' title="bbox 403 1798 1160 1848; baseline 0.004 -16"><span class='ocrx_word' id='word_1_184' title='bbox 403 1798 542 1833; x_wconf 83' lang='lat' dir='ltr'>exhibita</span> <span class='ocrx_word' id='word_1_185' title='bbox 565 1799 676 1845; x_wconf 87' lang='lat' dir='ltr'>petitio</span> <span class='ocrx_word' id='word_1_186' title='bbox 695 1800 875 1834; x_wconf 86' lang='lat' dir='ltr'>continebat</span> <span class='ocrx_word' id='word_1_187' title='bbox 900 1801 984 1846; x_wconf 88' lang='lat' dir='ltr'>quod</span> <span class='ocrx_word' id='word_1_188' title='bbox 1007 1802 1065 1847; x_wconf 85' lang='lat' dir='ltr'>ipsi</span> <span class='ocrx_word' id='word_1_189' title='bbox 1088 1813 1160 1848; x_wconf 87' lang='lat' dir='ltr'>pro-</span> 
     </span>
     <span class='ocr_line' id='line_1_42' title="bbox 404 1848 1162 1903; baseline 0.005 -23"><span class='ocrx_word' id='word_1_190' title='bbox 404 1848 473 1881; x_wconf 87' lang='lat' dir='ltr'>vide</span> <span class='ocrx_word' id='word_1_191' title='bbox 495 1848 732 1883; x_wconf 84' lang='lat' dir='ltr'>considerantes</span> <span class='ocrx_word' id='word_1_192' title='bbox 746 1849 840 1903; x_wconf 76' lang='lat' dir='ltr'>quod</span> <span class='ocrx_word' id='word_1_193' title='bbox 869 1850 892 1883; x_wconf 89' lang='lat' dir='ltr'>si</span> <span class='ocrx_word' id='word_1_194' title='bbox 916 1851 1058 1895; x_wconf 61' lang='lat' dir='ltr'>,singulae</span> <span class='ocrx_word' id='word_1_195' title='bbox 1092 1863 1162 1896; x_wconf 93' lang='lat' dir='ltr'>pro-</span> 
     </span>
     <span class='ocr_line' id='line_1_43' title="bbox 405 1896 1161 1945; baseline 0.005 -16"><span class='ocrx_word' id='word_1_196' title='bbox 405 1896 523 1931; x_wconf 79' lang='lat' dir='ltr'>vinciae</span> <span class='ocrx_word' id='word_1_197' title='bbox 547 1897 751 1943; x_wconf 86' lang='lat' dir='ltr'>praedictae</span> <span class='ocrx_word' id='word_1_198' title='bbox 746 1898 877 1932; x_wconf 85' lang='lat' dir='ltr'>invicem</span> <span class='ocrx_word' id='word_1_199' title='bbox 901 1899 1075 1945; x_wconf 86' lang='lat' dir='ltr'>aequaliter</span> <span class='ocrx_word' id='word_1_200' title='bbox 1091 1900 1161 1933; x_wconf 84' lang='lat' dir='ltr'>uni—</span> 
     </span>
     <span class='ocr_line' id='line_1_44' title="bbox 404 1946 1160 1994; baseline 0.004 -15"><span class='ocrx_word' id='word_1_201' title='bbox 404 1954 525 1990; x_wconf 81' lang='lat' dir='ltr'>rentur,</span> <span class='ocrx_word' id='word_1_202' title='bbox 543 1954 573 1980; x_wconf 90' lang='lat' dir='ltr'>et</span> <span class='ocrx_word' id='word_1_203' title='bbox 594 1958 631 1980; x_wconf 87' lang='lat' dir='ltr'>ex</span> <span class='ocrx_word' id='word_1_204' title='bbox 661 1946 720 1980; x_wconf 86' lang='lat' dir='ltr'>illis</span> <span class='ocrx_word' id='word_1_205' title='bbox 744 1959 803 1981; x_wconf 90' lang='lat' dir='ltr'>una</span> <span class='ocrx_word' id='word_1_206' title='bbox 837 1947 999 1982; x_wconf 82' lang='lat' dir='ltr'>dumtaxat</span> <span class='ocrx_word' id='word_1_207' title='bbox 1025 1960 1160 1994; x_wconf 87' lang='lat' dir='ltr'>congre-</span> 
     </span>
     <span class='ocr_line' id='line_1_45' title="bbox 403 1994 1159 2040; baseline 0.004 -12"><span class='ocrx_word' id='word_1_208' title='bbox 403 1995 486 2040; x_wconf 82' lang='lat' dir='ltr'>gatio</span> <span class='ocrx_word' id='word_1_209' title='bbox 513 1994 546 2029; x_wconf 93' lang='lat' dir='ltr'>S.</span> <span class='ocrx_word' id='word_1_210' title='bbox 571 1994 722 2030; x_wconf 84' lang='lat' dir='ltr'>Bernardi</span> <span class='ocrx_word' id='word_1_211' title='bbox 747 1995 775 2029; x_wconf 93' lang='lat' dir='ltr'>iu</span> <span class='ocrx_word' id='word_1_212' title='bbox 802 1995 883 2030; x_wconf 86' lang='lat' dir='ltr'>ltalia</span> <span class='ocrx_word' id='word_1_213' title='bbox 904 2005 1074 2037; x_wconf 70' lang='lat' dir='ltr'>crearetur,</span> <span class='ocrx_word' id='word_1_214' title='bbox 1099 2010 1159 2031; x_wconf 88' lang='lat' dir='ltr'>nou</span> 
     </span>
     <span class='ocr_line' id='line_1_46' title="bbox 404 2043 1160 2090; baseline 0.004 -13"><span class='ocrx_word' id='word_1_215' title='bbox 404 2044 505 2078; x_wconf 89' lang='lat' dir='ltr'>solum</span> <span class='ocrx_word' id='word_1_216' title='bbox 531 2044 709 2090; x_wconf 86' lang='lat' dir='ltr'>praedictus</span> <span class='ocrx_word' id='word_1_217' title='bbox 731 2043 820 2079; x_wconf 87' lang='lat' dir='ltr'>Ordo</span> <span class='ocrx_word' id='word_1_218' title='bbox 847 2053 876 2079; x_wconf 87' lang='lat' dir='ltr'>et</span> <span class='ocrx_word' id='word_1_219' title='bbox 913 2046 993 2079; x_wconf 86' lang='lat' dir='ltr'>inter</span> <span class='ocrx_word' id='word_1_220' title='bbox 1019 2046 1160 2086; x_wconf 79' lang='lat' dir='ltr'>abbates,</span> 
     </span>
     <span class='ocr_line' id='line_1_47' title="bbox 405 2092 1161 2139; baseline 0.004 -13"><span class='ocrx_word' id='word_1_221' title='bbox 405 2092 561 2139; x_wconf 86' lang='lat' dir='ltr'>praelatos</span> <span class='ocrx_word' id='word_1_222' title='bbox 587 2102 616 2128; x_wconf 91' lang='lat' dir='ltr'>et</span> <span class='ocrx_word' id='word_1_223' title='bbox 644 2094 817 2128; x_wconf 80' lang='lat' dir='ltr'>monachos</span> <span class='ocrx_word' id='word_1_224' title='bbox 840 2094 913 2128; x_wconf 74' lang='lat' dir='ltr'>dicti</span> <span class='ocrx_word' id='word_1_225' title='bbox 937 2094 1070 2129; x_wconf 84' lang='lat' dir='ltr'>Ordinis</span> <span class='ocrx_word' id='word_1_226' title='bbox 1098 2108 1161 2130; x_wconf 89' lang='lat' dir='ltr'>mo-</span> 
     </span>
     <span class='ocr_line' id='line_1_48' title="bbox 405 2142 1159 2189; baseline 0.004 -14"><span class='ocrx_word' id='word_1_227' title='bbox 405 2142 628 2186; x_wconf 81' lang='lat' dir='ltr'>nasteriorum,</span> <span class='ocrx_word' id='word_1_228' title='bbox 664 2143 896 2189; x_wconf 85' lang='lat' dir='ltr'>provinciarum</span> <span class='ocrx_word' id='word_1_229' title='bbox 929 2144 1159 2189; x_wconf 81' lang='lat' dir='ltr'>praedictarum</span> 
     </span>
     <span class='ocr_line' id='line_1_49' title="bbox 405 2191 1162 2239; baseline 0.003 -15"><span class='ocrx_word' id='word_1_230' title='bbox 405 2191 512 2236; x_wconf 84' lang='lat' dir='ltr'>vigens</span> <span class='ocrx_word' id='word_1_231' title='bbox 528 2192 679 2237; x_wconf 79' lang='lat' dir='ltr'>regularis</span> <span class='ocrx_word' id='word_1_232' title='bbox 695 2191 912 2226; x_wconf 77' lang='lat' dir='ltr'>observantiae</span> <span class='ocrx_word' id='word_1_233' title='bbox 927 2193 1094 2239; x_wconf 75' lang='lat' dir='ltr'>disciplina</span> <span class='ocrx_word' id='word_1_234' title='bbox 1110 2194 1162 2226; x_wconf 88' lang='lat' dir='ltr'>lir-</span> 
     </span>
     <span class='ocr_line' id='line_1_50' title="bbox 405 2241 1162 2288; baseline 0.004 -15"><span class='ocrx_word' id='word_1_235' title='bbox 405 2241 544 2274; x_wconf 87' lang='lat' dir='ltr'>mitatem</span> <span class='ocrx_word' id='word_1_236' title='bbox 560 2250 589 2274; x_wconf 86' lang='lat' dir='ltr'>et</span> <span class='ocrx_word' id='word_1_237' title='bbox 606 2241 858 2288; x_wconf 72' lang='lat' dir='ltr'>perpetuitatem,</span> <span class='ocrx_word' id='word_1_238' title='bbox 885 2241 939 2276; x_wconf 83' lang='lat' dir='ltr'>sed</span> <span class='ocrx_word' id='word_1_239' title='bbox 963 2243 1056 2276; x_wconf 87' lang='lat' dir='ltr'>ctiam</span> <span class='ocrx_word' id='word_1_240' title='bbox 1081 2254 1162 2288; x_wconf 86' lang='lat' dir='ltr'>aug-</span> 
     </span>
     <span class='ocr_line' id='line_1_51' title="bbox 407 2290 1163 2338; baseline 0.003 -16"><span class='ocrx_word' id='word_1_241' title='bbox 407 2297 559 2329; x_wconf 83' lang='lat' dir='ltr'>mentum,</span> <span class='ocrx_word' id='word_1_242' title='bbox 574 2298 699 2324; x_wconf 86' lang='lat' dir='ltr'>auctore</span> <span class='ocrx_word' id='word_1_243' title='bbox 712 2290 861 2329; x_wconf 81' lang='lat' dir='ltr'>Domino,</span> <span class='ocrx_word' id='word_1_244' title='bbox 875 2291 1091 2338; x_wconf 82' lang='lat' dir='ltr'>susciperent,</span> <span class='ocrx_word' id='word_1_245' title='bbox 1107 2304 1163 2325; x_wconf 80' lang='lat' dir='ltr'>cu-</span> 
     </span>
     <span class='ocr_line' id='line_1_52' title="bbox 408 2338 1162 2387; baseline 0.005 -16"><span class='ocrx_word' id='word_1_246' title='bbox 408 2338 498 2384; x_wconf 89' lang='lat' dir='ltr'>piunt</span> <span class='ocrx_word' id='word_1_247' title='bbox 526 2338 625 2373; x_wconf 86' lang='lat' dir='ltr'>dictas</span> <span class='ocrx_word' id='word_1_248' title='bbox 645 2340 821 2385; x_wconf 87' lang='lat' dir='ltr'>provincias</span> <span class='ocrx_word' id='word_1_249' title='bbox 844 2340 977 2374; x_wconf 87' lang='lat' dir='ltr'>invicem</span> <span class='ocrx_word' id='word_1_250' title='bbox 1008 2349 1162 2387; x_wconf 84' lang='lat' dir='ltr'>perpetuo</span> 
     </span>
     <span class='ocr_line' id='line_1_53' title="bbox 406 2387 1162 2435; baseline 0.004 -15"><span class='ocrx_word' id='word_1_251' title='bbox 406 2387 503 2428; x_wconf 88' lang='lat' dir='ltr'>uniri,</span> <span class='ocrx_word' id='word_1_252' title='bbox 525 2395 556 2421; x_wconf 91' lang='lat' dir='ltr'>et</span> <span class='ocrx_word' id='word_1_253' title='bbox 583 2399 620 2422; x_wconf 83' lang='lat' dir='ltr'>ex</span> <span class='ocrx_word' id='word_1_254' title='bbox 643 2387 702 2423; x_wconf 85' lang='lat' dir='ltr'>illis</span> <span class='ocrx_word' id='word_1_255' title='bbox 724 2389 769 2423; x_wconf 89' lang='lat' dir='ltr'>sic</span> <span class='ocrx_word' id='word_1_256' title='bbox 790 2389 888 2424; x_wconf 88' lang='lat' dir='ltr'>unitis</span> <span class='ocrx_word' id='word_1_257' title='bbox 909 2401 1004 2423; x_wconf 89' lang='lat' dir='ltr'>unam</span> <span class='ocrx_word' id='word_1_258' title='bbox 1032 2402 1162 2435; x_wconf 83' lang='lat' dir='ltr'>congre-</span> 
     </span>
     <span class='ocr_line' id='line_1_54' title="bbox 406 2437 1162 2485; baseline 0.003 -15"><span class='ocrx_word' id='word_1_259' title='bbox 406 2437 564 2482; x_wconf 82' lang='lat' dir='ltr'>gationem</span> <span class='ocrx_word' id='word_1_260' title='bbox 593 2437 868 2482; x_wconf 79' lang='lat' dir='ltr'>monasteriorum,</span> <span class='ocrx_word' id='word_1_261' title='bbox 889 2438 1051 2479; x_wconf 87' lang='lat' dir='ltr'>abbatum,</span> <span class='ocrx_word' id='word_1_262' title='bbox 1072 2450 1162 2485; x_wconf 87' lang='lat' dir='ltr'>prae-</span> 
     </span>
     <span class='ocr_line' id='line_1_55' title="bbox 407 2485 1163 2533; baseline 0.003 -14"><span class='ocrx_word' id='word_1_263' title='bbox 407 2485 540 2520; x_wconf 86' lang='lat' dir='ltr'>latorum</span> <span class='ocrx_word' id='word_1_264' title='bbox 564 2494 594 2520; x_wconf 89' lang='lat' dir='ltr'>et</span> <span class='ocrx_word' id='word_1_265' title='bbox 617 2486 843 2521; x_wconf 88' lang='lat' dir='ltr'>monaclrorum</span> <span class='ocrx_word' id='word_1_266' title='bbox 864 2487 937 2522; x_wconf 84' lang='lat' dir='ltr'>dicti</span> <span class='ocrx_word' id='word_1_267' title='bbox 957 2486 1099 2533; x_wconf 75' lang='lat' dir='ltr'>Ordinis,</span> <span class='ocrx_word' id='word_1_268' title='bbox 1113 2499 1163 2521; x_wconf 87' lang='lat' dir='ltr'>re-</span> 
     </span>
     <span class='ocr_line' id='line_1_56' title="bbox 407 2534 1161 2580; baseline 0.004 -13"><span class='ocrx_word' id='word_1_269' title='bbox 407 2534 525 2580; x_wconf 84' lang='lat' dir='ltr'>gularis</span> <span class='ocrx_word' id='word_1_270' title='bbox 546 2534 761 2570; x_wconf 82' lang='lat' dir='ltr'>observantiae</span> <span class='ocrx_word' id='word_1_271' title='bbox 788 2535 821 2570; x_wconf 93' lang='lat' dir='ltr'>S.</span> <span class='ocrx_word' id='word_1_272' title='bbox 842 2536 994 2571; x_wconf 87' lang='lat' dir='ltr'>Bernardi</span> <span class='ocrx_word' id='word_1_273' title='bbox 1019 2537 1048 2570; x_wconf 95' lang='lat' dir='ltr'>in</span> <span class='ocrx_word' id='word_1_274' title='bbox 1077 2536 1161 2570; x_wconf 90' lang='lat' dir='ltr'>ltalia</span> 
     </span>
     <span class='ocr_line' id='line_1_57' title="bbox 409 2583 1162 2633; baseline 0.001 -16"><span class='ocrx_word' id='word_1_275' title='bbox 409 2583 837 2631; x_wconf 75' lang='lat' dir='ltr'>nuncupandanr‚constitui‚</span> <span class='ocrx_word' id='word_1_276' title='bbox 848 2586 959 2631; x_wconf 84' lang='lat' dir='ltr'>creari,</span> <span class='ocrx_word' id='word_1_277' title='bbox 974 2585 1064 2633; x_wconf 79' lang='lat' dir='ltr'>erigi,</span> <span class='ocrx_word' id='word_1_278' title='bbox 1080 2586 1119 2621; x_wconf 86' lang='lat' dir='ltr'>ita</span> <span class='ocrx_word' id='word_1_279' title='bbox 1131 2593 1162 2621; x_wconf 93' lang='lat' dir='ltr'>ut</span> 
     </span>
    </p>
   </div>
   <div class='ocr_carea' id='block_1_10' title="bbox 982 222 1352 246">
    <p class='ocr_par' dir='ltr' id='par_1_11' title="bbox 982 222 1352 246">
     <span class='ocr_line' id='line_1_58' title="bbox 982 222 1352 246; baseline -0.003 -1"><span class='ocrx_word' id='word_1_280' title='bbox 982 223 1168 246; x_wconf 68' lang='lat' dir='ltr'>nt&#39;LLAntm!</span> <span class='ocrx_word' id='word_1_281' title='bbox 1192 222 1352 246; x_wconf 70' lang='lat' dir='ltr'>ROMANFM</span> 
     </span>
    </p>
   </div>
   <div class='ocr_carea' id='block_1_11' title="bbox 1186 275 1960 2575">
    <p class='ocr_par' dir='ltr' id='par_1_12' title="bbox 1186 275 1944 568">
     <span class='ocr_line' id='line_1_59' title="bbox 1187 275 1943 323; baseline -0.001 -13"><span class='ocrx_word' id='word_1_282' title='bbox 1187 277 1351 323; x_wconf 85' lang='lat' dir='ltr'>utriusque</span> <span class='ocrx_word' id='word_1_283' title='bbox 1365 276 1518 310; x_wconf 80' lang='lat' dir='ltr'>dictarum</span> <span class='ocrx_word' id='word_1_284' title='bbox 1537 275 1767 322; x_wconf 77' lang='lat' dir='ltr'>provinciarum</span> <span class='ocrx_word' id='word_1_285' title='bbox 1783 275 1943 310; x_wconf 86' lang='lat' dir='ltr'>Tbusciae</span> 
     </span>
     <span class='ocr_line' id='line_1_60' title="bbox 1186 323 1944 360; baseline -0.001 -1"><span class='ocrx_word' id='word_1_286' title='bbox 1186 335 1215 359; x_wconf 89' lang='lat' dir='ltr'>et</span> <span class='ocrx_word' id='word_1_287' title='bbox 1232 325 1439 360; x_wconf 82' lang='lat' dir='ltr'>Lombardiae</span> <span class='ocrx_word' id='word_1_288' title='bbox 1455 326 1641 360; x_wconf 83' lang='lat' dir='ltr'>monasteria</span> <span class='ocrx_word' id='word_1_289' title='bbox 1665 325 1739 359; x_wconf 91' lang='lat' dir='ltr'>dicti</span> <span class='ocrx_word' id='word_1_290' title='bbox 1758 323 1889 359; x_wconf 90' lang='lat' dir='ltr'>Ordinis</span> <span class='ocrx_word' id='word_1_291' title='bbox 1913 332 1944 358; x_wconf 88' lang='lat' dir='ltr'>et</span> 
     </span>
     <span class='ocr_line' id='line_1_61' title="bbox 1188 374 1943 420; baseline 0 -12"><span class='ocrx_word' id='word_1_292' title='bbox 1188 375 1311 408; x_wconf 82' lang='lat' dir='ltr'>illorum</span> <span class='ocrx_word' id='word_1_293' title='bbox 1337 376 1524 409; x_wconf 86' lang='lat' dir='ltr'>monasteria</span> <span class='ocrx_word' id='word_1_294' title='bbox 1539 383 1569 408; x_wconf 79' lang='lat' dir='ltr'>et</span> <span class='ocrx_word' id='word_1_295' title='bbox 1583 374 1704 409; x_wconf 87' lang='lat' dir='ltr'>monaci</span> <span class='ocrx_word' id='word_1_296' title='bbox 1722 374 1943 420; x_wconf 83' lang='lat' dir='ltr'>congregatio-</span> 
     </span>
     <span class='ocr_line' id='line_1_62' title="bbox 1189 423 1943 470; baseline 0 -13"><span class='ocrx_word' id='word_1_297' title='bbox 1189 426 1236 458; x_wconf 86' lang='lat' dir='ltr'>nis</span> <span class='ocrx_word' id='word_1_298' title='bbox 1258 423 1292 457; x_wconf 87' lang='lat' dir='ltr'>S.</span> <span class='ocrx_word' id='word_1_299' title='bbox 1317 423 1468 457; x_wconf 76' lang='lat' dir='ltr'>Bernanli</span> <span class='ocrx_word' id='word_1_300' title='bbox 1489 424 1518 458; x_wconf 93' lang='lat' dir='ltr'>iu</span> <span class='ocrx_word' id='word_1_301' title='bbox 1541 423 1626 458; x_wconf 87' lang='lat' dir='ltr'>Italia</span> <span class='ocrx_word' id='word_1_302' title='bbox 1649 424 1687 458; x_wconf 91' lang='lat' dir='ltr'>de</span> <span class='ocrx_word' id='word_1_303' title='bbox 1710 431 1814 458; x_wconf 84' lang='lat' dir='ltr'>cetero</span> <span class='ocrx_word' id='word_1_304' title='bbox 1830 435 1943 470; x_wconf 85' lang='lat' dir='ltr'>perpe-</span> 
     </span>
     <span class='ocr_line' id='line_1_63' title="bbox 1189 472 1944 519; baseline 0 -13"><span class='ocrx_word' id='word_1_305' title='bbox 1189 474 1248 508; x_wconf 88' lang='lat' dir='ltr'>tuis</span> <span class='ocrx_word' id='word_1_306' title='bbox 1273 473 1385 507; x_wconf 77' lang='lat' dir='ltr'>suturis</span> <span class='ocrx_word' id='word_1_307' title='bbox 1408 472 1605 519; x_wconf 81' lang='lat' dir='ltr'>temporibus</span> <span class='ocrx_word' id='word_1_308' title='bbox 1629 473 1843 513; x_wconf 87' lang='lat' dir='ltr'>nominentur,</span> <span class='ocrx_word' id='word_1_309' title='bbox 1859 485 1944 507; x_wconf 89' lang='lat' dir='ltr'>nuu-</span> 
     </span>
     <span class='ocr_line' id='line_1_64' title="bbox 1188 522 1490 568; baseline -0.003 -12"><span class='ocrx_word' id='word_1_310' title='bbox 1188 531 1347 568; x_wconf 86' lang='lat' dir='ltr'>cupentur</span> <span class='ocrx_word' id='word_1_311' title='bbox 1365 530 1394 555; x_wconf 85' lang='lat' dir='ltr'>et</span> <span class='ocrx_word' id='word_1_312' title='bbox 1418 522 1490 556; x_wconf 88' lang='lat' dir='ltr'>siut.</span> 
     </span>
    </p>

    <p class='ocr_par' dir='ltr' id='par_1_13' title="bbox 1191 570 1957 1701">
     <span class='ocr_line' id='line_1_65' title="bbox 1237 570 1945 618; baseline 0.001 -14"><span class='ocrx_word' id='word_1_313' title='bbox 1237 570 1258 618; x_wconf 62' lang='lat' dir='ltr'>g</span> <span class='ocrx_word' id='word_1_314' title='bbox 1283 574 1316 604; x_wconf 79' lang='lat'>2.</span> <span class='ocrx_word' id='word_1_315' title='bbox 1339 570 1457 614; x_wconf 85' lang='lat' dir='ltr'>Quare,</span> <span class='ocrx_word' id='word_1_316' title='bbox 1473 582 1528 617; x_wconf 90' lang='lat' dir='ltr'>pro</span> <span class='ocrx_word' id='word_1_317' title='bbox 1544 579 1628 617; x_wconf 87' lang='lat' dir='ltr'>parte</span> <span class='ocrx_word' id='word_1_318' title='bbox 1641 570 1745 605; x_wconf 85' lang='lat' dir='ltr'>dilecti</span> <span class='ocrx_word' id='word_1_319' title='bbox 1763 571 1815 605; x_wconf 89' lang='lat' dir='ltr'>lilii</span> <span class='ocrx_word' id='word_1_320' title='bbox 1831 570 1945 606; x_wconf 90' lang='lat' dir='ltr'>nobilis</span> 
     </span>
     <span class='ocr_line' id='line_1_66' title="bbox 1191 619 1947 664; baseline 0.001 -10"><span class='ocrx_word' id='word_1_321' title='bbox 1191 621 1243 654; x_wconf 89' lang='lat' dir='ltr'>viri</span> <span class='ocrx_word' id='word_1_322' title='bbox 1268 620 1418 654; x_wconf 88' lang='lat' dir='ltr'>Lndovici</span> <span class='ocrx_word' id='word_1_323' title='bbox 1437 620 1551 654; x_wconf 84' lang='lat' dir='ltr'>Mariae</span> <span class='ocrx_word' id='word_1_324' title='bbox 1568 619 1813 664; x_wconf 84' lang='lat' dir='ltr'>Ssortiae,dueis</span> <span class='ocrx_word' id='word_1_325' title='bbox 1828 619 1947 656; x_wconf 84' lang='lat' dir='ltr'>Medio-</span> 
     </span>
     <span class='ocr_line' id='line_1_67' title="bbox 1191 669 1947 716; baseline 0.001 -13"><span class='ocrx_word' id='word_1_326' title='bbox 1191 670 1262 708; x_wconf 80' lang='lat' dir='ltr'>lani,</span> <span class='ocrx_word' id='word_1_327' title='bbox 1286 669 1338 716; x_wconf 82' lang='lat' dir='ltr'>qui</span> <span class='ocrx_word' id='word_1_328' title='bbox 1364 669 1639 716; x_wconf 86' lang='lat' dir='ltr'>praedecessorum</span> <span class='ocrx_word' id='word_1_329' title='bbox 1659 682 1788 704; x_wconf 89' lang='lat' dir='ltr'>suorum</span> <span class='ocrx_word' id='word_1_330' title='bbox 1807 670 1947 715; x_wconf 78' lang='lat' dir='ltr'>vestigiis</span> 
     </span>
     <span class='ocr_line' id='line_1_68' title="bbox 1192 718 1946 762; baseline 0.001 -10"><span class='ocrx_word' id='word_1_331' title='bbox 1192 719 1396 762; x_wconf 79' lang='lat' dir='ltr'>inhaerendo,</span> <span class='ocrx_word' id='word_1_332' title='bbox 1417 730 1479 754; x_wconf 91' lang='lat' dir='ltr'>non</span> <span class='ocrx_word' id='word_1_333' title='bbox 1503 718 1604 753; x_wconf 91' lang='lat' dir='ltr'>solum</span> <span class='ocrx_word' id='word_1_334' title='bbox 1622 731 1771 754; x_wconf 88' lang='lat' dir='ltr'>monacos</span> <span class='ocrx_word' id='word_1_335' title='bbox 1784 719 1858 753; x_wconf 87' lang='lat' dir='ltr'>dicti</span> <span class='ocrx_word' id='word_1_336' title='bbox 1877 718 1946 754; x_wconf 90' lang='lat' dir='ltr'>Or—</span> 
     </span>
     <span class='ocr_line' id='line_1_69' title="bbox 1191 767 1948 815; baseline 0.001 -14"><span class='ocrx_word' id='word_1_337' title='bbox 1191 768 1274 802; x_wconf 87' lang='lat' dir='ltr'>dinis</span> <span class='ocrx_word' id='word_1_338' title='bbox 1291 795 1298 808; x_wconf 83' lang='lat'>,</span> <span class='ocrx_word' id='word_1_339' title='bbox 1326 767 1382 803; x_wconf 92' lang='lat' dir='ltr'>sed</span> <span class='ocrx_word' id='word_1_340' title='bbox 1405 768 1501 802; x_wconf 89' lang='lat' dir='ltr'>etiam</span> <span class='ocrx_word' id='word_1_341' title='bbox 1525 780 1746 815; x_wconf 87' lang='lat' dir='ltr'>quoscumque</span> <span class='ocrx_word' id='word_1_342' title='bbox 1767 768 1844 802; x_wconf 89' lang='lat' dir='ltr'>alios</span> <span class='ocrx_word' id='word_1_343' title='bbox 1873 768 1948 802; x_wconf 90' lang='lat' dir='ltr'>reli-</span> 
     </span>
     <span class='ocr_line' id='line_1_70' title="bbox 1191 817 1948 863; baseline 0.003 -13"><span class='ocrx_word' id='word_1_344' title='bbox 1191 818 1296 863; x_wconf 83' lang='lat' dir='ltr'>giosos</span> <span class='ocrx_word' id='word_1_345' title='bbox 1313 818 1465 863; x_wconf 84' lang='lat' dir='ltr'>regularis</span> <span class='ocrx_word' id='word_1_346' title='bbox 1484 817 1733 852; x_wconf 74' lang='lat' dir='ltr'>observantiae</span> <span class='ocrx_word' id='word_1_347' title='bbox 1728 830 1757 852; x_wconf 88' lang='grc' dir='ltr'>ιιι</span> <span class='ocrx_word' id='word_1_348' title='bbox 1775 817 1948 852; x_wconf 85' lang='lat' dir='ltr'>visceribus</span> 
     </span>
     <span class='ocr_line' id='line_1_71' title="bbox 1191 866 1949 914; baseline 0.001 -13"><span class='ocrx_word' id='word_1_349' title='bbox 1191 879 1255 901; x_wconf 85' lang='lat' dir='ltr'>suae</span> <span class='ocrx_word' id='word_1_350' title='bbox 1265 867 1350 901; x_wconf 83' lang='lat' dir='ltr'>carit</span> <span class='ocrx_word' id='word_1_351' title='bbox 1352 868 1401 901; x_wconf 75' lang='lat' dir='ltr'>rtis</span> <span class='ocrx_word' id='word_1_352' title='bbox 1413 866 1627 914; x_wconf 83' lang='lat' dir='ltr'>amplectitur,</span> <span class='ocrx_word' id='word_1_353' title='bbox 1636 867 1690 901; x_wconf 87' lang='lat' dir='ltr'>sed</span> <span class='ocrx_word' id='word_1_354' title='bbox 1701 867 1794 901; x_wconf 88' lang='lat' dir='ltr'>etiam</span> <span class='ocrx_word' id='word_1_355' title='bbox 1811 867 1841 900; x_wconf 89' lang='lat' dir='ltr'>in</span> <span class='ocrx_word' id='word_1_356' title='bbox 1855 867 1949 902; x_wconf 85' lang='lat' dir='ltr'>tantis</span> 
     </span>
     <span class='ocr_line' id='line_1_72' title="bbox 1193 916 1949 963; baseline 0 -13"><span class='ocrx_word' id='word_1_357' title='bbox 1193 924 1371 963; x_wconf 90' lang='lat' dir='ltr'>temporum</span> <span class='ocrx_word' id='word_1_358' title='bbox 1397 916 1698 971; x_wconf 82' lang='lat' dir='ltr'>perturbationibus,</span> <span class='ocrx_word' id='word_1_359' title='bbox 1710 917 1791 950; x_wconf 87' lang='lat' dir='ltr'>circa</span> <span class='ocrx_word' id='word_1_360' title='bbox 1808 917 1949 963; x_wconf 88' lang='lat' dir='ltr'>ipsorum</span> 
     </span>
     <span class='ocr_line' id='line_1_73' title="bbox 1193 965 1950 1011; baseline 0 -12"><span class='ocrx_word' id='word_1_361' title='bbox 1193 966 1355 1011; x_wconf 83' lang='lat' dir='ltr'>re·ligiosor</span> <span class='ocrx_word' id='word_1_362' title='bbox 1359 979 1410 1000; x_wconf 85' lang='lat' dir='ltr'>uin</span> <span class='ocrx_word' id='word_1_363' title='bbox 1423 966 1558 1000; x_wconf 84' lang='lat' dir='ltr'>incr-eun</span> <span class='ocrx_word' id='word_1_364' title='bbox 1564 974 1612 999; x_wconf 87' lang='lat' dir='ltr'>nta</span> <span class='ocrx_word' id='word_1_365' title='bbox 1630 965 1841 1009; x_wconf 64' lang='lat' dir='ltr'>intentioistl)</span> <span class='ocrx_word' id='word_1_366' title='bbox 1854 965 1950 1000; x_wconf 87' lang='lat' dir='ltr'>multa</span> 
     </span>
     <span class='ocr_line' id='line_1_74' title="bbox 1194 1014 1951 1060; baseline 0 -12"><span class='ocrx_word' id='word_1_367' title='bbox 1194 1014 1274 1049; x_wconf 86' lang='lat' dir='ltr'>bona</span> <span class='ocrx_word' id='word_1_368' title='bbox 1299 1015 1480 1060; x_wconf 83' lang='lat' dir='ltr'>temporalia</span> <span class='ocrx_word' id='word_1_369' title='bbox 1497 1015 1543 1049; x_wconf 83' lang='lat' dir='ltr'>eis</span> <span class='ocrx_word' id='word_1_370' title='bbox 1565 1015 1708 1049; x_wconf 78' lang='lat' dir='ltr'>conferre</span> <span class='ocrx_word' id='word_1_371' title='bbox 1732 1027 1793 1049; x_wconf 86' lang='lat' dir='ltr'>non</span> <span class='ocrx_word' id='word_1_372' title='bbox 1817 1014 1951 1055; x_wconf 87' lang='lat' dir='ltr'>desistit;</span> 
     </span>
     <span class='ocr_line' id='line_1_75' title="bbox 1195 1064 1952 1110; baseline 0 -12"><span class='ocrx_word' id='word_1_373' title='bbox 1195 1076 1316 1098; x_wconf 81' lang='lat' dir='ltr'>necnon</span> <span class='ocrx_word' id='word_1_374' title='bbox 1329 1064 1489 1108; x_wconf 75' lang='lat' dir='ltr'>abbatum,</span> <span class='ocrx_word' id='word_1_375' title='bbox 1504 1064 1724 1110; x_wconf 84' lang='lat' dir='ltr'>praelatorum,</span> <span class='ocrx_word' id='word_1_376' title='bbox 1739 1072 1952 1099; x_wconf 85' lang='lat' dir='ltr'>conventuum</span> 
     </span>
     <span class='ocr_line' id='line_1_76' title="bbox 1195 1113 1953 1149; baseline 0 -2"><span class='ocrx_word' id='word_1_377' title='bbox 1195 1123 1222 1147; x_wconf 89' lang='lat' dir='ltr'>et</span> <span class='ocrx_word' id='word_1_378' title='bbox 1238 1114 1502 1149; x_wconf 84' lang='lat' dir='ltr'>monasteriorum</span> <span class='ocrx_word' id='word_1_379' title='bbox 1517 1113 1676 1148; x_wconf 88' lang='lat' dir='ltr'>Tbusciae</span> <span class='ocrx_word' id='word_1_380' title='bbox 1691 1122 1721 1148; x_wconf 86' lang='lat' dir='ltr'>et</span> <span class='ocrx_word' id='word_1_381' title='bbox 1745 1113 1953 1147; x_wconf 90' lang='lat' dir='ltr'>Lombardiae</span> 
     </span>
     <span class='ocr_line' id='line_1_77' title="bbox 1197 1162 1955 1210; baseline 0 -14"><span class='ocrx_word' id='word_1_382' title='bbox 1197 1163 1426 1209; x_wconf 85' lang='lat' dir='ltr'>provinciarum</span> <span class='ocrx_word' id='word_1_383' title='bbox 1464 1162 1720 1210; x_wconf 85' lang='lat' dir='ltr'>praedictarum,</span> <span class='ocrx_word' id='word_1_384' title='bbox 1743 1175 1798 1197; x_wconf 90' lang='lat' dir='ltr'>seu</span> <span class='ocrx_word' id='word_1_385' title='bbox 1828 1162 1955 1197; x_wconf 88' lang='lat' dir='ltr'>maioris</span> 
     </span>
     <span class='ocr_line' id='line_1_78' title="bbox 1196 1211 1955 1258; baseline 0.001 -14"><span class='ocrx_word' id='word_1_386' title='bbox 1196 1212 1290 1258; x_wconf 82' lang='lat' dir='ltr'>partis</span> <span class='ocrx_word' id='word_1_387' title='bbox 1312 1224 1433 1251; x_wconf 77' lang='lat' dir='ltr'>eorum,</span> <span class='ocrx_word' id='word_1_388' title='bbox 1458 1212 1550 1247; x_wconf 73' lang='lat' dir='ltr'>nobis</span> <span class='ocrx_word' id='word_1_389' title='bbox 1573 1212 1629 1246; x_wconf 87' lang='lat' dir='ltr'>suit</span> <span class='ocrx_word' id='word_1_390' title='bbox 1653 1212 1814 1246; x_wconf 87' lang='lat' dir='ltr'>lrumiliter</span> <span class='ocrx_word' id='word_1_391' title='bbox 1835 1211 1955 1257; x_wconf 89' lang='lat' dir='ltr'>suppli-</span> 
     </span>
     <span class='ocr_line' id='line_1_79' title="bbox 1196 1259 1953 1308; baseline 0 -14"><span class='ocrx_word' id='word_1_392' title='bbox 1196 1269 1299 1295; x_wconf 88' lang='lat' dir='ltr'>catum</span> <span class='ocrx_word' id='word_1_393' title='bbox 1318 1269 1360 1304; x_wconf 87' lang='lat' dir='ltr'>ut,</span> <span class='ocrx_word' id='word_1_394' title='bbox 1377 1274 1412 1296; x_wconf 81' lang='lat' dir='ltr'>ex</span> <span class='ocrx_word' id='word_1_395' title='bbox 1428 1261 1561 1307; x_wconf 85' lang='lat' dir='ltr'>siugulis</span> <span class='ocrx_word' id='word_1_396' title='bbox 1577 1261 1670 1296; x_wconf 85' lang='lat' dir='ltr'>dietis</span> <span class='ocrx_word' id='word_1_397' title='bbox 1687 1261 1855 1308; x_wconf 88' lang='lat' dir='ltr'>provinciis</span> <span class='ocrx_word' id='word_1_398' title='bbox 1870 1259 1953 1295; x_wconf 81' lang='lat' dir='ltr'>Thu-</span> 
     </span>
     <span class='ocr_line' id='line_1_80' title="bbox 1195 1310 1952 1357; baseline 0 -13"><span class='ocrx_word' id='word_1_399' title='bbox 1195 1310 1276 1344; x_wconf 86' lang='lat' dir='ltr'>sciae</span> <span class='ocrx_word' id='word_1_400' title='bbox 1289 1319 1319 1344; x_wconf 89' lang='lat' dir='ltr'>et</span> <span class='ocrx_word' id='word_1_401' title='bbox 1334 1310 1554 1349; x_wconf 85' lang='lat' dir='ltr'>Lombardiae</span> <span class='ocrx_word' id='word_1_402' title='bbox 1567 1323 1659 1344; x_wconf 89' lang='lat' dir='ltr'>uuam</span> <span class='ocrx_word' id='word_1_403' title='bbox 1675 1310 1952 1357; x_wconf 82' lang='lat' dir='ltr'>congregationem</span> 
     </span>
     <span class='ocr_line' id='line_1_81' title="bbox 1196 1338 1955 1413; baseline 0 -20"><span class='ocrx_word' id='word_1_404' title='bbox 1196 1359 1370 1400; x_wconf 82' lang='lat' dir='ltr'>dumtaxat,</span> <span class='ocrx_word' id='word_1_405' title='bbox 1382 1360 1415 1394; x_wconf 89' lang='lat' dir='ltr'>S.</span> <span class='ocrx_word' id='word_1_406' title='bbox 1434 1359 1613 1394; x_wconf 82' lang='lat' dir='ltr'>Bernardi</span> <span class='ocrx_word' id='word_1_407' title='bbox 1608 1373 1637 1393; x_wconf 92' lang='grc' dir='ltr'>ιιι</span> <span class='ocrx_word' id='word_1_408' title='bbox 1653 1338 1955 1413; x_wconf 67' lang='lat' dir='ltr'>lt·1lia⁰m=ncupan-</span> 
     </span>
     <span class='ocr_line' id='line_1_82' title="bbox 1197 1408 1955 1455; baseline 0.001 -14"><span class='ocrx_word' id='word_1_409' title='bbox 1197 1408 1280 1447; x_wconf 89' lang='lat' dir='ltr'>dam</span> <span class='ocrx_word' id='word_1_410' title='bbox 1305 1410 1496 1443; x_wconf 82' lang='lat' dir='ltr'>constituere</span> <span class='ocrx_word' id='word_1_411' title='bbox 1525 1417 1552 1443; x_wconf 90' lang='lat' dir='ltr'>ct</span> <span class='ocrx_word' id='word_1_412' title='bbox 1576 1408 1743 1455; x_wconf 82' lang='lat' dir='ltr'>deputare,</span> <span class='ocrx_word' id='word_1_413' title='bbox 1765 1421 1800 1443; x_wconf 88' lang='lat' dir='ltr'>ae</span> <span class='ocrx_word' id='word_1_414' title='bbox 1822 1408 1912 1443; x_wconf 86' lang='lat' dir='ltr'>alia</span> <span class='ocrx_word' id='word_1_415' title='bbox 1906 1421 1955 1442; x_wconf 90' lang='grc' dir='ltr'>ιιι-</span> 
     </span>
     <span class='ocr_line' id='line_1_83' title="bbox 1198 1457 1955 1504; baseline 0.003 -14"><span class='ocrx_word' id='word_1_416' title='bbox 1198 1457 1359 1504; x_wconf 74' lang='lat' dir='ltr'>fi;·isc1ipta</span> <span class='ocrx_word' id='word_1_417' title='bbox 1379 1467 1414 1492; x_wconf 84' lang='lat' dir='ltr'>st</span> <span class='ocrx_word' id='word_1_418' title='bbox 1417 1467 1518 1493; x_wconf 86' lang='lat' dir='ltr'>rtnere</span> <span class='ocrx_word' id='word_1_419' title='bbox 1541 1465 1570 1491; x_wconf 88' lang='lat' dir='ltr'>et</span> <span class='ocrx_word' id='word_1_420' title='bbox 1586 1459 1743 1497; x_wconf 84' lang='lat' dir='ltr'>ordinare,</span> <span class='ocrx_word' id='word_1_421' title='bbox 1763 1466 1791 1493; x_wconf 89' lang='lat' dir='ltr'>et</span> <span class='ocrx_word' id='word_1_422' title='bbox 1807 1457 1883 1492; x_wconf 83' lang='lat' dir='ltr'>alias</span> <span class='ocrx_word' id='word_1_423' title='bbox 1900 1470 1955 1503; x_wconf 84' lang='lat' dir='ltr'>pio</span> 
     </span>
     <span class='ocr_line' id='line_1_84' title="bbox 1198 1506 1954 1553; baseline 0.001 -14"><span class='ocrx_word' id='word_1_424' title='bbox 1198 1506 1339 1540; x_wconf 80' lang='lat' dir='ltr'>eiusdem</span> <span class='ocrx_word' id='word_1_425' title='bbox 1368 1507 1623 1553; x_wconf 82' lang='lat' dir='ltr'>congregationis</span> <span class='ocrx_word' id='word_1_426' title='bbox 1657 1507 1762 1541; x_wconf 84' lang='lat' dir='ltr'>ltaliae</span> <span class='ocrx_word' id='word_1_427' title='bbox 1790 1507 1873 1541; x_wconf 88' lang='lat' dir='ltr'>etin</span> <span class='ocrx_word' id='word_1_428' title='bbox 1904 1506 1954 1540; x_wconf 87' lang='lat' dir='ltr'>illa</span> 
     </span>
     <span class='ocr_line' id='line_1_85' title="bbox 1200 1555 1957 1604; baseline 0.001 -15"><span class='ocrx_word' id='word_1_429' title='bbox 1200 1555 1351 1602; x_wconf 83' lang='lat' dir='ltr'>regularis</span> <span class='ocrx_word' id='word_1_430' title='bbox 1367 1556 1585 1590; x_wconf 65' lang='lat' dir='ltr'>observantiae</span> <span class='ocrx_word' id='word_1_431' title='bbox 1595 1556 1782 1604; x_wconf 77' lang='lat' dir='ltr'>disciplinae</span> <span class='ocrx_word' id='word_1_432' title='bbox 1793 1564 1957 1590; x_wconf 81' lang='lat' dir='ltr'>manuten-</span> 
     </span>
     <span class='ocr_line' id='line_1_86' title="bbox 1200 1605 1955 1652; baseline 0.003 -14"><span class='ocrx_word' id='word_1_433' title='bbox 1200 1605 1283 1639; x_wconf 85' lang='lat' dir='ltr'>tione</span> <span class='ocrx_word' id='word_1_434' title='bbox 1307 1614 1485 1652; x_wconf 86' lang='lat' dir='ltr'>opportune</span> <span class='ocrx_word' id='word_1_435' title='bbox 1513 1606 1678 1652; x_wconf 85' lang='lat' dir='ltr'>providere</span> <span class='ocrx_word' id='word_1_436' title='bbox 1701 1606 1740 1640; x_wconf 85' lang='lat' dir='ltr'>de</span> <span class='ocrx_word' id='word_1_437' title='bbox 1763 1605 1955 1652; x_wconf 79' lang='lat' dir='ltr'>benignitate</span> 
     </span>
     <span class='ocr_line' id='line_1_87' title="bbox 1199 1654 1608 1701; baseline 0.007 -14"><span class='ocrx_word' id='word_1_438' title='bbox 1199 1654 1372 1700; x_wconf 81' lang='lat' dir='ltr'>apostolica</span> <span class='ocrx_word' id='word_1_439' title='bbox 1395 1655 1608 1701; x_wconf 85' lang='lat' dir='ltr'>dignaremur.</span> 
     </span>
    </p>

    <p class='ocr_par' dir='ltr' id='par_1_14' title="bbox 1200 1702 1960 2440">
     <span class='ocr_line' id='line_1_88' title="bbox 1249 1702 1956 1751; baseline 0.001 -14"><span class='ocrx_word' id='word_1_440' title='bbox 1249 1702 1268 1749; x_wconf 62' lang='lat' dir='ltr'>S</span> <span class='ocrx_word' id='word_1_441' title='bbox 1292 1705 1323 1737; x_wconf 82' lang='lat'>5.</span> <span class='ocrx_word' id='word_1_442' title='bbox 1347 1703 1411 1737; x_wconf 78' lang='lat' dir='ltr'>Nos</span> <span class='ocrx_word' id='word_1_443' title='bbox 1433 1704 1538 1750; x_wconf 78' lang='lat' dir='ltr'>igitur,</span> <span class='ocrx_word' id='word_1_444' title='bbox 1554 1705 1607 1751; x_wconf 88' lang='lat' dir='ltr'>qui</span> <span class='ocrx_word' id='word_1_445' title='bbox 1626 1704 1786 1750; x_wconf 82' lang='lat' dir='ltr'>religionis</span> <span class='ocrx_word' id='word_1_446' title='bbox 1801 1716 1956 1750; x_wconf 89' lang='lat' dir='ltr'>augmen-</span> 
     </span>
     <span class='ocr_line' id='line_1_89' title="bbox 1202 1753 1956 1800; baseline 0.004 -15"><span class='ocrx_word' id='word_1_447' title='bbox 1202 1760 1279 1789; x_wconf 83' lang='grc' dir='ltr'>ιιιιιι,</span> <span class='ocrx_word' id='word_1_448' title='bbox 1303 1764 1342 1787; x_wconf 84' lang='lat' dir='ltr'>ex</span> <span class='ocrx_word' id='word_1_449' title='bbox 1365 1754 1536 1788; x_wconf 86' lang='lat' dir='ltr'>commisso</span> <span class='ocrx_word' id='word_1_450' title='bbox 1559 1754 1651 1789; x_wconf 89' lang='lat' dir='ltr'>nobis</span> <span class='ocrx_word' id='word_1_451' title='bbox 1675 1754 1841 1800; x_wconf 85' lang='lat' dir='ltr'>pastoralis</span> <span class='ocrx_word' id='word_1_452' title='bbox 1862 1753 1956 1788; x_wconf 89' lang='lat' dir='ltr'>officii</span> 
     </span>
     <span class='ocr_line' id='line_1_90' title="bbox 1200 1801 1956 1845; baseline 0.005 -12"><span class='ocrx_word' id='word_1_453' title='bbox 1200 1801 1332 1845; x_wconf 81' lang='lat' dir='ltr'>debito,</span> <span class='ocrx_word' id='word_1_454' title='bbox 1361 1803 1488 1837; x_wconf 88' lang='lat' dir='ltr'>intentis</span> <span class='ocrx_word' id='word_1_455' title='bbox 1515 1803 1732 1839; x_wconf 83' lang='lat' dir='ltr'>desideramus</span> <span class='ocrx_word' id='word_1_456' title='bbox 1766 1802 1931 1838; x_wconf 79' lang='lat' dir='ltr'>affectibus</span> <span class='ocrx_word' id='word_1_457' title='bbox 1948 1830 1956 1843; x_wconf 88' lang='lat'><strong>‚</strong></span> 
     </span>
     <span class='ocr_line' id='line_1_91' title="bbox 1202 1850 1958 1898; baseline 0.004 -15"><span class='ocrx_word' id='word_1_458' title='bbox 1202 1850 1383 1885; x_wconf 84' lang='lat' dir='ltr'>liuiusmodi</span> <span class='ocrx_word' id='word_1_459' title='bbox 1406 1852 1696 1898; x_wconf 81' lang='lat' dir='ltr'>supplicationibus</span> <span class='ocrx_word' id='word_1_460' title='bbox 1710 1852 1862 1892; x_wconf 89' lang='lat' dir='ltr'>inclinati,</span> <span class='ocrx_word' id='word_1_461' title='bbox 1881 1852 1958 1886; x_wconf 85' lang='lat' dir='ltr'>dile-</span> 
     </span>
     <span class='ocr_line' id='line_1_92' title="bbox 1201 1900 1957 1946; baseline 0.001 -13"><span class='ocrx_word' id='word_1_462' title='bbox 1201 1900 1259 1933; x_wconf 91' lang='lat' dir='ltr'>ctis</span> <span class='ocrx_word' id='word_1_463' title='bbox 1283 1901 1354 1934; x_wconf 88' lang='lat' dir='ltr'>liliis</span> <span class='ocrx_word' id='word_1_464' title='bbox 1381 1902 1496 1935; x_wconf 83' lang='lat' dir='ltr'>uostris</span> <span class='ocrx_word' id='word_1_465' title='bbox 1519 1900 1690 1936; x_wconf 88' lang='lat' dir='ltr'>Frarrcisco</span> <span class='ocrx_word' id='word_1_466' title='bbox 1725 1900 1758 1936; x_wconf 87' lang='lat' dir='ltr'>S.</span> <span class='ocrx_word' id='word_1_467' title='bbox 1782 1901 1957 1946; x_wconf 83' lang='lat' dir='ltr'>Eustachii⁷</span> 
     </span>
     <span class='ocr_line' id='line_1_93' title="bbox 1201 1949 1957 1985; baseline 0.004 -3"><span class='ocrx_word' id='word_1_468' title='bbox 1201 1957 1230 1982; x_wconf 87' lang='lat' dir='ltr'>et</span> <span class='ocrx_word' id='word_1_469' title='bbox 1244 1949 1382 1984; x_wconf 83' lang='lat' dir='ltr'>Ascanio</span> <span class='ocrx_word' id='word_1_470' title='bbox 1404 1950 1520 1985; x_wconf 79' lang='lat' dir='ltr'>Mariae</span> <span class='ocrx_word' id='word_1_471' title='bbox 1533 1950 1568 1985; x_wconf 84' lang='lat' dir='ltr'>S.</span> <span class='ocrx_word' id='word_1_472' title='bbox 1587 1950 1647 1984; x_wconf 70' lang='lat' dir='ltr'>Viri</span> <span class='ocrx_word' id='word_1_473' title='bbox 1667 1951 1696 1984; x_wconf 92' lang='lat' dir='ltr'>in</span> <span class='ocrx_word' id='word_1_474' title='bbox 1716 1950 1848 1985; x_wconf 79' lang='lat' dir='ltr'>Macello</span> <span class='ocrx_word' id='word_1_475' title='bbox 1873 1950 1957 1985; x_wconf 86' lang='lat' dir='ltr'>Mar-</span> 
     </span>
     <span class='ocr_line' id='line_1_94' title="bbox 1203 1998 1958 2045; baseline 0.004 -14"><span class='ocrx_word' id='word_1_476' title='bbox 1203 2005 1316 2045; x_wconf 66' lang='lat' dir='ltr'>tyrum,</span> <span class='ocrx_word' id='word_1_477' title='bbox 1339 1998 1373 2033; x_wconf 85' lang='lat' dir='ltr'>S.</span> <span class='ocrx_word' id='word_1_478' title='bbox 1397 1998 1434 2033; x_wconf 83' lang='lat' dir='ltr'>R.</span> <span class='ocrx_word' id='word_1_479' title='bbox 1460 1999 1496 2033; x_wconf 84' lang='lat' dir='ltr'>E.</span> <span class='ocrx_word' id='word_1_480' title='bbox 1520 1999 1792 2043; x_wconf 87' lang='lat' dir='ltr'>vicecancellario,</span> <span class='ocrx_word' id='word_1_481' title='bbox 1819 1999 1958 2034; x_wconf 88' lang='lat' dir='ltr'>diaconis</span> 
     </span>
     <span class='ocr_line' id='line_1_95' title="bbox 1202 2047 1958 2096; baseline 0.004 -16"><span class='ocrx_word' id='word_1_482' title='bbox 1202 2047 1425 2087; x_wconf 79' lang='lat' dir='ltr'>cardinalibus,</span> <span class='ocrx_word' id='word_1_483' title='bbox 1441 2048 1597 2083; x_wconf 85' lang='lat' dir='ltr'>Tbusciae</span> <span class='ocrx_word' id='word_1_484' title='bbox 1619 2057 1648 2084; x_wconf 90' lang='lat' dir='ltr'>et</span> <span class='ocrx_word' id='word_1_485' title='bbox 1662 2049 1866 2084; x_wconf 81' lang='lat' dir='ltr'>Lombardiae</span> <span class='ocrx_word' id='word_1_486' title='bbox 1885 2061 1958 2096; x_wconf 88' lang='lat' dir='ltr'>pro-</span> 
     </span>
     <span class='ocr_line' id='line_1_96' title="bbox 1203 2097 1960 2145; baseline 0.004 -15"><span class='ocrx_word' id='word_1_487' title='bbox 1203 2097 1373 2131; x_wconf 85' lang='lat' dir='ltr'>vinciarum</span> <span class='ocrx_word' id='word_1_488' title='bbox 1403 2097 1583 2132; x_wconf 85' lang='lat' dir='ltr'>lruiusmodi</span> <span class='ocrx_word' id='word_1_489' title='bbox 1609 2099 1784 2145; x_wconf 72' lang='lat' dir='ltr'>respective</span> <span class='ocrx_word' id='word_1_490' title='bbox 1807 2106 1960 2144; x_wconf 90' lang='lat' dir='ltr'>protecto-</span> 
     </span>
     <span class='ocr_line' id='line_1_97' title="bbox 1203 2146 1958 2194; baseline 0.003 -15"><span class='ocrx_word' id='word_1_491' title='bbox 1203 2146 1300 2190; x_wconf 70' lang='lat' dir='ltr'>ribus,</span> <span class='ocrx_word' id='word_1_492' title='bbox 1322 2147 1414 2180; x_wconf 85' lang='lat' dir='ltr'>ctiam</span> <span class='ocrx_word' id='word_1_493' title='bbox 1438 2147 1520 2193; x_wconf 87' lang='lat' dir='ltr'>apud</span> <span class='ocrx_word' id='word_1_494' title='bbox 1544 2159 1602 2182; x_wconf 91' lang='lat' dir='ltr'>nos</span> <span class='ocrx_word' id='word_1_495' title='bbox 1636 2160 1731 2194; x_wconf 85' lang='lat' dir='ltr'>snper</span> <span class='ocrx_word' id='word_1_496' title='bbox 1754 2148 1811 2182; x_wconf 88' lang='lat' dir='ltr'>lroc</span> <span class='ocrx_word' id='word_1_497' title='bbox 1835 2148 1958 2181; x_wconf 81' lang='lat' dir='ltr'>instau-</span> 
     </span>
     <span class='ocr_line' id='line_1_98' title="bbox 1204 2195 1958 2244; baseline 0.004 -17"><span class='ocrx_word' id='word_1_498' title='bbox 1204 2195 1300 2235; x_wconf 84' lang='lat' dir='ltr'>tibus,</span> <span class='ocrx_word' id='word_1_499' title='bbox 1315 2197 1500 2231; x_wconf 81' lang='lat' dir='ltr'>auctoritate</span> <span class='ocrx_word' id='word_1_500' title='bbox 1513 2197 1684 2243; x_wconf 78' lang='lat' dir='ltr'>apostolica</span> <span class='ocrx_word' id='word_1_501' title='bbox 1710 2205 1862 2244; x_wconf 87' lang='lat' dir='ltr'>perpetuo</span> <span class='ocrx_word' id='word_1_502' title='bbox 1877 2197 1958 2230; x_wconf 86' lang='lat' dir='ltr'>vali-</span> 
     </span>
     <span class='ocr_line' id='line_1_99' title="bbox 1203 2245 1959 2291; baseline 0.001 -13"><span class='ocrx_word' id='word_1_503' title='bbox 1203 2253 1270 2279; x_wconf 90' lang='lat' dir='ltr'>tura</span> <span class='ocrx_word' id='word_1_504' title='bbox 1293 2253 1322 2279; x_wconf 88' lang='lat' dir='ltr'>et</span> <span class='ocrx_word' id='word_1_505' title='bbox 1351 2245 1408 2280; x_wconf 87' lang='lat' dir='ltr'>bac</span> <span class='ocrx_word' id='word_1_506' title='bbox 1436 2254 1539 2280; x_wconf 84' lang='lat' dir='ltr'>nostra</span> <span class='ocrx_word' id='word_1_507' title='bbox 1577 2245 1780 2291; x_wconf 77' lang='lat' dir='ltr'>irrefragabili</span> <span class='ocrx_word' id='word_1_508' title='bbox 1803 2246 1959 2280; x_wconf 88' lang='lat' dir='ltr'>coustitu-</span> 
     </span>
     <span class='ocr_line' id='line_1_100' title="bbox 1203 2294 1958 2331; baseline 0.004 -5"><span class='ocrx_word' id='word_1_509' title='bbox 1203 2294 1306 2331; x_wconf 74' lang='lat' dir='ltr'>none.</span> <span class='ocrx_word' id='word_1_510' title='bbox 1342 2294 1467 2329; x_wconf 85' lang='lat' dir='ltr'>casdem</span> <span class='ocrx_word' id='word_1_511' title='bbox 1502 2294 1659 2330; x_wconf 78' lang='lat' dir='ltr'>Tbusciae</span> <span class='ocrx_word' id='word_1_512' title='bbox 1687 2303 1717 2328; x_wconf 83' lang='lat' dir='ltr'>et</span> <span class='ocrx_word' id='word_1_513' title='bbox 1749 2294 1958 2329; x_wconf 85' lang='lat' dir='ltr'>Lombardiae</span> 
     </span>
     <span class='ocr_line' id='line_1_101' title="bbox 1205 2344 1958 2398; baseline 0.004 -23"><span class='ocrx_word' id='word_1_514' title='bbox 1205 2344 1434 2398; x_wconf 72' lang='lat' dir='ltr'>provinciarum</span> <span class='ocrx_word' id='word_1_515' title='bbox 1458 2345 1718 2390; x_wconf 81' lang='lat' dir='ltr'>congregationes</span> <span class='ocrx_word' id='word_1_516' title='bbox 1741 2344 1874 2379; x_wconf 89' lang='lat' dir='ltr'>invicem</span> <span class='ocrx_word' id='word_1_517' title='bbox 1892 2355 1958 2389; x_wconf 85' lang='lat' dir='ltr'>pei·-</span> 
     </span>
     <span class='ocr_line' id='line_1_102' title="bbox 1204 2393 1956 2448; baseline 0.003 -23"><span class='ocrx_word' id='word_1_518' title='bbox 1204 2394 1447 2438; x_wconf 85' lang='lat' dir='ltr'>petuouninrus,</span> <span class='ocrx_word' id='word_1_519' title='bbox 1457 2393 1691 2427; x_wconf 87' lang='lat' dir='ltr'>annectituuset</span> <span class='ocrx_word' id='word_1_520' title='bbox 1705 2393 1956 2448; x_wconf 79' lang='lat' dir='ltr'>incorporamus</span> 
     </span>
    </p>

    <p class='ocr_par' dir='ltr' id='par_1_15' title="bbox 1203 2441 1958 2575">
     <span class='ocr_line' id='line_1_103' title="bbox 1251 2441 1956 2484; baseline 0.001 -9"><span class='ocrx_word' id='word_1_521' title='bbox 1251 2444 1267 2484; x_wconf 64' lang='lat' dir='ltr'>g</span> <span class='ocrx_word' id='word_1_522' title='bbox 1289 2445 1321 2475; x_wconf 76' lang='lat'>4.</span> <span class='ocrx_word' id='word_1_523' title='bbox 1342 2441 1389 2475; x_wconf 83' lang='lat' dir='ltr'>Ex</span> <span class='ocrx_word' id='word_1_524' title='bbox 1412 2442 1475 2476; x_wconf 84' lang='lat' dir='ltr'>illis</span> <span class='ocrx_word' id='word_1_525' title='bbox 1499 2442 1632 2476; x_wconf 77' lang='lat' dir='ltr'>invicem</span> <span class='ocrx_word' id='word_1_526' title='bbox 1668 2442 1713 2477; x_wconf 90' lang='lat' dir='ltr'>sic</span> <span class='ocrx_word' id='word_1_527' title='bbox 1741 2442 1839 2477; x_wconf 89' lang='lat' dir='ltr'>unitis</span> <span class='ocrx_word' id='word_1_528' title='bbox 1862 2454 1956 2477; x_wconf 90' lang='lat' dir='ltr'>unam</span> 
     </span>
     <span class='ocr_line' id='line_1_104' title="bbox 1203 2490 1957 2538; baseline 0 -14"><span class='ocrx_word' id='word_1_529' title='bbox 1203 2490 1478 2536; x_wconf 78' lang='lat' dir='ltr'>congregationem</span> <span class='ocrx_word' id='word_1_530' title='bbox 1508 2490 1669 2535; x_wconf 86' lang='lat' dir='ltr'>abbatum,</span> <span class='ocrx_word' id='word_1_531' title='bbox 1699 2491 1906 2538; x_wconf 87' lang='lat' dir='ltr'>praelatorum</span> <span class='ocrx_word' id='word_1_532' title='bbox 1928 2499 1957 2525; x_wconf 85' lang='lat' dir='ltr'>et</span> 
     </span>
     <span class='ocr_line' id='line_1_105' title="bbox 1204 2539 1958 2575; baseline -0.003 -2"><span class='ocrx_word' id='word_1_533' title='bbox 1204 2551 1406 2574; x_wconf 78' lang='lat' dir='ltr'>monacorum</span> <span class='ocrx_word' id='word_1_534' title='bbox 1436 2540 1698 2575; x_wconf 87' lang='lat' dir='ltr'>monasteriorum</span> <span class='ocrx_word' id='word_1_535' title='bbox 1728 2540 1799 2575; x_wconf 67' lang='lat' dir='ltr'>dicti</span> <span class='ocrx_word' id='word_1_536' title='bbox 1827 2539 1958 2575; x_wconf 81' lang='lat' dir='ltr'>Ordinis</span> 
     </span>
    </p>
   </div>
   <div class='ocr_carea' id='block_1_12' title="bbox 1238 2599 1625 2636">
    <p class='ocr_par' dir='ltr' id='par_1_16' title="bbox 1238 2599 1625 2636">
     <span class='ocr_line' id='line_1_106' title="bbox 1238 2599 1625 2636; baseline 0.005 -11"><span class='ocrx_word' id='word_1_537' title='bbox 1238 2599 1276 2634; x_wconf 87' lang='lat' dir='ltr'>(t)</span> <span class='ocrx_word' id='word_1_538' title='bbox 1298 2600 1365 2635; x_wconf 82' lang='lat' dir='ltr'>Lege</span> <span class='ocrx_word' id='word_1_539' title='bbox 1384 2602 1500 2627; x_wconf 73' lang='lat' dir='ltr'>intentus</span> <span class='ocrx_word' id='word_1_540' title='bbox 1517 2601 1554 2636; x_wconf 87' lang='lat' dir='ltr'>(n.</span> <span class='ocrx_word' id='word_1_541' title='bbox 1577 2600 1625 2635; x_wconf 81' lang='lat' dir='ltr'>r..)</span> 
     </span>
    </p>
   </div>
   <div class='ocr_carea' id='block_1_13' title="bbox 1956 221 2140 250">
    <p class='ocr_par' dir='ltr' id='par_1_17' title="bbox 1956 221 2140 250">
     <span class='ocr_line' id='line_1_107' title="bbox 1956 221 2140 250; baseline 0.016 -3"><span class='ocrx_word' id='word_1_542' title='bbox 1956 226 2007 248; x_wconf 76' lang='lat' dir='ltr'>An.</span> <span class='ocrx_word' id='word_1_543' title='bbox 2029 222 2057 248; x_wconf 93' lang='lat' dir='ltr'>C.</span> <span class='ocrx_word' id='word_1_544' title='bbox 2076 221 2140 250; x_wconf 77' lang='lat' dir='ltr'>ll&#39;t97</span> 
     </span>
    </p>
   </div>
   <div class='ocr_carea' id='block_1_14' title="bbox 1949 1745 2017 1768">
    <p class='ocr_par' dir='ltr' id='par_1_18' title="bbox 1949 1745 2017 1768">
     <span class='ocr_line' id='line_1_108' title="bbox 1949 1745 2017 1768; baseline 0.015 -3"><span class='ocrx_word' id='word_1_545' title='bbox 1949 1754 1954 1759; x_wconf 94' lang='lat'>·</span> <span class='ocrx_word' id='word_1_546' title='bbox 1972 1745 2017 1768; x_wconf 73' lang='lat' dir='ltr'>der,</span> 
     </span>
    </p>
   </div>
   <div class='ocr_carea' id='block_1_15' title="bbox 1961 581 2148 665">
    <p class='ocr_par' dir='ltr' id='par_1_19' title="bbox 1961 581 2148 665">
     <span class='ocr_line' id='line_1_109' title="bbox 1981 581 2148 609; baseline -0.012 -6"><span class='ocrx_word' id='word_1_547' title='bbox 1981 581 2088 609; x_wconf 73' lang='lat' dir='ltr'>l&#39;namque</span> <span class='ocrx_word' id='word_1_548' title='bbox 2114 581 2148 602; x_wconf 76' lang='lat' dir='ltr'>et-</span> 
     </span>
     <span class='ocr_line' id='line_1_110' title="bbox 1961 613 2146 640; baseline -0.005 -7"><span class='ocrx_word' id='word_1_549' title='bbox 1961 613 2052 634; x_wconf 74' lang='lat' dir='ltr'>(ormnre</span> <span class='ocrx_word' id='word_1_550' title='bbox 2063 613 2146 640; x_wconf 77' lang='lat' dir='ltr'>provin-</span> 
     </span>
     <span class='ocr_line' id='line_1_111' title="bbox 1961 645 2021 665; baseline -0.033 0"><span class='ocrx_word' id='word_1_551' title='bbox 1961 645 2021 665; x_wconf 77' lang='lat' dir='ltr'>et:.m.</span> 
     </span>
    </p>
   </div>
   <div class='ocr_carea' id='block_1_16' title="bbox 1979 1713 2157 1735">
    <p class='ocr_par' dir='ltr' id='par_1_20' title="bbox 1979 1713 2157 1735">
     <span class='ocr_line' id='line_1_112' title="bbox 1979 1713 2157 1735; baseline 0 -1"><span class='ocrx_word' id='word_1_552' title='bbox 1979 1713 2055 1735; x_wconf 67' lang='lat' dir='ltr'>firmat</span> <span class='ocrx_word' id='word_1_553' title='bbox 2063 1713 2157 1734; x_wconf 69' lang='lat' dir='ltr'>Alexan-</span> 
     </span>
    </p>
   </div>
   <div class='ocr_carea' id='block_1_17' title="bbox 2205 0 2281 1916">
    <p class='ocr_par' dir='ltr' id='par_1_21' title="bbox 2205 0 2281 1916">
     <span class='ocr_line' id='line_1_113' title="bbox 2205 0 2281 1916; baseline 0 0"><span class='ocrx_word' id='word_1_554' title='bbox 2205 0 2281 1916; x_wconf 95' lang='lat' dir='ltr'> </span> 
     </span>
    </p>
   </div>
   <div class='ocr_carea' id='block_1_18' title="bbox 1974 2494 2160 2578">
    <p class='ocr_par' dir='ltr' id='par_1_22' title="bbox 1974 2494 2160 2578">
     <span class='ocr_line' id='line_1_114' title="bbox 1983 2494 2160 2522; baseline -0.006 -6"><span class='ocrx_word' id='word_1_555' title='bbox 1983 2494 2090 2522; x_wconf 80' lang='lat' dir='ltr'>Unamque</span> <span class='ocrx_word' id='word_1_556' title='bbox 2106 2500 2160 2516; x_wconf 83' lang='lat' dir='ltr'>eon-</span> 
     </span>
     <span class='ocr_line' id='line_1_115' title="bbox 1974 2524 2157 2552; baseline -0.006 -6"><span class='ocrx_word' id='word_1_557' title='bbox 1974 2527 2119 2552; x_wconf 70' lang='lat' dir='ltr'>gregitioneni</span> <span class='ocrx_word' id='word_1_558' title='bbox 2137 2524 2157 2545; x_wconf 91' lang='lat' dir='ltr'>S</span> 
     </span>
     <span class='ocr_line' id='line_1_116' title="bbox 1975 2556 2157 2578; baseline 0 -2"><span class='ocrx_word' id='word_1_559' title='bbox 1975 2556 2073 2578; x_wconf 78' lang='lat' dir='ltr'>nernardt</span> <span class='ocrx_word' id='word_1_560' title='bbox 2091 2559 2157 2577; x_wconf 70' lang='lat' dir='ltr'>erent.</span> 
     </span>
    </p>
   </div>
  </div>
 </body>
</html>
