2281 3251
91 271 140 299 An.
157 271 185 299 C.
205 270 272 298 ¹5¹6

110 1317 150 1338 Leo
167 1317 173 1337 1
191 1322 278 1337 101013-

95 1350 123 1369 vit
141 1352 187 1369 arra
204 1351 278 1368 contra

95 1380 181 1400 fldemiu
191 1379 279 1406 11113110-

95 1412 140 1431 3133
156 1411 242 1438 syuodo.

110 1909 159 1931 ldeo
176 1911 209 1931 liic
227 1910 281 1931 Pon

95 1941 145 1962 titex
157 1943 201 1963 iure
218 1948 268 1963 reve

97 1977 129 1993 cat
145 1974 163 1993 d.
183 1980 266 2000 pragma

97 2005 165 2027 ticam,
186 2005 279 2031 quamvis

97 2035 237 2054 confirmatam
259 2035 279 2055 in

97 2065 236 2085 conciliabulo
246 2064 279 2085 113-

97 2096 199 2121 sileensi;

967 264 1028 287 LEO
1055 265 1072 286 X
1096 264 1143 286 ΡΡ.

290 328 379 370 prout
395 320 453 368 ipsi
468 331 525 355 suo
539 326 680 366 tempore
698 330 902 365 summopere
925 326 1034 366 optare

289 372 553 413 demonstr-,arunt
570 368 779 416 corruptelam
800 376 830 402 et
849 368 1032 402 abusionem

289 419 483 463 huiusmodi,
499 418 542 453 iel
567 418 758 464 malignitate
782 426 958 465 temporum
987 417 1033 451 vel

289 470 375 513 alias,
390 469 432 503 illi
463 467 626 515 providere
649 476 678 502 et
702 468 729 501 13
755 475 852 501 totum
870 478 1035 502 occurrere

290 531 351 553 non
380 518 535 562 valentes,
562 517 627 552 suis
656 517 850 563 temporibus
887 517 1034 550 tolerasse

290 568 343 602 risi
367 567 506 608 suerunt;
529 566 768 601 considerantes
796 574 910 610 tamen,
925 565 963 600 ab
987 566 1036 612 ip-

289 618 355 652 sius
386 616 595 651 Bituricensis
611 615 783 651 sanctionis
801 615 957 658 editione,
985 615 1034 648 vix

290 678 388 701 annos
410 666 606 713 septuaginta
627 665 766 709 fluxisse,
780 664 981 711 nullumque,
995 664 1038 697 in-

290 716 333 750 fra
349 716 408 750 hoc
431 715 581 762 temporis
603 715 751 762 spatium,
766 722 887 760 praeter
904 714 962 748 hoc
976 713 1038 747 La-

291 775 467 809 terauense,
483 764 653 799 concilium
677 764 814 809 legitime
831 764 928 797 fuisse
947 763 1038 797 cele-

290 815 433 855 bratum,
460 827 523 862 quo
546 826 617 849 cum
635 841 643 857 ,
671 813 859 859 disponente
884 812 1036 852 Domino,

290 864 452 899 constituti
487 876 604 906 simus,
631 862 669 897 ab
704 862 847 896 eiusdem
877 861 1039 909 improbae

290 914 462 949 sanctionis
485 911 1038 960 013133ῑί030,101311333311311030

290 965 359 998 sine
381 971 485 998 nostra
509 970 539 997 et
562 969 719 997 tantorum
749 969 872 1008 patrum
902 961 931 994 iu
957 972 1039 1006 prae·

291 1013 371 1047 senti
401 1012 534 1047 concilio
556 1019 819 1058 congregatorum
838 1018 920 1052 3013,
936 1021 971 1043 30
988 1021 1041 1043 30-

291 1070 372 1097 51130
394 1070 423 1097 et
445 1061 602 1096 dictorum
620 1061 668 1095 illa
686 1060 839 1095 utentium
863 1059 1038 1093 animarum

292 1111 430 1159 periculo
445 1111 600 1146 abstinere
616 1122 670 1144 seu
688 1109 838 1144 desistere
854 1120 915 1143 non
933 1119 1039 1155 posse,

291 1161 469 1207 Augustino
505 1167 605 1200 teste,
629 1159 804 1194 iudicamus
838 1167 932 1205 atque
962 1169 1041 1192 een-

292 1223 408 1245 semus.

340 1260 359 1306 g
383 1264 414 1294 5.
439 1259 477 1293 Et
499 1259 579 1292 sicut
603 1258 670 1304 piae
694 1269 788 1291 mem.
817 1256 881 1291 Leo
909 1256 994 1303 Papa
1016 1255 1041 1299 Ι,

294 1308 516 1355 praedecessor
533 1315 620 1342 nostt
625 1320 649 1351 r,
663 1307 755 1340 cuius
774 1307 802 1340 in
823 1306 881 1340 hoc
895 1305 1040 1347 libenter,

292 1358 394 1405 quoad
419 1369 604 1405 possumus
632 1356 762 1401 vestioia
792 1355 965 1399 imitamur
989 1367 1041 1399 ea,

292 1419 372 1454 quae
396 1408 424 1441 in
448 1406 586 1441 secunda
608 1405 769 1452 Ephesina
788 1404 908 1452 5)30(]0
924 1382 1041 1440 teinere

293 1465 398 1491 contra
424 1456 573 1490 iustitiam
594 1462 623 1490 et
642 1454 827 1490 catholicam
848 1453 940 1488 fidem
956 1461 1041 1500 gesta

294 1506 433 1550 fuerunt,
454 1504 678 1552 postmodum
673 1517 701 1538 rn
718 1503 954 1538 Clialcedonen.
972 1515 1044 1537 con-

294 1556 364 1589 cilio
392 1554 549 1589 mandavit
577 1565 612 1588 ac
647 1553 735 1597 fecit,
765 1565 819 1599 pro
847 1553 947 1587 dictae
970 1552 1041 1586 fidei

295 1605 452 1647 firmitate,
476 1603 630 1644 revocari3
660 1602 699 1637 ita
727 1610 756 1637 et
779 1614 836 1636 nos
858 1615 873 1636 a
898 1612 956 1636 tam
988 1614 1043 1636 ne-

295 1654 387 1688 fariae
407 1652 579 1688 sanctionis
601 1661 631 1687 et
654 1658 872 1686 contentorum
895 1651 923 1684 in
941 1663 976 1686 ea
995 1663 1044 1685 re-

295 1703 455 1738 vocatione
474 1702 589 1737 retrahi
615 1709 668 1736 aut
690 1701 852 1741 desistere,
875 1701 957 1735 salva
973 1712 1043 1735 con-

295 1753 425 1787 scientia
447 1764 482 1787 ac
505 1759 612 1786 nostro
635 1759 664 1786 et
687 1751 786 1798 ipsius
809 1750 969 1785 Ecclesiae
991 1750 1045 1784 ho-

295 1814 382 1842 nore,
399 1814 458 1836 non
484 1813 575 1848 posse
604 1808 657 1835 aut
679 1800 795 1834 debere
817 1811 994 1834 censemus.

343 1852 363 1899 g
385 1854 417 1885 6.
445 1851 511 1886 Nec
533 1850 609 1885 illud
630 1862 687 1885 nos
706 1861 831 1884 movere
851 1849 944 1884 1111)οῑ
960 1848 1044 1896 quod

295 1901 415 1935 sanctio
438 1901 504 1948 ipsa
526 1908 557 1935 et
586 1901 616 1934 13
645 1912 679 1934 03
713 1907 870 1938 contenta,
895 1900 924 1932 in
948 1898 1045 1933 Basi-

272 1951 394 1985 100351
417 1950 551 1985 00301110
574 1950 655 1984 edita
677 1956 718 1993 et,
742 1949 810 1995 ipso
833 1948 996 1983 00301110
991 1960 1045 1982 in·-

294 2009 406 2044 stante,
420 2012 435 2034 3
451 2000 641 2034 Β1131100351
659 1998 902 2045 congregatione
921 2005 1045 2044 recepta

294 2057 323 2084 et
346 2057 505 2096 acceptata
529 2049 667 2089 fuerunt,
691 2060 763 2082 cum
788 2060 821 2082 ea
843 2047 959 2088 omnia,
975 2056 1046 2093 post

294 2104 532 2139 translationem
557 2102 699 2138 eiusdem
723 2102 885 2136 Basileon.
906 2101 1045 2140 concilii,

295 2170 349 2205 per
363 2170 424 2192 rec.
440 2170 534 2192 mem.
552 2156 734 2203 Eugenium
752 2155 870 2202 Papam
885 2154 939 2200 IV,
953 2155 1044 2189 etiam

295 2211 571 2259 praedecessorem
595 2218 750 2249 nostrum,
775 2209 897 2250 factam,
921 2221 937 2244 a
959 2209 1047 2244 Basi-

294 2266 375 2301 leen.
394 2265 603 2301 conciliabulo
615 2277 670 2300 seu
688 2264 791 2311 potius
814 2265 1046 2305 conventicula,

295 2332 395 2367 quae,
418 2320 602 2367 praesertim
634 2326 702 2366 post
730 2317 910 2352 huiusmodi
940 2327 1046 2353 trans—

296 2374 457 2415 lationem,
479 2373 649 2409 concilium
666 2373 801 2419 amplius
817 2371 967 2419 appellari
984 2384 1046 2406 non

296 2428 494 2469 merebatur,
518 2427 594 2462 sacta
623 2427 800 2466 extiterint,
824 2438 858 2460 ac
884 2436 1046 2472 propterea

296 2482 418 2516 nullum
443 2482 538 2517 robur
550 2482 666 2516 habere
681 2481 850 2528 potuerint,
866 2493 937 2515 cum
953 2481 1047 2515 etiam

295 2536 399 2571 solum
422 2536 517 2571 Rom.
544 2536 634 2570 Pont.
661 2548 715 2581 pro
744 2543 885 2581 tempore
901 2534 1047 2575 existen„

300 2598 457 2637 tamquam
482 2590 702 2624 auctoritatem
726 2601 820 2635 super
841 2588 947 2622 omnia
969 2600 1048 2622 con-

297 2643 364 2679 cilia
403 2643 595 2688 habentem,
619 2643 825 2678 conciliorum
859 2641 1048 2676 indicendo-

1704 250 1770 284 661

1077 330 1159 362 rum,
1178 315 1468 352 transferendorum
1494 327 1529 351 ac
1550 315 1825 351 dissolvendorum

1077 367 1204 414 plenum
1224 367 1273 402 ius
1291 374 1320 401 ct
1340 373 1524 412 potestatem
1543 365 1671 405 habere,
1687 377 1724 399 ne
1750 365 1825 400 dum

1076 430 1113 451 ex
1151 429 1256 451 sacrae
1292 416 1474 462 Scripturac
1511 415 1711 459 testimonio,
1734 414 1828 450 dictis

1077 474 1255 501 sanctorum
1288 465 1415 499 Parrum
1439 477 1475 499 ac
1502 464 1636 499 aliorum
1665 464 1829 499 Romano-

1079 528 1145 549 rum
1170 515 1372 555 Pontificum,
1398 513 1675 560 praedecessorum
1704 522 1827 548 nostro-

1078 577 1158 605 rum,
1182 575 1407 610 sacrorumque
1429 576 1587 597 canonum
1608 563 1755 608 decretis,
1771 562 1825 597 sed

1080 615 1203 661 propria
1220 613 1313 649 etiam
1330 612 1514 647 eorumdem
1533 612 1739 647 conciliorum
1758 624 1831 647 con-

1079 664 1217 698 fissione
1242 662 1405 697 manifeste
1422 670 1541 697 constet
1547 674 1702 709 ,quorum
1726 661 1829 709 aliqua

1080 713 1194 747 referre
1218 712 1344 759 placuit,
1369 712 1487 758 reliqua
1512 724 1595 750 iero,
1611 719 1718 758 utpote
1741 719 1832 745 3010-

1081 762 1136 807 113,
1153 762 1278 797 51103110
1303 762 1481 808 praeterire.
1504 760 1537 795 13
1562 760 1774 795 Alexandrina
1799 771 1833 795 e-

1081 812 1144 845 nim
1173 811 1304 858 synodo,
1330 810 1502 845 Athanasio
1526 810 1643 844 ibidem
1667 810 1833 853 existente,

1080 860 1177 895 Felici
1207 861 1351 895 Romano
1374 860 1488 894 Pontis.
1518 859 1556 894 ab
1578 860 1688 894 eadem
1712 858 1832 906 synodo

1081 911 1233 956 scriptum
1256 909 1352 944 fuisse
1374 909 1521 955 legimus,
1544 908 1714 943 Nicaenam
1738 920 1835 955 syno-

1082 960 1156 993 dum
1181 960 1325 993 statuisse
1349 971 1409 992 non
1428 958 1553 998 debere,
1570 958 1689 1005 absque
1701 957 1833 992 Romani

1083 1009 1246 1043 pontificis
1279 1009 1483 1052 auctoritate,
1506 1007 1636 1042 concilia
1671 1007 1833 1041 celebrari.

1081 1058 1191 1105 Neque
1221 1070 1277 1092 305
1300 1058 1372 1092 13101
1401 1035 1493 1091 0113111
1521 1057 1668 1092 eumdem
1693 1056 1833 1091 Leonem

1082 1108 1198 1142 Pontis.
1221 1107 1413 1154 Ephesinam
1430 1106 1602 1141 secundam
1621 1105 1777 1153 synodum
1801 1117 1836 1139 ac

1083 1156 1319 1191 Chalcedonen.
1344 1156 1517 1196 statuisse,
1539 1155 1711 1190 Martinum
1740 1155 1835 1189 etiam

1083 1206 1199 1253 Papam
1223 1206 1250 1240 V
1274 1205 1527 1253 praesidentibus
1554 1205 1621 1239 suis
1646 1205 1676 1239 in
1701 1203 1836 1239 00301110

1083 1255 1200 1290 Senen.
1230 1262 1415 1302 potestatem
1432 1253 1639 1289 transferendi
1653 1253 1837 1297 concilium,

1084 1305 1169 1339 nulla
1192 1316 1366 1339 consensus
1394 1304 1495 1350 ipsius
1525 1303 1653 1338 concilii
1676 1303 1837 1337 mentione

1084 1355 1201 1399 habita,
1230 1354 1376 1394 dedisse;
1399 1353 1592 1400 Eplicsinam
1617 1364 1743 1399 quoque
1771 1351 1839 1398 pri-

1084 1416 1166 1439 mam
1183 1403 1338 1451 synodum
1352 1403 1538 1447 Coelestino,
1549 1415 1584 1437 ac
1598 1401 1836 1436 Chalcedonen.

1085 1454 1188 1488 eidem
1213 1453 1310 1488 Leoni
1334 1460 1466 1496 sextam,
1481 1452 1638 1498 Agatlioni
1657 1451 1836 1498 septimam,

1084 1503 1244 1537 Hadriano
1259 1512 1413 1545 octavam,
1428 1501 1558 1536 Nicolao
1574 1509 1713 1536 octavam
1731 1500 1837 1542 etiam,

1085 1551 1465 1598 Constantinopolitanam
1491 1551 1646 1598 synodum
1664 1550 1837 1594 Hadriano,

1085 1601 1220 1636 Roman.
1244 1601 1360 1635 Pontis.
1393 1599 1694 1648 praedecessoribus
1709 1599 1838 1644 nostris,

1086 1651 1252 1685 maximam
1279 1650 1486 1685 reverentiam
1509 1649 1701 1689 exhibuisse,
1717 1660 1839 1683 eorum-

1086 1701 1222 1754 demque
1250 1700 1366 1735 Pontis.
1404 1699 1655 1734 institutionibus
1682 1707 1712 1733 et
1748 1710 1838 1732 man-

1086 1750 1165 1784 datis
1188 1763 1217 1784 ιιι
1243 1750 1340 1784 530115
1363 1749 1504 1783 conciliis
1528 1761 1583 1796 per
1605 1761 1659 1783 eos
1685 1747 1778 1782 editis
1808 1755 1838 1782 et

1087 1800 1176 1834 factis
1212 1808 1391 1833 10101031οι-
1427 1806 1457 1832 et
1485 1798 1644 1832 humiliter
1674 1797 1840 1852 obtempe-

1088 1860 1183 1883 13550.
1207 1848 1298 1883 Unde
1315 1848 1471 1883 Damasus
1490 1847 1572 1893 Papa
1597 1855 1625 1881 et
1649 1847 1761 1881 caeteri
1777 1859 1840 1893 epi-

1086 1898 1173 1944 scopi
1212 1897 1331 1933 Romae
1365 1898 1569 1943 congregati,
1597 1896 1771 1931 scribentes
1802 1895 1839 1929 de

1087 1947 1221 1982 concilio
1248 1947 1440 1982 Ariminensi
1469 1946 1627 1993 episeopis
1656 1946 1685 1979 in
1715 1945 1839 1992 Illyrico

1087 1997 1279 2039 constitutis,
1303 1996 1531 2044 praeiudicium
1555 1994 1684 2041 aliquod
1709 2006 1840 2041 pernu-

1089 2059 1209 2081 merum
1234 2047 1455 2094 episcoporum
1479 2044 1613 2079 Arimini
1638 2051 1841 2090 congregato·

1089 2113 1156 2135 rum
1179 2100 1244 2135 fieri
1269 2113 1331 2135 non
1357 2100 1497 2147 potuisse
1521 2106 1685 2142 testantur,
1700 2096 1841 2144 quando-

1088 2154 1217 2202 quidem
1246 2162 1368 2189 constet
1401 2154 1535 2188 Roman.
1564 2152 1706 2196 Ponat,
1730 2151 1838 2196 cuius,

1088 2216 1159 2243 autc
1187 2209 1289 2243 omnia
1306 2236 1313 2249 ,
1341 2207 1465 2242 dicebat
1488 2207 1622 2254 spectari
1650 2206 1838 2249 decretum,

1090 2263 1203 2298 talibus
1226 2275 1286 2297 non
1312 2262 1491 2309 praebuisse
1513 2273 1726 2302 consensum,
1749 2273 1840 2295 enm-

1089 2316 1224 2364 demquc
1243 2316 1382 2351 Leonem
1404 2315 1601 2359 Pontificem,
1616 2315 1770 2350 universis
1787 2314 1841 2350 Si-

1089 2371 1177 2405 ciliae
1199 2371 1358 2418 episcopis
1380 2369 1584 2412 scribentem,
1599 2368 1681 2403 idem
1703 2368 1839 2403 voluisse

1089 2434 1230 2472 appareu
1242 2432 1542 2470 consueverantque
1554 2424 1754 2470 antiquorum
1770 2434 1840 2457 con·

1090 2479 1233 2513 ciliorum
1258 2486 1371 2525 patres,
1395 2489 1450 2524 pro
1474 2489 1597 2521 eorum,
1613 2489 1694 2523 quae
1718 2477 1747 2510 iu
1771 2476 1839 2512 suis

1089 2533 1232 2567 conciliis
1255 2539 1340 2578 gesta
1364 2531 1508 2572 suerunt,
1533 2531 1801 2574 corroboratione,
1823 2542 1839 2565 a

1089 2586 1345 2621 Rom.Pontilice
1361 2585 1626 2633 subscriptionem
1637 2584 1840 2632 approbatio-

1090 2652 1226 2688 nemque
1241 2640 1515 2688 luiniiliterpetere
1535 2648 1564 2675 et
1584 2639 1738 2684 obtinere,
1748 2646 1840 2687 prout

1841 259 1890 285 An.
1908 257 1937 285 C.
1957 258 2025 285 ¹5¹6
