2281 3251
105 305 157 332 An.
174 303 204 331 C.
222 303 289 330 1515

124 1008 265 1030 Protonotarii
275 1013 295 1027 a·

111 1039 208 1066 postotici
225 1042 244 1059 et
260 1038 294 1058 atti

111 1071 172 1092 Sedis
193 1069 295 1096 tpostoli-

111 1107 148 1122 cas
165 1101 265 1122 o'liciales
276 1107 296 1121 ι-

112 1136 147 1153 ctu
176 1132 296 1153 att-tientes

113 1163 203 1189 exempti
220 1165 267 1183 sunt
285 1168 297 1182 a

112 1194 251 1215 liirisdiction.
264 1198 297 1214 or—

113 1226 246 1247 dinariorum.

133 2306 253 2329 Familiares
263 2312 308 2328 car-

126 2339 221 2359 c'taatium
231 2340 278 2358 sunt
288 2342 309 2358 e-

127 2369 175 2390 nam
200 2370 307 2394 exempti,

127 2401 144 2421 st
167 2403 214 2420 netu
241 2400 308 2422 servi-

128 2433 164 2452 tuit
180 2431 214 2458 (t).

991 296 1052 320 LEO
1074 296 1096 319 X
1118 296 1167 320 Pt’.

303 355 518 404 quantocitius
531 354 687 389 destinare
701 360 870 401 procurent
880 352 963 398 apud
974 364 1056 387 eain-

303 408 374 441 dem
389 405 504 441 Sedem
519 417 573 452 per
598 403 778 439 Romanum
804 402 989 438 Pontificem
1008 401 1054 436 vel

302 456 418 500 alium,
441 455 490 490 cui
520 454 643 488 duxerit
670 453 955 494 committendum,
983 451 1057 486 dili-

304 514 414 552 genter
435 503 692 542 examinandum,
707 511 736 536 et
751 503 790 536 ita
814 501 988 549 culpabiles
1007 513 1056 535 re-

308 563 426 602 pertos,
448 553 531 599 quod
548 552 586 587 ad
601 551 900 587 condemnationem
920 551 967 585 vel
984 562 1057 597 pro-

306 612 375 652 pter
396 602 583 638 sufficientia
608 601 735 645 iudicia,
759 609 885 648 propter
912 613 992 648 qnae
1020 599 1056 633 ad

306 661 458 688 torturam
484 665 539 699 pro
562 652 688 686 veritate
711 649 906 697 exquirenda
931 649 1057 696 procedi

307 704 417 743 valeat,
433 702 469 737 ad
486 702 570 748 ipsos
585 701 856 735 dioecesanosseu
871 699 1058 741 ordinarios,

307 764 362 800 per
376 764 443 796 θος,
459 751 642 786 auctoritate
656 759 773 794 nostra,
790 750 819 783 in
837 761 930 783 cansa
955 748 1060 794 inqui-

306 802 429 837 sitionis
457 813 511 835 seu
534 799 746 834 accusationis
773 798 1060 844 ulteriuslegittme

309 851 556 898 procedendum,
572 858 601 883 et
616 861 741 883 eausam
764 849 874 895 ipsam,
898 854 989 893 prout
1012 847 1062 880 iu-

307 910 390 935 stum
414 899 519 943 fuerit,
543 898 786 941 terminandam,
823 896 1059 931 remittendum.

356 949 376 996 S
403 952 435 983 4.
459 948 577 984 Notarii
606 957 711 981 autem
729 946 830 981 dictae
853 945 957 984 Sedis,
981 958 1062 991 qno-

311 1012 379 1033 rum
402 998 554 1042 osticium,
569 998 596 1031 in
614 997 692 1041 ipsis
709 997 884 1043 primitivae
901 994 1062 1029 Ecclesiae

311 1048 418 1091 initiis,
432 1061 447 1082 a
459 1047 511 1082 fel.
533 1059 593 1081 rec.
613 1046 778 1081 Clemente
794 1045 875 1090 Papa
895 1043 921 1087 l,
936 1044 973 1078 ad
989 1057 1064 1077 san-

310 1107 431 1132 ctorum
455 1105 541 1144 gesta
566 1095 776 1143 perquirenda
799 1103 894 1141 atque
923 1093 1064 1128 conscii-

312 1147 412 1182 benda
426 1147 567 1180 noscitur
580 1146 770 1186 institutum,
783 1144 818 1177 ad
833 1144 1064 1190 protonotariu-

311 1205 362 1231 tus
386 1196 525 1230 officium
541 1195 710 1239 assumpti,
728 1192 870 1228 babitum
893 1201 922 1226 et
939 1192 1065 1226 rocbrt-

311 1254 377 1281 tum
393 1245 581 1289 deserentes,
594 1244 682 1278 etalii
702 1242 798 1277 nostri
813 1250 841 1276 et
858 1242 957 1276 dictae¹
972 1241 1066 1276 Sedis

312 1295 461 1330 officiales
488 1303 556 1329 actu
579 1305 633 1327 sua
657 1291 758 1326 officia
781 1299 975 1335 exercentes,
1002 1298 1064 1325 tam

313 1345 343 1379 in
355 1343 513 1387 civilibus,
527 1355 621 1390 quam
641 1342 669 1375 in
685 1340 914 1384 criminalibus,
930 1339 967 1374 ab
979 1340 1065 1374 omni

312 1393 542 1429 ordinariorum
554 1391 838 1426 iurisdictionesint
848 1390 995 1436 exempti.
1006 1389 1065 1424 Alii

312 1455 385 1478 vero
408 1442 517 1477 notarii
547 1441 689 1475 habitum
715 1439 981 1487 protonotariatus
1003 1451 1065 1473 non

313 1491 502 1535 deferentes,
526 1491 585 1526 uisi
615 1489 703 1524 illum
721 1489 799 1524 infra
823 1490 978 1523 trimestre
998 1497 1067 1535 post

315 1543 528 1589 praesentium
558 1539 803 1587 publicationem
826 1539 1067 1584 assumpserint,

314 1592 465 1638 etipsiac
487 1590 538 1624 alii
562 1591 591 1624 in
616 1598 777 1636 posterum
801 1587 1069 1627 assumentli,ha-

314 1641 413 1675 bitum
424 1649 452 1675 et
463 1640 638 1675 rochettum
652 1638 995 1673 huiusmodicontinne
1006 1649 1068 1671 non

313 1698 484 1737 gestantes,
506 1698 599 1737 atque
621 1689 673 1723 alii
697 1687 794 1722 nostri
811 1687 959 1722 etdictae
975 1686 1070 1721 Sedis

314 1739 465 1775 officiales
486 1739 587 1774 officia
608 1750 663 1772 sua
686 1746 758 1773 actu
786 1750 848 1771 non
872 1744 1069 1777 exercentes,

314 1798 375 1824 tam
404 1790 435 1824 in
464 1788 698 1831 criminalibus,
727 1799 820 1834 quam
845 1787 875 1821 in
904 1786 1070 1826 civilibus,

316 1840 436 1874 ratione
464 1850 576 1873 causae
604 1849 760 1872 summam
784 1848 854 1871 xxv
882 1835 1070 1870 ducatorum

315 1888 382 1924 auri
401 1888 440 1922 de
457 1888 587 1923 Camera
614 1899 675 1921 non
696 1886 877 1921 excedentis
896 1885 1071 1925 dumtaxat,

316 1938 500 1973 eorumdem
517 1937 779 1972 dioecesanorum
796 1943 826 1969 et
839 1935 1070 1970 ordinariorum

317 1987 527 2022 iurisdictioni
556 1987 751 2021 subiaceant.
780 1984 815 2019 In
836 1984 985 2019 civilibus
1001 1996 1072 2018 vero

318 2036 422 2072 causis
449 2048 605 2071 summam
630 2034 813 2069 huiusmodi
837 2033 1073 2073 excedentibus,

319 2086 411 2134 plena
427 2085 586 2132 gaudeant
608 2085 822 2131 exemptione,
838 2092 870 2118 et
884 2096 899 2118 a
916 2083 1073 2118 dictorum

319 2140 579 2175 dioecesanorum
594 2147 624 2173 ct
638 2138 873 2173 ordinariorum
888 2136 1077 2171 iurisdictio-

320 2206 359 2228 ne
387 2193 513 2240 penitus
536 2192 601 2226 sint
628 2191 778 2238 exempti.

370 2246 436 2294 §5-
453 2247 590 2293 Dignum
602 2257 729 2293 quoquc
743 2253 773 2280 et
786 2244 879 2279 etiam
896 2255 1074 2290 congruum

321 2301 509 2336 arbitrantes
534 2300 619 2348 quod
635 2312 671 2334 ex
690 2299 725 2334 S.
748 2299 788 2334 R.
811 2298 847 2333 E.
871 2297 1075 2333 cardinalium

324 2354 587 2391 familiaribusilli
611 2354 771 2389 dumtaxat
794 2353 960 2399 privilegio
974 2364 1080 2386 exem-

324 2411 441 2458 ptionis
454 2410 623 2457 gaudeant,
636 2409 689 2457 qui
703 2416 772 2443 actu
787 2407 951 2442 domestici
967 2415 997 2441 et
1008 2418 1080 2441 con-

324 2465 404 2500 tinui
419 2475 493 2500 sunt
508 2462 750 2508 commensales,
767 2461 861 2497 velab
871 2461 991 2496 eisdem
1008 2473 1080 2495 car-

325 2519 483 2554 dinalibus
511 2519 550 2554 ad
579 2520 718 2566 ipsorum
743 2515 929 2564 exequenda
957 2515 1080 2562 negotia

326 2573 426 2618 missi,
462 2572 509 2608 vel
530 2573 584 2620 qui
609 2572 811 2607 recreationis
833 2582 926 2605 causa
945 2568 983 2604 ad
1000 2578 1081 2603 tem-

327 2640 386 2674 pus
399 2641 415 2664 a
433 2628 528 2664 Rom.
544 2627 640 2664 Curia
657 2626 803 2662 absentes
823 2624 952 2665 suerint;
970 2624 1083 2659 ceteris

362 2689 402 2728 (t)
422 2689 540 2727 Intellige
556 2690 630 2718 iuxta
647 2688 674 2717 d.
692 2687 793 2716 Concil.

1728 284 1798 318 619

1098 352 1282 392 vero,ctiam
1300 350 1515 386 familiaritatis
1529 350 1634 385 literas
1647 349 1849 394 habentibus,

1098 402 1268 448 quominus
1282 401 1469 436 correctioni
1485 400 1745 435 dioecesanorum
1762 409 1791 434 et
1803 413 1850 434 or-

1098 451 1292 486 dinariorum
1312 450 1496 485 eorumdem
1513 449 1708 493 subiaceant,
1722 449 1852 484 familia-

1100 501 1198 536 ritatis
1228 500 1408 536 huiusmodi
1444 499 1640 548 privilegium
1669 499 1851 534 nullatenus

1100 550 1301 596 suffragetur.

1149 600 1169 646 g
1186 602 1218 634 6.
1235 599 1273 634 Ει
1289 611 1360 633 cum
1377 598 1495 633 eisdem
1512 598 1720 641 dioecesanis,
1732 605 1765 632 ut
1781 609 1851 632 mo·
1881 608 2006 643 nio—eceman
2021 613 2052 628 ,ε-

1103 649 1236 683 nasteria
1265 648 1449 682 monialium
1472 648 1547 683 Sedi
1571 648 1774 694 Apostolicae
1798 647 1853 681 im-
1867 640 1937 691 22⁰2ss?
1948 640 2053 689 ,2233ssss

1103 699 1237 732 mediate
1251 697 1403 737 subiecta,
1413 698 1442 732 in
1454 710 1528 732 eoru
1536 711 1563 732 m
1574 698 1773 732 dioecesibus
1782 709 1854 731 con·
1868 702 1899 723 ¹⁵³
1914 701 2042 721 m⁰⁰i³²1uffl·

1102 747 1259 791 sistentia,
1286 748 1382 781 semel
1406 747 1435 781 in
1464 759 1547 782 anno
1571 747 1696 781 visitare
1722 747 1854 793 possint,

1105 809 1158 843 per
1186 797 1443 830 constitutionem
1473 797 1501 830 in
1527 796 1673 831 Concilio
1697 795 1853 830 Viennen.

1103 846 1324 892 editam,quae
1347 846 1455 891 incipit
1476 845 1855 892 Attendentes,plenal'ue-

1105 896 1144 929 rit
1156 895 1224 929 data
1241 894 1474 934 facultas,illam
1492 896 1734 938 innovamusac,
1746 906 1857 929 exem-

1106 944 1268 991 ptionibus
1284 954 1313 978 ct
1328 944 1501 991 privilegiis
1523 946 1778 991 quibuscumque
1794 955 1856 978 non

1105 993 1317 1034 obstantibus,
1340 993 1478 1028 districte
1502 995 1617 1029 servari
1646 994 1857 1040 praecipimus

1106 1051 1135 1077 et
1158 1042 1357 1077 mandamus.
1380 1042 1442 1077 Per
1466 1044 1635 1089 praemissa
1653 1055 1779 1090 quoqne
1800 1043 1859 1077 eis·

1106 1093 1177 1127 dem
1196 1092 1390 1126 dioecesanis
1405 1100 1434 1126 et
1450 1092 1628 1130 ordinariis.
1652 1093 1777 1127 casibus
1793 1092 1859 1138 qui·

1108 1142 1167 1176 bus
1182 1142 1211 1175 in
1228 1149 1392 1188 exemptos
1406 1153 1422 1175 a
1434 1141 1501 1176 iure
1517 1142 1695 1176 iurisdictio
1711 1153 1859 1176 concessa

1107 1199 1166 1235 est,
1189 1191 1369 1225 nullatenus
1393 1190 1618 1236 praeiudicium
1647 1199 1825 1238 generetur.

1156 1244 1172 1284 g
1190 1244 1221 1274 7.
1246 1239 1472 1284 Exemptiones
1494 1248 1597 1275 autem
1614 1240 1652 1275 de
1663 1249 1780 1284 cetero,
1795 1239 1860 1273 abs·
1877 1280 1881 1283 ¹
1911 1247 2060 1285 Effemqtiowvs

1108 1302 1169 1337 que
1192 1289 1368 1324 rationabili
1396 1301 1489 1324 causa
1515 1297 1545 1324 et
1573 1302 1709 1337 quorum
1734 1290 1859 1324 interest
1877 1277 2062 1329 ffa‘sslssffffffl'dm'

1109 1339 1239 1373 minime
1252 1339 1364 1379 citatis,
1375 1350 1430 1384 pro
1445 1347 1587 1386 tempore
1601 1338 1862 1379 concessas,nul-

1109 1388 1172 1423 lius
1187 1387 1309 1423 roboris
1324 1388 1370 1423 vel
1391 1389 1541 1423 momenti
1562 1401 1630 1424 esse
1649 1388 1862 1424 decernimus.

1158 1442 1174 1482 ἓ
1196 1439 1229 1472 8.
1258 1437 1298 1472 Et
1324 1449 1397 1472 cum
1425 1438 1658 1473 ecclesiasticus
1680 1438 1757 1473 ordo
1779 1449 1864 1472 con-
1892 1445 1970 1481 Causae
1987 1446 2007 1479 ³¹¹.
2025 1445 2064 1470 rri-

1110 1487 1273 1527 sundatur,
1297 1486 1322 1522 si
1342 1499 1398 1521 sua
1416 1487 1587 1534 unicuique
1610 1487 1785 1522 iurisdictio
1802 1499 1862 1521 non
1879 1478 2064 1528 ἳζζξᾚῗέίῖῑηῗὲζ

1110 1546 1264 1577 servetur,
1277 1536 1505 1571 ordinariorum
1527 1537 1733 1572 iurisdictioni
1751 1539 1863 1583 (quan-
1880 1541 1980 1565 ³¹¹⁰⁵2³¹¹³
1999 1543 2005 1557 ¹
2031 1539 2054 1555 ¹-

1112 1595 1176 1621 tum
1197 1598 1268 1620 cnm
1290 1585 1358 1620 Deo
1375 1590 1554 1633 possumus)
1570 1586 1685 1626 favere,
1708 1598 1744 1621 ac
1758 1585 1866 1620 litibus

1113 1637 1206 1671 [inem
1223 1636 1539 1682 celeriusimponi,et
1551 1636 1739 1682 litigantium
1757 1635 1867 1669 immo-

1112 1686 1228 1720 deratis
1255 1685 1438 1732 sumptibus
1460 1694 1492 1720 et
1513 1686 1661 1731 expensis
1684 1685 1766 1733 parci
1783 1694 1866 1719 sata-

1112 1744 1235 1782 gentes,
1254 1737 1423 1770 statuimus
1443 1743 1473 1770 et
1493 1735 1679 1770 ordinamus
1696 1734 1781 1783 quod
1795 1735 1868 1769 sin-

1112 1785 1205 1832 gulae
1231 1796 1355 1828 causae,
1370 1793 1432 1819 tam
1447 1785 1627 1832 spirituales
1649 1797 1743 1832 qnam
1760 1784 1867 1818 civiles

1113 1844 1143 1869 et
1157 1835 1284 1878 mixtae,
1298 1846 1335 1868 ac
1353 1833 1454 1869 sorum
1470 1834 1717 1869 ecclesiasticum
1734 1845 1870 1881 quomo·

1114 1884 1233 1918 ‹lolibet
1252 1892 1493 1924 concernentes,
1507 1893 1537 1919 et
1553 1882 1870 1927 l>eneliciales(dnm-

1116 1934 1210 1968 modo
1234 1933 1386 1967 beneficia
1414 1934 1479 1981 ipsa
1499 1934 1690 1980 generaliter
1714 1940 1868 1967 reservata

1116 1995 1177 2017 non
1202 1983 1330 2026 fuerint,
1345 1990 1376 2017 et
1394 1983 1534 2030 ipsorum
1550 1982 1748 2029 singulorum
1763 1981 1870 2016 bene-

1117 2033 1260 2067 ficiorum
1288 2032 1425 2073 fructus,
1460 2032 1601 2067 redditus
1631 2040 1661 2066 et
1700 2038 1871 2078 proventus

1117 2094 1202 2118 xxiv
1214 2082 1401 2116 ducatorum
1411 2083 1478 2116 auri
1492 2080 1869 2123 ‹lcCamera,secundum

1117 2143 1319 2166 communem
1350 2131 1616 2174 aestimationem,
1638 2129 1774 2164 valorem
1808 2141 1872 2163 an·-

1119 2194 1218 2216 nuum
1236 2192 1298 2215 non
1318 2181 1480 2224 excedant)
1496 2181 1526 2215 in
1544 2180 1642 2226 prima
1657 2180 1801 2213 instantia
1817 2191 1871 2212 ex-

1119 2238 1163 2265 tra
1179 2230 1356 2265 Romanam
1373 2230 1501 2265 Curiam
1515 2238 1545 2264 et
1565 2230 1595 2263 in
1611 2228 1751 2276 partibus
1766 2240 1871 2262 coram

1119 2280 1287 2315 ordinariis
1311 2279 1451 2314 locorum
1479 2279 1641 2313 dumtaxat
1669 2278 1815 2323 cognosci
1844 2285 1874 2311 et

1120 2330 1300 2369 terminari3
1324 2329 1362 2364 ita
1383 2328 1467 2376 qnod
1489 2329 1564 2362 nulli
1588 2336 1658 2362 ante
1678 2327 1870 2362 definitivam

1120 2380 1309 2415 sententiam
1324 2379 1414 2413 liceat
1436 2378 1604 2425 appellare,
1619 2389 1676 2412 nec
1690 2377 1871 2424 appellatio,

1121 2430 1146 2464 si
1163 2428 1255 2464 suerit
1278 2429 1405 2471 emissa,
1426 2428 1582 2461 ullatenus
1600 2426 1734 2469 admitti,
1758 2426 1816 2459 nisi
1835 2425 1873 2458 ab

1123 2479 1369 2519 interlocutoria,
1384 2490 1463 2524 quae
1478 2477 1539 2510 vim
1555 2476 1666 2511 babeat
1684 2475 1873 2513 definitivae,

1125 2530 1170 2564 vel
1192 2541 1208 2563 a
1232 2527 1412 2574 gravamine
1435 2527 1566 2560 minime
1589 2531 1798 2560 concernente
1814 2534 1875 2558 ne·

1123 2578 1244 2626 gotium
1275 2577 1458 2625 principale;
1485 2575 1570 2623 quod
1598 2574 1840 2622 appellationem
1857 2585 1872 2606 a

1160 2645 1199 2679 (l)
1216 2644 1348 2671 Consonat
1364 2641 1465 2669 Concil.
1483 2639 1568 2673 Trid.‚
1590 2646 1652 2668 sess
1674 2645 1753 2672 xxiv,
1771 2645 1794 2666 c.
1823 2637 1874 2672 20.

1125 2685 1161 2712 De
1178 2683 1296 2720 Reform.

1866 295 1916 321 An.
1935 295 1963 321 C.
1982 294 2047 321 t515
