2281 3251
259 234 306 259 An.
327 232 353 258 C.
376 232 439 258 ¹¹:57

506 220 575 253 538

1037 223 1220 247 numium!
1251 223 1410 245 ROMANTM

458 286 504 321 vel
540 285 631 321 etiam
660 284 773 318 nostris
796 291 848 317 aut
875 293 983 316 corum
1012 280 1202 325 consangui-
1246 290 1316 314 cum
1340 276 1433 312 simili
1454 276 1584 312 fratrum
1609 284 1787 311 nostrorum
1808 275 1942 310 consilio
1964 284 1992 310 et

458 336 536 374 neis.
563 347 618 370 seu
641 334 710 368 aliis
731 334 769 367 ita
791 332 882 375 caris,
907 339 938 364 nt
969 339 1054 364 taxac
1079 327 1203 374 praedi—

458 396 524 421 ctae
547 385 585 419 ab
609 384 668 418 illis
697 382 875 423 commode,
898 381 964 415 sine
987 379 1118 425 strepitu
1142 390 1203 413 non

457 435 592 471 decenti.
611 434 693 479 exigi
719 445 774 480 per
801 432 927 466 eosdem
946 428 1128 464 secretarios
1144 440 1203 463 non

460 493 609 533 possent:
641 485 686 517 sic
721 481 804 529 quod
841 494 877 515 ex
903 479 1069 528 praedictis
1095 478 1206 512 officiis

459 534 608 570 omnibns
631 534 702 573 iam,
732 541 761 566 nt
787 531 981 578 praedictum
1010 536 1068 572 est,
1097 528 1207 562 taxatis

460 588 489 620 in
504 585 672 631 quinterno
697 581 845 628 praefato,
861 592 921 614 non
945 579 1121 625 exigeretur
1140 577 1206 612 sin-

459 635 540 681 gulis
553 633 643 668 annis
665 632 702 667 ad
720 631 824 666 minus
840 641 962 665 summa
985 636 1055 663 octo
1075 627 1206 662 millium

460 686 644 719 ducatorum
667 681 747 721 auri,
766 689 817 715 aut
839 680 915 714 alias
942 692 979 714 ex
999 678 1078 713 facto
1101 685 1208 712 nostro

462 734 506 769 rel
523 733 614 768 Rom.
632 730 796 766 pontilicis
809 742 864 777 pro
880 738 1020 777 tempore
1035 727 1209 771 existentis,

462 796 501 819 ex
539 781 670 829 reliquis
697 779 845 816 omnibus
877 778 1099 815 emolumentis
1135 777 1210 825 ipsis

461 832 636 869 secretariis
651 844 687 866 ex
705 830 917 879 praesentium
930 829 1088 864 literarum
1104 835 1210 862 tcnorc

462 882 638 929 assignatis,
653 881 683 916 ιιι
701 889 765 916 toto
778 879 824 914 iel
841 880 870 914 in
889 888 984 926 parte,
997 877 1113 925 aliquid
1128 877 1210 912 dicto

463 932 565 968 officio
587 930 826 966 subtraheretur
849 930 895 964 vel
924 929 1131 966 minueretur:
1159 936 1210 961 aut

463 982 599 1017 officium
624 982 727 1028 ipsum
757 988 954 1015 revocaretur
989 991 1058 1021 sen,
1093 985 1211 1011 mutato

463 1031 557 1067 modo
571 1040 601 1066 et
615 1030 725 1065 ordine
744 1042 798 1077 per
814 1042 870 1064 nos
886 1030 915 1063 in
942 1027 1159 1076 praesentibus
1175 1027 1212 1061 li-

464 1082 538 1117 teris
552 1081 624 1116 dato
638 1089 668 1115 et
683 1081 836 1123 instituto,
851 1079 1045 1121 alteraretur,
1068 1079 1107 1112 ita
1127 1076 1210 1124 quod

464 1144 525 1166 non
550 1130 677 1165 baberet
706 1130 735 1164 in
760 1139 945 1177 perpetuum
969 1140 1041 1163 cum
1066 1127 1212 1161 omnibus

464 1180 653 1229 supradictis
675 1179 897 1215 emolumentis
916 1179 945 1212 in
975 1178 1141 1224 integrum,
1158 1189 1213 1224 per

465 1231 593 1266 modum
607 1239 634 1266 et
651 1229 793 1265 ordinem
805 1241 898 1276 supra
909 1240 1106 1275 expressum,
1123 1239 1212 1262 exer-

466 1282 542 1320 ceri,
566 1281 630 1327 regi
658 1289 687 1315 et
710 1279 898 1326 gubernari,
930 1291 986 1313 nos
1009 1286 1037 1313 et
1065 1276 1212 1312 cumdem

465 1342 680 1366 successorem
695 1339 725 1365 et
735 1328 900 1364 Cameram
913 1328 1123 1374 Apostolicam
1134 1326 1212 1361 bona

467 1381 527 1415 side
551 1381 647 1414 teneri
677 1388 706 1414 et
729 1378 897 1425 obligatam
917 1390 997 1421 esse,
1013 1378 1037 1412 si
1062 1377 1121 1412 erit
1137 1376 1212 1411 facta

466 1430 597 1477 simplex
612 1430 896 1464 emolumentorum
914 1428 1093 1467 diminutio,
1108 1425 1145 1460 ad
1157 1426 1216 1460 sol-

467 1480 603 1515 vendum
633 1487 663 1513 ct
689 1478 946 1513 satisfaciendum
971 1477 1047 1524 ipsis
1069 1477 1107 1510 de
1129 1476 1213 1510 omni

467 1541 601 1573 summa,
630 1541 724 1576 qnam
750 1537 913 1574 propterea
942 1527 1028 1574 ipsos
1051 1539 1086 1561 ex
1110 1525 1217 1560 huius-

469 1578 554 1614 modi
578 1579 681 1612 causis
707 1578 754 1613 vel
782 1577 859 1612 alias
886 1577 997 1624 quovis
1020 1576 1113 1611 modo
1136 1575 1214 1609 ami-

469 1630 569 1669 sisse,
597 1640 654 1662 seu
684 1629 714 1662 in
739 1637 899 1675 posterum
929 1626 1102 1662 amissuros
1130 1637 1215 1665 csse,

471 1678 577 1714 medio
601 1679 742 1726 ipsorum
767 1679 942 1712 iuramento
958 1677 1018 1720 (cni
1037 1676 1067 1711 in
1091 1688 1127 1711 eo
1144 1687 1215 1710 casu

469 1729 542 1764 stari
572 1736 602 1763 et
624 1727 709 1763 credi
738 1727 859 1771 debeat)
889 1726 1055 1762 constabit.
1088 1725 1122 1761 Si
1146 1737 1217 1760 vero

469 1779 527 1813 erit
549 1777 625 1813 sacta
648 1777 742 1812 officii
765 1777 920 1812 revocatio
941 1784 995 1810 aut
1017 1776 1167 1814 alteratio,
1187 1783 1217 1809 ut

471 1827 700 1876 praemittitur,
722 1826 759 1862 ad
777 1827 936 1861 restituen.
955 1826 982 1860 ei
1005 1825 1216 1872 supradictam

471 1880 622 1924 integram
638 1889 793 1912 summani
813 1876 971 1923 sexaginta
994 1875 1130 1910 duorum
1148 1874 1219 1908 mil-

470 1927 547 1962 lium
570 1935 601 1961 et
627 1926 930 1974 quadringentorum
951 1924 1135 1960 ducatorum
1153 1924 1217 1958 auri

471 1976 509 2011 de
531 1975 676 2021 Camera,
693 1988 747 2023 per
771 1976 866 2023 ipsos,
889 1983 921 2010 ut
937 1975 1144 2022 praemissum
1160 1982 1218 2017 est,

471 2025 646 2061 solutorum
661 2034 690 2060 et
704 2025 991 2065 numeratorum,in
1007 2024 1123 2072 quibus
1134 2023 1219 2058 nullo

473 2080 566 2116 modo
579 2089 610 2116 et
625 2079 709 2115 nulla
725 2080 844 2114 ratione
868 2079 912 2113 rel
931 2090 1025 2113 causa
1043 2078 1218 2125 computari

474 2136 593 2183 possint
604 2134 811 2174 autdebcant,
824 2134 855 2168 in
869 2133 990 2168 totorel
1005 2132 1107 2179 aliqua
1124 2140 1220 2179 parte,

472 2190 683 2225 emolumenta
706 2189 806 2236 ipsius
821 2188 927 2228 officii,
943 2200 1024 2235 quac
1044 2187 1123 2222 sorte
1147 2187 1223 2222 intc-

475 2245 532 2279 rim
549 2244 633 2291 ipsos
647 2243 828 2291 percepisse
837 2250 1013 2290 appareret,
1029 2253 1123 2288 quem
1138 2241 1221 2287 ipsos

474 2306 504 2334 et
522 2309 631 2333 eorum
647 2297 816 2345 quemlibet
833 2297 916 2332 iusto
929 2304 959 2332 et
976 2295 1114 2342 legitimo
1130 2295 1222 2330 titulo

474 2352 532 2388 sibi
548 2352 673 2388 interim
688 2352 851 2399 acquirere
865 2359 895 2387 et
909 2363 965 2387 sua
983 2350 1082 2386 facere
1111 2350 1220 2385 eadem

474 2408 659 2443 auctoritate
674 2415 703 2442 et
720 2407 881 2454 potestatis
896 2404 1223 2454 plenitudine,deccr—

476 2465 583 2499 nimus
597 2471 626 2498 et
641 2462 849 2498 declaramus.
874 2462 925 2497 Sic
948 2461 1030 2496 enim
1053 2473 1125 2495 cnm
1151 2461 1225 2507 ipsis

475 2518 653 2555 secretariis
679 2530 737 2552 nos
761 2518 790 2552 in
814 2525 942 2552 tractatu
969 2516 1111 2551 omnium
1140 2528 1225 2562 prae.-

475 2574 643 2609 niissorum
657 2572 852 2613 convenisse,
868 2580 897 2606 et
912 2572 957 2606 sic
973 2579 1063 2618 pacto
1076 2582 1225 2618 expresso

476 2628 521 2663 eis
545 2639 600 2676 pro
628 2638 661 2663 se
689 2627 766 2675 ipsis
793 2634 823 2662 et
845 2638 953 2663 eorum
975 2624 1226 2667 successorihus,

1246 340 1387 367 assensu,
1403 326 1497 362 fnisse
1518 326 1699 361 solemniter
1718 325 1871 373 pollicitos
1888 326 1917 359 in
1935 324 1994 361 fide

1249 377 1410 413 pontilicis
1434 377 1689 423 recognoscimus
1711 384 1740 411 et
1755 383 1950 411 attestamur.

1295 428 1316 475 g
1343 429 1399 461 24.
1418 426 1567 461 Volentes
1582 435 1744 474 propterea
1764 434 1793 460 et
1815 425 1995 461 earumdem

1249 477 1459 526 praesentium
1480 486 1587 511 tenore
1603 476 1788 511 mandantes
1801 475 1917 511 dilecto
1935 476 1998 511 lilio

1251 535 1356 562 nostro
1369 526 1535 574 Rapliaeli,
1549 525 1583 561 S.
1602 525 1729 573 Georgii
1746 525 1784 561 ad
1800 525 1912 561 Velum
1933 526 2000 561 Au-

1251 589 1338 612 reum
1356 576 1489 612 diacono
1504 575 1666 617 cardinali,
1687 576 1859 611 camerario
1882 583 2000 620 nostro,

1251 636 1280 662 et
1308 627 1376 662 eius
1402 626 1577 661 successori
1611 637 1667 673 pro
1691 633 1855 673 tempore,
1879 638 2000 661 necnon

1253 675 1503 724 praesidentibus
1525 683 1554 710 et
1576 675 1700 710 clericis
1727 675 1828 711 dictae
1847 676 2001 711 Gamerae

1252 726 1452 773 Apostolicae
1466 734 1495 760 et
1511 724 1660 760 omnibus
1673 724 1744 760 aliis
1766 725 1803 760 ad
1827 738 1906 773 quos
1920 738 2002 773 qno-

1253 776 1424 811 modolibet
1451 774 1606 823 spectabit
1630 786 1684 821 pro
1712 783 1865 822 tempore,
1889 784 1920 809 ut
1943 776 2003 810 liu—

1254 826 1390 862 iusmodi
1406 837 1460 873 per
1476 837 1533 860 nos
1549 824 1659 860 saetam
1673 823 1895 871 obligationem
1915 837 2004 860 reco—

1252 883 1441 924 gnoscentes
1455 884 1484 910 et
1498 882 1679 923 sequentes,
1693 873 1804 910 faciant
1823 874 1940 910 eisdem
1952 887 2004 910 se-

1253 926 1404 970 cretariis,
1430 937 1527 972 super
1547 924 1726 973 praemissis
1741 932 1771 960 et
1788 936 1896 959 eorum
1914 924 2003 972 plena

1254 985 1283 1012 et
1307 975 1477 1011 inviolabili
1508 975 1537 1009 in
1561 982 1748 1021 perpetuum
1771 974 2001 1019 observatione,

1255 1027 1500 1062 instrumentum
1523 1023 1724 1071 obligationis
1743 1023 1898 1059 bonorum
1917 1024 2004 1059 eius-

1254 1076 1326 1111 dem
1341 1075 1503 1111 Romanae
1518 1074 1680 1109 Ecclesiae
1702 1081 1732 1109 et
1750 1072 1902 1110 Gamerae
1917 1074 2006 1122 Apo-

1255 1126 1385 1161 stolicae
1400 1124 1628 1173 quodcumque
1649 1123 1687 1159 ad
1711 1136 1838 1159 omnem
1863 1124 2003 1171 ipsorum

1256 1176 1515 1224 requisitionenu
1531 1183 1560 1209 ct
1576 1175 1606 1208 in
1627 1182 1774 1209 eventum
1792 1174 1984 1221 praedictum
1996 1203 2005 1218 ,

1255 1227 1372 1273 absque
1402 1225 1505 1272 aliqua
1532 1224 1660 1259 alterius
1695 1223 1916 1259 declarationis
1947 1236 2002 1258 seu

1257 1275 1391 1311 mandati
1409 1275 1639 1322 expectatione,
1655 1273 1792 1308 debitam
1809 1282 1837 1309 et
1854 1276 2004 1320 integram

1257 1326 1369 1361 faciant
1383 1324 1640 1360 satisfactionem.
1652 1323 1867 1359 Decerncntes
1875 1335 1913 1359 ex
1923 1336 2006 1358 nunc

1256 1374 1408 1423 quicquid
1442 1386 1497 1422 per
1525 1373 1734 1409 camerarium
1762 1381 1792 1409 et
1813 1373 1890 1409 alios
1923 1385 2008 1421 prae-

1257 1427 1358 1462 dictos
1373 1425 1416 1460 sic
1431 1433 1534 1460 actum
1549 1431 1580 1459 et
1593 1431 1719 1470 gestum
1736 1422 1841 1463 fuerit,
1856 1431 2008 1471 perpetuo

1259 1484 1361 1511 ratum
1385 1482 1415 1510 et
1442 1474 1569 1509 lirnium
1584 1486 1655 1509 esse
1675 1472 1801 1508 debere.
1821 1472 2009 1508 praemissis

1258 1543 1293 1565 ac
1315 1527 1594 1566 constitutionibus
1616 1535 1646 1563 et
1667 1527 1921 1563 ordinationibus
1935 1539 2008 1576 apo<

1259 1584 1388 1629 stolicis,
1399 1595 1434 1619 ac
1450 1583 1566 1630 regulis
1578 1581 1792 1618 Cancellariae
1807 1581 2010 1630 Apostolicae

1258 1651 1355 1687 super
1376 1637 1642 1685 resignationibus
1664 1636 1840 1672 officiorum
1863 1635 1941 1672 infra
1969 1636 2010 1671 ιι-

1259 1693 1336 1740 ginti
1364 1692 1432 1728 dies
1454 1700 1525 1727 ante
1548 1691 1670 1727 obitum
1695 1690 1794 1732 factis,
1813 1690 1907 1726 etiam
1930 1690 1954 1725 si
1971 1690 2010 1725 de

1259 1748 1304 1782 eis
1339 1758 1515 1794 eorumque
1550 1746 1623 1781 totis
1655 1743 1817 1780 tenoribus
1853 1744 1941 1792 plena
1982 1753 2012 1780 et

1260 1813 1405 1849 expressa
1441 1813 1476 1835 ac
1503 1800 1542 1835 de
1579 1799 1674 1834 verbo
1699 1797 1737 1833 ad
1766 1798 1895 1833 verbum
1913 1826 1921 1839 ,
1950 1811 2010 1834 nou

1260 1863 1364 1890 autem
1390 1866 1446 1902 per
1472 1853 1635 1901 generales
1665 1860 1719 1887 aut
1741 1851 1817 1887 alias
1835 1863 1942 1887 eorum
1960 1852 2013 1887 de-

1263 1909 1453 1957 rogationem
1482 1910 1688 1956 importantes
1711 1906 1890 1951 clausulas,
1916 1919 2012 1942 men-

1262 1964 1304 1998 tio
1331 1962 1473 1998 habenda
1496 1970 1589 2003 esset,
1612 1961 1801 2008 ceterisque,
1821 1972 1902 2009 quae
1922 1973 2013 2008 prae-

1262 2017 1397 2053 sentium
1423 2017 1533 2057 tenori,
1559 2017 1588 2051 in
1621 2024 1719 2051 totum
1742 2014 1788 2050 rel
1821 2016 1851 2050 in
1875 2023 2011 2063 partem,

1263 2072 1401 2116 obviare,
1425 2084 1479 2108 sen
1503 2084 1567 2120 quo
1581 2071 1688 2107 minus
1703 2083 1796 2106 snum
1819 2071 1921 2106 sortiri
1939 2083 2011 2118 pos-

1264 2128 1327 2163 sint
1342 2127 1488 2163 ell‘ectnm
1511 2127 1725 2163 contradicere
1738 2135 1791 2162 aut
1810 2127 1923 2163 morari
1939 2139 2013 2174 pos-

1264 2183 1349 2227 sint,
1377 2194 1438 2217 non
1462 2182 1660 2218 obstantibus
1688 2182 1852 2218 contrariis
1880 2181 2015 2230 quibus-

1265 2250 1413 2285 cumque.

1314 2292 1397 2327 Nulli
1426 2304 1499 2339 ergo
1521 2300 1574 2326 etc.

1315 2347 1348 2381 Si
1371 2347 1443 2395 quis
1465 2354 1570 2382 autem
1598 2355 1650 2382 etc.

1315 2403 1429 2438 Datum
1454 2401 1572 2438 Romae
1594 2402 1675 2450 apnd
1697 2402 1849 2437 Sanctum
1872 2401 2014 2444 Petrum,

1266 2471 1349 2494 anno
1382 2458 1608 2495 iucarnationis
1646 2457 1820 2493 dominicae
1849 2456 2016 2492 millesimo

1268 2513 1578 2563 quadringentesimo
1612 2512 1824 2559 octuagesimo
1858 2512 2015 2559 septimo,

1269 2569 1367 2617 pridie
1390 2568 1539 2604 kalendas
1561 2567 1705 2612 ianuarii,
1732 2565 1932 2614 pontificatus
1959 2577 2017 2601 no-

1269 2624 1322 2659 stri
1346 2636 1428 2659 anno
1449 2632 1570 2672 quarto.

2012 221 2060 246 Αιι,
2079 219 2107 245 C.
2132 220 2195 246 tti87

2023 439 2154 459 Lumen-110⁵
2164 439 2202 459 hu-

2012 476 2043 489 ius
2066 470 2107 489 l=ull
2116 475 2133 490 ,ε
2160 471 2208 490 ἀμ-

2017 506 2082 528 putat.

2037 1537 2152 1558 Contrariis
2168 1537 2208 1557 ‹le-

2025 1572 2093 1594 rogat.
