2281 3251
257 254 305 282 ΔΩ.
323 255 351 282 C.
373 257 440 284 ¹5¹5

264 1219 306 1241 Pro
316 1217 390 1240 Ordtn.
403 1223 437 1239 ιιι-

252 1250 302 1271 xilio
318 1250 376 1278 quta.
387 1255 437 1276 prn-

253 1281 329 1303 dnntn
351 1281 391 1301 vti-i
415 1281 436 1300 tn

252 1311 306 1333 loct·
321 1311 436 1332 obrenm-

253 1345 295 1366 ttne
310 1349 348 1371 per
363 1343 436 1364 decem

253 1381 320 1397 ιιιιιοι
347 1378 437 1395 tenean-

253 1410 294 1431 tur,
312 1406 386 1434 quibus
401 1406 435 1426 in-

253 1437 363 1464 dutfleutia
371 1435 437 1464 dupli-

252 1473 333 1492 untur.

272 2404 327 2426 Lon
340 2403 432 2426 ordini·

250 2440 303 2463 quae
320 2438 434 2457 tunnen-

251 2468 301 2490 dunt
333 2471 432 2488 turum-m

250 2501 345 2520 teneant.
357 2497 431 2519 floren.

250 2529 329 2551 debant
343 2533 433 2557 praeee-

250 2563 323 2588 ptoru
352 2561 433 2582 condu-

251 2597 301 2614 ure
314 2595 337 2614 ιι
350 2595 431 2614 tenero.

504 248 575 282 562

454 315 654 362 cipalioribus
675 327 769 363 quam
792 315 943 357 annexis
965 325 1124 353 amovere,
1151 321 1205 348 aut

455 365 514 400 illis
540 366 670 400 omnino
696 363 850 403 cedendo
880 371 933 398 aut
963 362 1030 397 illas
1054 374 1108 408 per
1134 374 1204 397 sae-

454 415 576 450 culares
601 414 798 461 presbyteros
825 411 1012 447 exercendo
1045 411 1117 453 Quo
1140 419 1204 447 ter-

455 465 541 499 mino
564 471 728 500 transacto.
747 462 828 506 illos,
847 461 962 509 quibus
982 461 1041 496 lioc
1063 473 1145 496 onus
1161 462 1205 496 in-

454 513 584 557 cumbit,
606 514 630 547 si
655 512 884 547 ordinationem
909 511 988 545 lianc
1011 523 1072 545 nou
1097 510 1206 558 imple-

455 563 566 606 verint,
588 563 802 609 gravissimam
827 560 1058 596 inobedientiae
1080 561 1203 608 culpam

455 613 624 648 incurrisse
657 619 862 652 censeantur,
893 622 928 645 ac
955 609 1072 654 locum,
1094 622 1110 645 a
1141 623 1204 657 quo

452 674 524 697 cura
553 662 728 696 animarum
752 669 855 696 amota
877 672 938 695 non
957 659 1064 703 fuerit,
1087 659 1204 695 debere

453 721 482 745 et
510 723 613 759 posse,
636 710 814 746 secundum
836 710 994 757 generalis
1018 719 1048 744 et
1075 710 1202 756 capituli

453 761 558 796 Eremi
583 760 839 808 dispositionem,
865 760 905 795 ab
926 772 975 800 eo,
1002 759 1051 794 cui
1081 760 1203 795 unitum

453 819 529 851 erat,
557 811 709 857 separari,
735 819 765 845 et
785 810 835 844 alii
869 810 951 844 uniri
978 809 1135 844 volumus.
1159 810 1205 844 Ac

452 859 512 895 sub
533 860 635 895 dictae
656 859 750 895 Sedis
777 859 976 907 beneplacito
1000 859 1145 906 volumus
1173 867 1205 893 ut

454 909 542 956 plebs
564 918 594 944 et
618 910 737 956 populi,
759 921 896 958 quorum
919 921 1024 944 curam
1060 908 1126 943 loca
1150 922 1205 944 no-

452 960 507 994 stri
534 959 665 995 Ordinis
687 960 803 995 babere
823 966 1052 995 consueverant
1087 971 1206 994 secun·-

452 1010 527 1044 dum
568 1009 808 1056 dispositionem
841 1008 1026 1044 eorumdem
1064 1009 1203 1043 locorum

454 1058 676 1106 praelatorum,
691 1068 855 1094 contentae
868 1059 930 1094 sint
952 1071 968 1093 a
990 1058 1206 1093 saecularibus

453 1107 646 1156 presbyteris
667 1110 770 1144 curari
793 1121 830 1144 ac
856 1108 1037 1156 gubernari.

501 1159 522 1206 S
545 1160 626 1194 409.
649 1158 744 1203 ltem,
763 1160 911 1206 quoniam
927 1157 1015 1192 multi
1033 1158 1130 1193 nostri
1147 1157 1206 1193 Or-

451 1207 535 1243 dinis
563 1208 775 1255 probatissimi
791 1209 859 1253 viri,
872 1208 1011 1254 proxime
1029 1208 1206 1253 praeteritis

452 1258 554 1296 annis,
569 1258 627 1292 vita
651 1258 748 1293 functi
772 1266 856 1298 sunt,
879 1266 1049 1304 nosterque
1073 1266 1205 1303 propte-

452 1319 501 1342 rea
518 1306 606 1342 Ordo
619 1308 726 1356 aliquo
749 1308 891 1354 indigere
912 1307 1028 1341 auxilio
1052 1306 1204 1352 videatur,

451 1356 512 1392 sub
533 1356 628 1392 Sedis
653 1357 856 1403 Apostolieae
884 1356 1095 1403 beneplacito,
1112 1358 1205 1391 volu-

452 1419 523 1441 mus
552 1415 584 1441 ut
608 1419 662 1453 per
675 1407 784 1442 decem
800 1419 900 1442 annos
917 1407 1059 1453 proxime
1081 1406 1205 1441 futuros

452 1455 583 1502 possint,
611 1456 752 1504 quolibet
778 1468 880 1500 anno,
902 1457 1042 1502 quinque
1076 1456 1205 1491 alterius

451 1506 681 1553 cuiuscumque
702 1505 890 1551 Religionis,
905 1505 999 1540 etiam
1018 1505 1204 1540 Mendican-

450 1555 527 1590 tium
551 1563 645 1603 atque
671 1554 939 1599 Cartusiensium,
967 1567 1048 1602 quos
1075 1555 1203 1603 capituli

451 1605 548 1640 nostri
572 1605 754 1640 definitores
782 1605 933 1652 clegerint
949 1632 958 1649 ,
980 1603 1121 1639 habitum
1146 1617 1204 1640 no-

450 1663 532 1690 strae
555 1654 730 1701 Religionis
750 1655 780 1689 in
803 1655 1061 1703 quibuscumque
1088 1654 1203 1690 obser-—

450 1705 571 1739 varitiae
606 1705 684 1740 loeis
711 1705 861 1752 recipere.
895 1704 952 1739 His
978 1716 1066 1748 vero,
1087 1705 1132 1740 sie
1165 1705 1202 1740 ad

451 1763 593 1790 nostrum
616 1753 769 1789 Ordinem
792 1754 1016 1789 accedentibus
1033 1762 1063 1788 et
1081 1753 1203 1789 Camal-

450 1804 630 1839 dulensium
659 1803 855 1850 Religionem
885 1803 1122 1851 profitentibus,
1146 1817 1202 1839 cu-

451 1855 568 1899 pimus,
603 1854 641 1889 de
669 1853 859 1900 apostolicae
884 1854 1085 1899 benignitatis
1108 1854 1202 1901 largi-

450 1912 523 1942 tate.
547 1905 656 1938 merita
680 1903 820 1937 laborum
837 1902 1012 1948 Religionis
1034 1902 1201 1948 duplicari,

449 1953 618 1999 plenariam
641 1954 785 1987 omnium
816 1961 1014 1999 peecatorum
1032 1952 1202 1999 indulgen-

449 2003 523 2037 tiam
547 2003 688 2043 concedi,
713 2003 780 2037 illas
802 2003 932 2048 insuper
955 2001 1080 2037 casdem
1102 2003 1203 2037 indul-

448 2053 570 2099 gentias
592 2052 701 2087 eadem
727 2052 916 2096 benignitate
945 2053 1094 2099 consequi
1111 2064 1201 2097 opta-

449 2119 532 2152 mus,
556 2119 646 2155 quas,
675 2115 782 2142 sancta
798 2106 997 2141 Hierusalem
1024 2105 1102 2148 loca,
1126 2107 1200 2143 Bea-

447 2169 551 2197 torum
576 2161 799 2208 Apostolorum
819 2161 848 2195 in
864 2161 949 2196 Urbe
971 2161 1088 2200 limina,
1111 2169 1140 2196 et
1164 2162 1198 2197 S.

448 2215 551 2252 lacobi
575 2217 604 2252 in
621 2215 736 2251 Galitia
754 2215 921 2251 ecclesiam
946 2215 1111 2260 visitando,
1128 2228 1200 2251 con-

447 2279 669 2318 sequerentur.

496 2325 517 2374 g
542 2327 622 2361 tto.
648 2324 740 2369 Item,
755 2326 925 2360 statuimus
938 2324 1150 2360 etdefinimus
1167 2334 1198 2360 ut

447 2380 567 2428 singula
595 2380 692 2415 nostri
716 2380 846 2416 Ordinis
868 2380 948 2425 loca,
972 2379 1024 2415 ubi
1046 2381 1198 2416 coenobi-

447 2436 505 2471 tica
525 2436 718 2472 observantia
747 2435 936 2480 custoditur,
958 2436 1049 2471 cuius
1075 2435 1197 2471 fructus

447 2503 604 2527 summam
631 2500 850 2527 sexcentorum
887 2491 1078 2527 florenorum
1112 2499 1198 2525 tran-

448 2545 610 2591 scendant,
623 2545 756 2582 debeant
780 2555 997 2605 praeceptores
1018 2546 1197 2583 conducere

446 2613 482 2636 ac
505 2609 611 2637 tenere
626 2628 635 2646 ,
661 2600 715 2649 qui
745 2600 882 2636 iuniores
906 2613 1055 2636 monacos
1074 2600 1197 2648 linguas

447 2663 478 2691 et
498 2655 671 2703 doctrinas,
693 2655 829 2692 maxime
851 2664 1030 2692 sanctarum
1048 2654 1195 2704 Scriptu-

1045 256 1235 280 κυιιᾼιιιυι
1261 243 1424 280 nomnen

1246 325 1352 348 rarum
1376 312 1588 359 disciplinam,
1603 313 1751 357 doceant,
1769 314 1794 348 si
1806 324 1842 347 ea
1854 312 1921 348 loca
1935 321 2001 348 stu·

1246 361 1394 397 dentibus
1427 369 1497 408 apta
1532 370 1564 397 et
1596 362 1709 397 idonea
1736 374 1753 397 a
1779 361 2000 398 definitoribus

1247 410 1478 447 indicabuntur.
1501 411 1590 453 Quae
1604 420 1708 447 autem
1729 424 1791 447 non
1811 412 1840 446 id
1858 412 2000 457 fecerint,

1246 460 1421 496 seeundum
1456 461 1640 496 eorumdem
1674 461 1879 496 definitorum
1915 462 2002 497 arbi-

1247 511 1353 554 trium,
1368 510 1439 553 illis,
1455 522 1536 557 quac
1565 511 1708 551 fecerint,
1735 511 1851 559 aliquid
1878 512 2002 558 persol-

1249 573 1318 595 vere
1348 568 1525 604 teneantur,
1553 567 1583 595 et
1604 561 1790 606 gravissime
1812 562 1942 608 insuper
1962 561 2001 597 ab

1247 609 1366 645 eisdem
1391 609 1575 656 puniantur.

1295 659 1315 704 g
1344 662 1425 694 ttt.
1458 658 1548 699 Item,
1570 659 1738 694 statuimus
1763 668 1792 695 et
1815 660 2001 696 ordinamus

1247 709 1331 756 quod
1356 709 1461 744 nullae
1488 709 1649 754 mulieres,
1672 710 1860 745 monasteria
1876 718 1937 744 tam
1955 711 2000 745 vi-

1247 771 1352 794 iorum
1375 771 1468 806 quam
1492 758 1678 793 monialium
1693 758 1768 793 dieti
1786 757 1928 804 Ordinis,
1943 760 2001 795 sub

1249 821 1348 855 poena
1369 808 1849 854 excommunicationis,ingredi
1866 809 2001 854 possint,

1246 859 1314 893 sine
1341 870 1488 906 expressa
1519 857 1675 905 generalis
1705 858 1778 893 dicti
1806 857 1936 894 Ordinis
1957 858 2002 893 li-

1247 909 1361 943 centia.

1295 958 1316 1005 S
1350 961 1428 992 112.
1466 956 1555 998 ltem,
1578 956 1747 992 statuimus
1774 965 1805 993 et
1831 957 2002 994 definimus

1247 1007 1344 1054 quod,
1366 1019 1382 1042 a
1407 1007 1561 1054 praesenti
1582 1019 1666 1042 anno
1688 1007 1884 1055 incipiendo,
1902 1007 1999 1044 semel

1247 1057 1283 1091 ad
1309 1058 1412 1092 minus
1434 1057 1465 1092 in
1495 1069 1594 1101 anno,
1617 1057 1721 1092 omnia
1749 1057 1846 1092 nostri
1870 1057 2002 1094 Ordinis

1247 1107 1430 1142 monialium
1454 1107 1643 1142 monasteria
1673 1119 1728 1153 per
1747 1107 1922 1142 visitatores
1939 1107 2003 1143 Ob·

1247 1157 1439 1191 servantium
1463 1157 1640 1192 visitentur.
1669 1157 1696 1191 A
1723 1156 1810 1191 nullo
1833 1169 1905 1192 vero
1927 1157 2002 1200 alio,

1248 1207 1306 1241 nisi
1318 1219 1333 1240 a
1349 1205 1487 1252 generali
1505 1207 1624 1254 possint
1640 1206 2000 1247 visitari,sineomnium

1247 1256 1450 1291 definitorum
1475 1256 1611 1291 licentia.
1634 1255 1816 1291 Teneantur
1840 1269 1912 1292 vero
1933 1255 2002 1292 Ob-

1247 1307 1437 1341 servantium
1472 1305 1653 1341 definitores
1679 1313 1710 1341 et
1737 1306 1914 1341 visitatores
1946 1318 2003 1341 ea-

1247 1356 1318 1390 dem
1342 1356 1529 1391 monasteria
1553 1367 1663 1403 regere
1685 1363 1716 1390 et
1747 1355 1926 1411 gubernare
1941 1384 1949 1397 ,
1971 1364 2002 1391 et

1249 1406 1329 1439 inter
1341 1413 1475 1449 caetera,
1492 1405 1609 1440 nullam
1633 1405 1799 1440 monialem
1824 1418 1853 1440 ιιι
1870 1406 1917 1440 eis
1935 1417 2003 1452 per-

1248 1455 1372 1490 mittere
1392 1463 1426 1490 ut
1453 1455 1570 1502 proprii
1594 1454 1769 1510 quidquam
1798 1455 1920 1490 habeat.

1295 1509 1310 1548 g
1343 1507 1420 1539 115.
1461 1503 1501 1539 Ut
1528 1504 1709 1540 eremiticae
1737 1505 1817 1539 vitae
1841 1505 1923 1551 rigor
1946 1517 2002 1552 per

1246 1553 1494 1590 Coenobitarum
1511 1554 1694 1589 societatem
1704 1566 1766 1589 non
1782 1553 2001 1601 imminuatur,

1245 1605 1413 1640 statuimus
1440 1612 1471 1639 et
1493 1603 1663 1639 definimus
1691 1612 1723 1638 ut
1749 1603 1880 1640 Ordinis
1901 1617 2002 1651 gene·

1246 1654 1319 1690 ralis
1341 1662 1395 1689 aut
1417 1654 1504 1702 prior
1525 1653 1631 1689 Eremi
1668 1666 1729 1689 nou
1760 1654 1870 1701 possit,
1899 1666 2002 1702 neque

1245 1704 1382 1752 propria,
1410 1715 1514 1751 neque
1536 1703 1670 1739 alicuius
1704 1704 1833 1751 capituli
1861 1705 2001 1740 auctori-

1245 1761 1318 1793 tate,
1342 1753 1485 1801 antiquas
1501 1753 1606 1788 Eremi
1621 1754 1876 1798 constitutiones,
1890 1766 2002 1789 secun-

1244 1803 1319 1838 dnm
1331 1803 1590 1848 consuetudines,
1605 1815 1686 1851 qnae
1703 1804 1733 1838 in
1750 1804 1999 1850 praesentiarum

1245 1853 1463 1893 observantur,
1491 1853 1680 1896 moderatas,
1698 1853 1854 1898 relaxare,
1870 1861 1924 1888 aut
1946 1865 2002 1900 per

1246 1903 1395 1939 laxiorem
1424 1903 1546 1938 vivendi
1576 1904 1706 1938 modum
1730 1903 1909 1944 immutare,
1931 1904 2002 1938 sine

1245 1954 1340 1989 totius
1374 1953 1503 2000 capituli
1538 1952 1644 1987 Eremi
1677 1964 1861 1993 consensu;
1888 1961 1919 1988 et
1945 1953 1999 2001 qui

1245 2011 1305 2037 tam
1329 2003 1519 2038 laudabilem
1544 2002 1636 2037 vitam
1668 2003 1731 2037 ullo
1759 2002 1854 2038 modo
1881 2002 2000 2038 immu-

1245 2061 1309 2088 tare
1331 2053 1564 2095 attentaverint,
1579 2051 1635 2087 Dei
1660 2060 1691 2086 et
1712 2052 1811 2087 sancti
1837 2053 1934 2100 patris
1947 2064 1999 2088 no-

1242 2108 1296 2142 stri
1313 2107 1482 2143 Romualdi
1507 2107 1756 2154 indignationem
1780 2107 1920 2142 timeant.

1290 2162 1311 2207 S
1339 2164 1352 2196 <l
1368 2164 1419 2196 tlt.
1444 2161 1625 2209 Capitulum
1647 2171 1753 2197 autem
1776 2161 1882 2196 Eremi
1906 2171 1937 2198 et
1964 2163 1994 2197 in

1242 2217 1489 2263 praesentiarum
1511 2225 1542 2252 et
1568 2216 1679 2251 futuris
1708 2217 1903 2263 temporibus
1925 2228 1996 2254 esse

1241 2278 1272 2304 et
1298 2270 1429 2317 intelligi
1465 2271 1610 2306 volumus
1637 2270 1703 2316 ipse
1725 2269 1832 2305 Eremi
1856 2270 1942 2318 prior
1965 2279 1997 2307 et

1240 2336 1351 2360 omues
1373 2326 1449 2373 qui,
1478 2333 1546 2373 post
1587 2324 1813 2372 professionem
1842 2336 1932 2360 suam
1961 2325 1993 2360 iu

1240 2378 1360 2415 Ordine
1384 2389 1500 2424 nostro,
1522 2391 1576 2427 per
1597 2392 1649 2414 sex
1672 2379 1841 2414 continuos
1855 2391 1994 2425 menses,

1241 2435 1270 2469 in
1295 2435 1362 2482 ipsa
1385 2434 1604 2469 Eremovitam
1620 2433 1992 2479 duxerinteremiticam,

1239 2499 1268 2524 et
1291 2502 1305 2524 a
1330 2489 1459 2537 reliquis
1485 2489 1636 2524 Eremitis
1658 2488 1744 2535 digni
1779 2500 1889 2524 eorum
1915 2501 1992 2525 con-

1239 2545 1335 2580 sortio
1357 2544 1472 2580 fuerint
1494 2543 1633 2584 iudicati,
1656 2544 1720 2578 sive
1742 2543 1858 2579 fuerint
1880 2543 1911 2580 iu
1933 2555 1992 2580 sa-

1239 2599 1379 2634 cerdotio
1401 2598 1565 2634 constituti
1593 2598 1658 2633 sive
1682 2610 1754 2633 non.

1288 2658 1303 2697 ἓ
1327 2656 1406 2689 115.
1446 2653 1537 2700 Item,
1560 2653 1730 2690 definimus
1750 2660 1780 2690 et
1801 2653 1990 2699 statuimus,

2014 256 2064 283 An.
2081 255 2112 283 C.
2130 254 2199 283 1513

2022 676 2200 704 tagre-runata-

2016 715 2041 730 ει
2054 707 2140 730 omini·
2150 713 2200 734 pro-

2016 739 2100 761 hibetur
2115 738 2200 761 mulier.

2022 969 2149 992 visitatum
2158 969 2199 992 ob·

2017 1003 2145 1024 nervantium
2167 1003 2201 1023 vi-

2016 1034 2081 1054 titant
2113 1034 2201 1055 muniat.

2014 1066 2150 1087 monasteria.

2027 1518 2156 1542 tremitum
2165 1520 2188 1542 vt
2193 1530 2202 1536 ·

2015 1553 2050 1572 ιιο
2061 1551 2119 1578 rigor
2133 1556 2146 1572 ι
2153 1552 2199 1572 tote

2015 1581 2107 1610 capituto
2128 1579 2200 1604 Brea!

2015 1616 2095 1635 tantum
2106 1613 2198 1636 tumnu-

2014 1646 2033 1667 τι
2047 1647 2126 1673 pomi.

2021 2175 2142 2206 Capitulum
2149 2174 2205 2201 81¹0·

2010 2209 2038 2230 mi
2067 2213 2123 2238 qm
2147 2213 2200 2237 pot·

2010 2245 2077 2262 sonae
2090 2239 2186 2262 taetant-
