2281 3251
296 264 346 291 Au.
364 265 393 292 C.
413 267 480 294 Ηιᾱῦ

295 1271 412 1299 ‘ru-mqu-
428 1278 465 1298 pro

282 1303 365 1324 naturus
399 1305 466 1329 magi-

282 1338 372 1355 sstOfum
391 1339 411 1355 ΕΙ
427 1341 465 1354 ΕΣ-

282 1367 354 1392 pensis
376 1366 465 1386 studen-

281 1400 339 1422 tium,
356 1398 417 1417 modo
443 1401 464 1418 et

281 1429 347 1449 torma
359 1428 392 1449 hit·
404 1435 465 1455 prac-

280 1462 373 1487 scriptis,
386 1465 462 1486 exigat:

545 255 590 288 82

493 321 574 355 inter
588 333 621 355 se
635 320 822 359 habuerunt.
834 320 1102 359 deliberationem,
1113 332 1240 355 concor-

491 370 604 405 darunt
632 378 662 404 et
689 371 884 413 ordinarunt,
917 383 952 406 ac
981 371 1009 404 in
1035 371 1093 404 hoc
1120 369 1237 416 singuli

490 421 622 460 scilicet
645 430 696 455 aut
732 421 831 455 maior
866 433 936 467 pars
958 432 1066 454 eorum
1090 431 1238 466 expresse

489 478 736 509 consensimruut
765 470 905 504 videlicet
928 469 1010 517 quod
1039 481 1076 503 ex
1104 469 1238 515 singulis

488 519 616 555 Siciliae
632 528 661 553 et
683 498 847 554 Calabriae
869 528 898 553 et
919 519 1050 566 Apuliae
1074 519 1148 553 dicti
1172 518 1237 553 Or-

489 570 571 604 diuis
599 570 778 617 provinciis,
802 582 884 603 uuus
906 577 988 603 esset
1010 569 1151 603 eiusdem
1175 569 1237 602 Or-

488 620 570 653 dinis
593 620 741 658 visitator,
768 619 821 665 qui
859 620 888 652 iu
913 618 961 652 illa
997 630 1034 652 ex
1069 618 1237 665 provinciis

488 668 683 707 huiusmodi,
713 669 740 702 iu
769 680 829 714 qua
854 680 909 715 pro
933 677 1074 716 tempore
1101 669 1235 714 ‹leputa-

488 727 538 753 tus
567 719 669 757 fuerit,
692 730 764 751 rum
790 730 853 752 uuo
871 718 969 756 socio,
997 719 1090 752 cuius
1104 718 1236 752 consilio

488 769 517 803 in
548 768 695 803 omnibus
721 767 854 813 agendis
883 769 925 802 uti
953 767 1089 811 debeat,
1117 780 1235 802 mona-

486 819 578 852 steria
602 826 629 851 et
654 817 719 851 loca
737 818 908 863 praedicta,
925 825 986 851 tam
1005 818 1233 852 monachorum

485 880 578 914 quam
617 867 799 901 monialium
833 867 892 902 sub
926 868 1081 914 praedicta
1115 867 1233 913 Regula

485 918 678 964 degentium,
703 925 764 951 tam
789 918 934 964 incapite
963 929 1056 964 quam
1082 918 1111 951 in
1133 930 1235 951 mem-

485 967 560 1007 hris,
591 967 716 1001 visitare
746 975 775 1000 et
800 967 993 1011 reformare,
1016 980 1051 1002 ac
1083 979 1234 1013 personas

484 1017 600 1051 ibidem
621 1017 791 1063 corrigere,
812 1018 948 1064 aliaque,
963 1029 1043 1064 quae
1065 1017 1102 1051 ad
1122 1017 1233 1051 huius-

483 1067 567 1101 modi
599 1067 786 1102 visitationis
813 1075 843 1101 et
870 1067 1075 1102 correctionis
1097 1066 1231 1101 osticium

482 1117 520 1151 de
550 1118 615 1152 iure
656 1117 700 1150 vel
736 1117 967 1151 consuetudine
1003 1116 1232 1163 pertinebunt,

483 1167 585 1201 facere
608 1174 637 1200 et
660 1178 808 1201 exercere
845 1174 971 1213 possent
1004 1174 1034 1200 et
1067 1165 1230 1201 deberent.

530 1216 550 1264 S
573 1219 604 1251 3.
629 1216 788 1263 Quodque
812 1217 988 1251 visitatores
1010 1217 1084 1250 dicti
1100 1216 1232 1250 Ordinis

482 1278 538 1314 pro
560 1274 702 1313 tempure
724 1267 893 1301 existentes
924 1279 938 1299 a
962 1266 1102 1313 quolibet
1126 1266 1232 1300 dicta-

482 1329 549 1351 rum
598 1316 828 1363 provinciarum
868 1315 1000 1350 Ordinis
1049 1316 1229 1350 huiusmodi

481 1367 685 1408 monasterio,
720 1367 785 1400 sive
809 1367 889 1404 loco,
918 1367 999 1399 illam
1025 1367 1228 1411 pecuniarum

479 1428 635 1450 suminam
669 1416 733 1450 sive
759 1416 993 1463 quantitatem,
1029 1428 1110 1462 quae
1150 1416 1231 1450 iuter

479 1465 756 1507 archimandritas,
779 1465 909 1500 abbates
924 1474 953 1499 et
970 1477 1120 1511 personas
1139 1477 1230 1512 prae-

479 1515 578 1550 dictas
606 1516 635 1549 iu
664 1516 907 1562 congregatione
935 1515 1130 1554 huiusmodi,
1168 1523 1228 1549 tam

480 1577 536 1611 pro
570 1565 691 1599 salariis
738 1566 958 1611 magistrorum
1014 1577 1164 1599 monacos
1198 1575 1227 1600 et

480 1627 629 1662 personas
656 1615 732 1649 dicti
766 1614 896 1649 Ordinis
945 1615 1085 1662 aliosque
1124 1627 1229 1662 quos-

478 1677 615 1712 cumque
643 1665 757 1699 idioma
779 1664 972 1699 Graecorum
1005 1677 1060 1711 pro
1087 1673 1229 1711 tempore

479 1715 592 1749 docere
610 1714 792 1753 volentium„
815 1727 908 1762 quarn
928 1715 1074 1762 expensis
1096 1715 1228 1749 studen-

479 1765 556 1799 tium
586 1764 765 1799 huiusmodi
785 1764 943 1811 deputata,
965 1777 1019 1798 seu
1043 1765 1226 1811 consignata

478 1815 600 1849 extitit:
617 1822 646 1847 et
664 1826 744 1861 quae
759 1814 887 1861 quidem
904 1826 1025 1848 summa
1042 1815 1106 1850 sive
1120 1827 1226 1861 quan-

479 1864 548 1898 titas
572 1865 601 1898 in
625 1863 762 1907 Siciliae,
786 1865 866 1898 inter
888 1865 1075 1899 monasteria
1109 1873 1138 1898 et
1161 1864 1227 1898 Ec-

478 1913 588 1948 clesias
626 1913 802 1948 saeculares
838 1913 976 1948 Graecas
1016 1914 1053 1948 ad
1098 1924 1225 1949 centum

479 1964 586 1998 uncias
610 1972 753 1997 monetae
787 1964 943 1998 currentis
967 1964 1103 2007 ibidem,
1139 1973 1166 1997 et
1196 1965 1225 1998 in

477 2012 640 2048 Calabriae
662 2013 699 2047 ad
723 2013 894 2047 ducentum
923 2022 951 2047 et
974 2014 1226 2060 quinquaginta,

477 2063 507 2097 in
521 2063 652 2110 Apuliae
667 2075 739 2097 vero
751 2063 919 2110 provinciis
932 2064 1051 2097 eisdem
1067 2063 1103 2097 ad
1119 2072 1227 2098 octua—

475 2113 560 2158 ginta
599 2112 736 2147 ssot-enos
761 2114 825 2146 auri
853 2112 891 2146 ‹le
917 2111 1049 2147 Camera
1072 2113 1226 2157 ascendit,

475 2162 513 2197 ad
537 2174 614 2209 quas
638 2163 844 2210 quantitates,
866 2174 881 2196 a
905 2163 1098 2209 quibuslibet
1130 2163 1225 2197 dicto-

476 2224 544 2246 rum
570 2213 833 2247 monasteriorum
861 2221 891 2246 et
928 2212 1138 2247 Ecclesiariuu
1177 2225 1226 2248 re-

475 2262 616 2296 ctoribus
644 2262 877 2309 persolvendas,
900 2271 961 2297 tam
980 2262 1110 2297 abbates
1132 2275 1225 2310 quam

476 2312 761 2347 commendatarios
782 2323 1002 2360 quoscumque
1032 2320 1061 2346 et
1093 2313 1226 2359 quibus-

476 2373 612 2409 cumque
633 2363 716 2396 unita
741 2363 996 2402 motiasteria31u
1016 2361 1123 2396 Sicilia
1142 2375 1225 2406 vero,

475 2423 530 2447 eos
553 2411 750 2460 presbyteros
782 2412 983 2455 saecutares,
1011 2420 1146 2446 rectores
1169 2412 1226 2446 Ec-

476 2461 641 2497 clesiarum
673 2460 864 2497 Graecarum
894 2463 991 2496 teneri
1019 2471 1047 2495 et
1071 2461 1226 2508 obligatos

475 2524 544 2546 esse
586 2512 751 2546 voluerunt
784 2520 815 2547 et
849 2519 1049 2556 statuerunt,
1076 2512 1224 2558 exigere,

475 2561 623 2607 colligere
636 2570 666 2595 et
685 2562 786 2596 levare
802 2561 952 2605 valerent,
973 2569 1068 2608 atque
1085 2570 1224 2608 possent,

476 2611 660 2646 huiusmodi
699 2611 897 2646 concordatis
923 2620 953 2646 et
979 2611 1142 2655 ordinatis,
1172 2623 1226 2659 pei·

475 2661 616 2708 singulos
637 2669 691 2697 aut
714 2661 863 2697 maiorem
892 2669 1012 2709 partem
1026 2673 1148 2707 eorum,
1170 2661 1224 2709 qui

1076 265 1263 289 amnium!
1287 265 1450 288 ROMANUM

1282 320 1469 365 praemissae
1495 320 1751 367 congregationis
1772 328 1803 355 et
1822 320 1951 367 capituli
1975 332 2033 356 ce-

1281 370 1444 404 lebrationi
1481 370 1711 415 iuterfuerunt,
1742 371 1912 418 acceptatis
1938 380 2031 418 atque

1281 419 1422 454 laudatis.

1327 474 1342 511 ,ξ
1370 471 1402 503 4.
1424 469 1488 504 Nos
1511 469 1613 517 itaque
1636 470 1740 504 omnia
1755 479 1785 504 et
1803 470 1924 516 singula
1945 483 2028 517 prae-

1279 519 1396 563 missa,
1421 528 1451 553 et
1483 521 1614 566 quaevis
1643 519 1704 555 alia
1733 520 1813 554 inter
1848 520 2029 555 archiman-

1278 568 1386 612 dritas,
1409 568 1538 603 abbates
1560 578 1589 603 et
1618 582 1769 616 personas
1799 569 2002 616 praedictas
1996 583 2026 605 in

1278 618 1460 653 huiusmodi
1484 618 1642 653 celebrato
1669 619 1806 665 capitulo
1834 618 1975 654 ordinata
1998 628 2029 655 et

1277 668 1477 708 concordata
1502 668 1693 716 illorumque
1710 677 1836 704 tenores
1850 677 1882 703 et
1899 668 2029 705 effectus

1278 727 1340 753 rata
1369 717 1521 752 habentes
1543 727 1573 753 et
1608 727 1717 764 grata,
1752 718 1816 761 illa,
1843 719 2029 755 auctoritate

1276 768 1460 815 apostolica,
1474 767 1687 815 approbamus
1709 777 1739 802 et
1762 769 1936 815 praesentis
1956 781 2006 804 sci
2010 783 2030 803 ι-

1278 818 1320 864 pti
1346 819 1520 865 patrocinio
1542 818 1789 856 commuuimus
1811 830 1912 865 eaque
1942 819 2030 854 volu-

1277 880 1347 902 mus
1373 878 1402 902 et
1430 868 1618 902 mandamus
1657 867 1695 902 ab
1727 867 1878 902 omnibus
1899 876 1929 902 et
1956 869 2029 903 siu-

1275 918 1368 963 gulis.
1396 930 1530 964 quorum
1568 930 1624 964 pro
1658 926 1799 964 ternpore
1835 917 2028 963 interfuerit,

1276 968 1405 1002 tirmiter
1426 977 1456 1002 et
1485 967 1708 1001 inviolabiliter
1728 967 1899 1002 observari.

1321 1022 1337 1061 g
1361 1019 1392 1051 5.
1408 1017 1588 1052 Districtius
1601 1016 1781 1052 inhibentes
1793 1017 2027 1053 venerabilibus

1275 1066 1420 1102 frati-ibus
1443 1068 1559 1102 nostris
1580 1066 1838 1114 archiepiscopis,
1867 1067 2026 1114 episcopis

1273 1125 1304 1151 et
1332 1118 1487 1152 universis
1514 1125 1544 1151 et
1566 1116 1702 1163 siugulis
1729 1116 1952 1151 ecclesiasticis
1975 1117 2025 1151 di-

1272 1174 1391 1201 ctarum
1410 1167 1640 1214 provinciarum
1666 1166 1824 1213 praelatiS,
1846 1175 1875 1201 et
1897 1166 2026 1214 quibus-

1273 1216 1318 1250 vis
1339 1216 1420 1260 aliis,
1443 1217 1672 1263 cuiuscumque
1695 1216 1874 1261 dignitatis,
1895 1217 2024 1263 gradus,

1272 1265 1395 1302 ordinis
1418 1266 1463 1301 vel
1492 1267 1683 1301 conditionis
1712 1266 1841 1310 fuerint,
1873 1275 1904 1300 et
1933 1279 2025 1313 prae-

1272 1316 1362 1362 cipue
1389 1317 1504 1352 dilecto
1520 1316 1583 1351 lilio
1597 1316 1700 1350 Lucae
1723 1315 1847 1358 analo,
1871 1317 2024 1351 moderno

1271 1366 1304 1400 S.
1332 1366 1505 1401 Salvator-is
1528 1367 1556 1401 iu
1581 1366 1687 1412 lingua
1718 1365 1789 1400 Fari
1812 1365 2025 1401 Messanensis

1270 1416 1426 1451 dioecesis
1460 1417 1722 1451 archimandritae
1755 1416 1857 1459 (cuius
1877 1417 2025 1463 praeemi-

1271 1467 1420 1507 nentiaui,
1446 1479 1539 1514 quam
1563 1479 1656 1513 supra
1672 1477 1821 1501 monacos
1843 1474 1873 1500 ct
1896 1465 2024 1501 abbates

1270 1515 1396 1551 Siculos
1419 1516 1527 1556 habet,
1549 1528 1585 1551 ac
1607 1528 1714 1550 curam
1739 1517 1822 1559 eius,
1845 1515 1948 1563 quoad
1973 1517 2024 1549 vi·-

1271 1566 1360 1607 xcrit,
1373 1578 1410 1600 ex
1425 1574 1506 1600 certa
1523 1574 1626 1601 nostra
1636 1565 1766 1600 scientia
1783 1564 2024 1612 suspendimus,

1269 1623 1300 1649 et
1320 1628 1415 1663 quem
1441 1616 1627 1651 correctioni
1653 1617 1795 1663 ipsorum
1825 1615 2021 1650 visitatorum

1269 1664 1468 1706 subiicimus,
1491 1679 1526 1700 ac
1553 1665 1592 1700 ab
1616 1665 1676 1699 illis
1702 1665 1816 1711 corrigi
1854 1674 1883 1699 et
1916 1666 2021 1712 puniri

1269 1714 1385 1750 debere
1424 1724 1517 1763 atque
1546 1727 1636 1762 posse
1663 1715 1894 1759 decernimus),
1915 1714 2022 1749 archi-

1268 1765 1426 1812 episcopis
1450 1777 1523 1800 vero
1550 1773 1581 1800 et
1603 1765 1774 1812 episcopis,
1802 1765 2021 1812 suspensionis

1268 1815 1307 1848 ah
1335 1816 1479 1861 ingressu
1516 1815 1675 1850 Ecclesiae
1709 1827 1834 1861 poena,
1872 1826 1929 1849 nec
1957 1826 2019 1849 uon

1269 1865 1430 1912 praedicto
1460 1864 1564 1900 Lucae
1598 1873 1627 1899 et
1662 1864 1731 1899 aliis
1766 1863 2021 1899 archimandritis

1268 1923 1296 1948 et
1324 1915 1458 1949 caeteris
1481 1915 1683 1962 supradictis,
1715 1914 1775 1949 sub
1807 1914 2021 1949 excommuni-

1268 1966 1400 1999 cattonis
1415 1965 1582 2006 sententia,
1596 1977 1691 2012 quam
1709 1976 1745 1999 eo
1763 1965 1832 2010 ipso
1848 1963 2020 2007 incurrant,

1268 2022 1296 2048 et
1319 2026 1333 2048 a
1357 2027 1416 2062 qua
1439 2014 1568 2062 quidem
1595 2014 1748 2050 sententia
1781 2013 1821 2049 ab
1842 2014 1904 2049 alio
1925 2025 2018 2061 quam

1268 2077 1283 2098 a
1306 2063 1450 2099 Romano
1477 2064 1630 2100 pontifice
1653 2063 1769 2099 absolvi
1795 2075 1856 2098 non
1881 2063 2020 2111 possint,

1268 2126 1302 2148 ac
1329 2114 1456 2148 cuilibet
1487 2116 1641 2161 ipsorum,
1664 2126 1702 2150 ne
1729 2126 1762 2149 se
1778 2113 1816 2148 de
1845 2113 2019 2148 visitatione

1269 2165 1529 2198 monasteriorum
1566 2173 1595 2198 et
1626 2165 1767 2199 locorum
1801 2162 2018 2206 Graecorum,

1268 2222 1328 2247 tam
1369 2226 1573 2249 monacorum
1621 2226 1716 2261 quam
1750 2212 1947 2258 monialium,
1986 2212 2016 2246 in

1269 2264 1437 2310 provinciis
1459 2264 1650 2311 supradictis
1672 2264 1889 2308 existentium,
1911 2262 2019 2310 aliquo

1268 2316 1362 2348 modo
1390 2315 1611 2354 intromittant,
1634 2315 1698 2348 sive
1727 2314 1900 2348 visitatores
1931 2312 2018 2360 ipso-

1267 2376 1335 2398 rum
1364 2364 1626 2400 monasteriorum
1655 2371 1685 2398 et
1708 2362 1849 2398 locorum
1872 2373 1927 2409 pro
1943 2370 2017 2396 tem-

1268 2425 1342 2460 pore
1365 2414 1560 2454 existentes,
1595 2425 1657 2461 quo
1694 2413 1800 2448 minus
1834 2411 1884 2447 illa
1919 2411 2017 2446 libere

1268 2464 1401 2504 visitare,
1424 2476 1459 2498 ac
1483 2463 1606 2498 illorum
1636 2475 1787 2510 personas
1808 2462 1966 2510 corrigere
1987 2469 2018 2496 et

1268 2514 1393 2559 punire,
1420 2522 1471 2548 aut
1494 2513 1570 2548 alias
1603 2514 1807 2548 commissum
1843 2512 1888 2547 eis
1916 2511 2018 2547 visita-

1269 2563 1362 2597 tionis
1385 2564 1537 2607 officinm,
1558 2563 1588 2597 in
1613 2563 1763 2597 omnibus
1781 2571 1810 2597 et
1834 2574 1890 2610 per
1910 2561 2016 2597 omnia

1265 2624 1412 2647 exercere
1444 2613 1580 2648 debeant
1617 2621 1710 2659 atque
1744 2613 1890 2660 possint,
1921 2612 2018 2659 impc-

1266 2661 1362 2696 diant.

2049 267 2101 294 An.
2118 267 2148 294 C.
2165 268 2234 296 1446

2059 482 2104 504 Ειι
2099 485 2145 510 ipse
2169 483 2234 509 Ροιιι,

2043 515 2105 535 modo
2120 516 2176 536 diet·
2190 521 2230 537 e·-

2044 546 2105 572 pttuti
2150 549 2231 567 nutat·

2044 578 2166 603 confirmat,
2207 581 2231 599 οι

2045 608 2155 629 observari
2171 613 2232 628 mnn—

2045 641 2088 664 dut,

2059 1022 2207 1052 Praetntsque

2042 1055 2139 1076 omnibus
2149 1059 2171 1077 et
2180 1061 2230 1078 cno-

2042 1087 2094 1107 tei-is
2104 1086 2151 1107 attis
2161 1090 2183 1107 nt
2192 1089 2229 1108 vi-

2041 1117 2165 1137 simoi-itm·
2187 1123 2228 1145 pa-

2041 1151 2115 1172 reant,
2144 1152 2225 1176 eosque

2041 1184 2083 1199 non
2110 1179 2227 1206 impertiunt

2040 1210 2078 1231 sub
2094 1215 2164 1238 poena
2183 1214 2226 1232 ete.

2041 1242 2147 1268 probibet,
2157 1244 2178 1263 οι
2189 1248 2227 1262 ar-

2040 1272 2185 1294 entmundi-it·
2194 1272 2227 1294 St—

2040 1304 2082 1324 cull
2106 1304 2225 1325 auetorita-

2041 1338 2082 1355 tem
2104 1337 2224 1362 suspen-tit.
