<?xml version="1.0" encoding="UTF-8"?>
<!DOCTYPE html PUBLIC "-//W3C//DTD XHTML 1.0 Transitional//EN"
    "http://www.w3.org/TR/xhtml1/DTD/xhtml1-transitional.dtd">
<html xmlns="http://www.w3.org/1999/xhtml" xml:lang="en" lang="en">
 <head>
  <title>
</title>
<meta http-equiv="Content-Type" content="text/html;charset=utf-8" />
  <meta name='ocr-system' content='tesseract 3.04.00' />
  <meta name='ocr-capabilities' content='ocr_page ocr_carea ocr_par ocr_line ocrx_word'/>
</head>
<body>
  <div class='ocr_page' id='page_1' title='image "./bullarumdiplomat05cath_0457.png"; bbox 0 0 2281 3251; ppageno 0'>
   <div class='ocr_carea' id='block_1_1' title="bbox 95 244 273 269">
    <p class='ocr_par' dir='ltr' id='par_1_1' title="bbox 95 244 273 269">
     <span class='ocr_line' id='line_1_1' title="bbox 95 244 273 269; baseline -0.011 -1"><span class='ocrx_word' id='word_1_1' title='bbox 95 245 142 268; x_wconf 63' lang='lat' dir='ltr'>An.</span> <span class='ocrx_word' id='word_1_2' title='bbox 162 244 188 268; x_wconf 58' lang='lat'>(1&gt;</span> <span class='ocrx_word' id='word_1_3' title='bbox 209 244 273 269; x_wconf 50' lang='lat' dir='ltr'>lira]</span> 
     </span>
    </p>
   </div>
   <div class='ocr_carea' id='block_1_2' title="bbox 92 747 276 863">
    <p class='ocr_par' dir='ltr' id='par_1_2' title="bbox 92 747 276 863">
     <span class='ocr_line' id='line_1_2' title="bbox 107 747 255 768; baseline -0.014 -1"><span class='ocrx_word' id='word_1_4' title='bbox 107 747 202 768; x_wconf 73' lang='lat' dir='ltr'>l’rubthrt</span> <span class='ocrx_word' id='word_1_5' title='bbox 231 753 255 765; x_wconf 75' lang='lat' dir='ltr'>ru</span> 
     </span>
     <span class='ocr_line' id='line_1_3' title="bbox 92 778 276 805; baseline -0.005 -8"><span class='ocrx_word' id='word_1_6' title='bbox 92 784 179 805; x_wconf 71' lang='lat' dir='ltr'>cunique</span> <span class='ocrx_word' id='word_1_7' title='bbox 187 778 276 797; x_wconf 81' lang='lat' dir='ltr'>habitunt</span> 
     </span>
     <span class='ocr_line' id='line_1_4' title="bbox 92 809 276 830; baseline -0.016 0"><span class='ocrx_word' id='word_1_8' title='bbox 92 811 151 830; x_wconf 59' lang='lat' dir='ltr'>huius</span> <span class='ocrx_word' id='word_1_9' title='bbox 193 809 276 829; x_wconf 63' lang='lat' dir='ltr'>‹ti-ituit&lt;</span> 
     </span>
     <span class='ocr_line' id='line_1_5' title="bbox 92 842 182 863; baseline -0.033 0"><span class='ocrx_word' id='word_1_10' title='bbox 92 842 182 863; x_wconf 74' lang='lat' dir='ltr'>deferre.</span> 
     </span>
    </p>
   </div>
   <div class='ocr_carea' id='block_1_3' title="bbox 109 1440 290 1492">
    <p class='ocr_par' dir='ltr' id='par_1_3' title="bbox 109 1440 290 1492">
     <span class='ocr_line' id='line_1_6' title="bbox 116 1440 289 1466; baseline -0.017 -7"><span class='ocrx_word' id='word_1_11' title='bbox 116 1440 221 1466; x_wconf 74' lang='lat' dir='ltr'>Exemptin</span> <span class='ocrx_word' id='word_1_12' title='bbox 233 1444 243 1457; x_wconf 73' lang='lat' dir='ltr'>a</span> <span class='ocrx_word' id='word_1_13' title='bbox 259 1444 289 1457; x_wconf 76' lang='lat' dir='ltr'>sn-</span> 
     </span>
     <span class='ocr_line' id='line_1_7' title="bbox 109 1472 290 1492; baseline -0.006 0"><span class='ocrx_word' id='word_1_14' title='bbox 109 1473 187 1492; x_wconf 78' lang='lat' dir='ltr'>tutione</span> <span class='ocrx_word' id='word_1_15' title='bbox 203 1472 290 1492; x_wconf 53' lang='lat' dir='ltr'>deviner</span> 
     </span>
    </p>
   </div>
   <div class='ocr_carea' id='block_1_4' title="bbox 110 1509 161 1525">
    <p class='ocr_par' dir='ltr' id='par_1_4' title="bbox 110 1509 161 1525">
     <span class='ocr_line' id='line_1_8' title="bbox 110 1509 161 1525; baseline -0.039 0"><span class='ocrx_word' id='word_1_16' title='bbox 110 1509 161 1525; x_wconf 63' lang='lat' dir='ltr'>rum,</span> 
     </span>
    </p>
   </div>
   <div class='ocr_carea' id='block_1_5' title="bbox 126 2092 291 2117">
    <p class='ocr_par' dir='ltr' id='par_1_5' title="bbox 126 2092 291 2117">
     <span class='ocr_line' id='line_1_9' title="bbox 126 2092 291 2117; baseline 0 -5"><span class='ocrx_word' id='word_1_17' title='bbox 126 2092 243 2117; x_wconf 59' lang='grc' dir='ltr'>ιιιμιῡιὶινιι,</span> <span class='ocrx_word' id='word_1_18' title='bbox 257 2095 291 2112; x_wconf 80' lang='grc' dir='ltr'>ιιι-</span> 
     </span>
    </p>
   </div>
   <div class='ocr_carea' id='block_1_6' title="bbox 113 2125 1057 2188">
    <p class='ocr_par' dir='ltr' id='par_1_6' title="bbox 113 2125 1057 2188">
     <span class='ocr_line' id='line_1_10' title="bbox 113 2125 1057 2188; baseline -0.002 -14"><span class='ocrx_word' id='word_1_19' title='bbox 113 2125 180 2144; x_wconf 49' lang='lat' dir='ltr'>‘&#39;mm&#39;&#39;</span> <span class='ocrx_word' id='word_1_20' title='bbox 198 2125 249 2143; x_wconf 50' lang='lat' dir='ltr'>hm</span> <span class='ocrx_word' id='word_1_21' title='bbox 266 2130 293 2174; x_wconf 50' lang='grc' dir='ltr'>ἰ</span> <span class='ocrx_word' id='word_1_22' title='bbox 310 2141 409 2183; x_wconf 87' lang='lat' dir='ltr'>sonis,</span> <span class='ocrx_word' id='word_1_23' title='bbox 436 2153 517 2188; x_wconf 90' lang='lat' dir='ltr'>quae</span> <span class='ocrx_word' id='word_1_24' title='bbox 531 2140 602 2175; x_wconf 90' lang='lat' dir='ltr'>sciri</span> <span class='ocrx_word' id='word_1_25' title='bbox 626 2147 656 2175; x_wconf 90' lang='lat' dir='ltr'>et</span> <span class='ocrx_word' id='word_1_26' title='bbox 675 2140 805 2174; x_wconf 87' lang='lat' dir='ltr'>inveniri</span> <span class='ocrx_word' id='word_1_27' title='bbox 829 2152 890 2174; x_wconf 91' lang='lat' dir='ltr'>uon</span> <span class='ocrx_word' id='word_1_28' title='bbox 914 2147 1057 2187; x_wconf 89' lang='lat' dir='ltr'>possunt,</span> 
     </span>
    </p>
   </div>
   <div class='ocr_carea' id='block_1_7' title="bbox 113 2156 292 2244">
    <p class='ocr_par' dir='ltr' id='par_1_7' title="bbox 113 2156 292 2244">
     <span class='ocr_line' id='line_1_11' title="bbox 113 2156 276 2174; baseline 0 -1"><span class='ocrx_word' id='word_1_29' title='bbox 113 2158 217 2174; x_wconf 65' lang='grc' dir='ltr'>σιίιιιιιιιιι</span> <span class='ocrx_word' id='word_1_30' title='bbox 232 2156 276 2174; x_wconf 70' lang='grc' dir='ltr'>ιιιιιιι</span> 
     </span>
     <span class='ocr_line' id='line_1_12' title="bbox 114 2190 292 2212; baseline 0.017 -9"><span class='ocrx_word' id='word_1_31' title='bbox 114 2192 185 2206; x_wconf 72' lang='lat' dir='ltr'>nurum</span> <span class='ocrx_word' id='word_1_32' title='bbox 214 2190 292 2212; x_wconf 53' lang='lat' dir='ltr'>piusml</span> 
     </span>
     <span class='ocr_line' id='line_1_13' title="bbox 114 2221 204 2244; baseline 0.022 -8"><span class='ocrx_word' id='word_1_33' title='bbox 114 2221 204 2244; x_wconf 70' lang='lat' dir='ltr'>portare.</span> 
     </span>
    </p>
   </div>
   <div class='ocr_carea' id='block_1_8' title="bbox 118 2580 298 2664">
    <p class='ocr_par' dir='ltr' id='par_1_8' title="bbox 118 2580 298 2664">
     <span class='ocr_line' id='line_1_14' title="bbox 126 2580 298 2632; baseline -0.007 -32"><span class='ocrx_word' id='word_1_34' title='bbox 126 2580 234 2632; x_wconf 59' lang='grc' dir='ltr'>Ξπιχιριιιιι.</span> <span class='ocrx_word' id='word_1_35' title='bbox 243 2581 298 2599; x_wconf 93' lang='grc' dir='ltr'>ιιι</span> 
     </span>
     <span class='ocr_line' id='line_1_15' title="bbox 118 2612 196 2632; baseline -0.017 0"><span class='ocrx_word' id='word_1_36' title='bbox 118 2612 196 2632; x_wconf 66' lang='grc' dir='ltr'>ι·ιει’ἱιι</span> 
     </span>
     <span class='ocr_line' id='line_1_16' title="bbox 119 2614 290 2664; baseline -0.006 0"><span class='ocrx_word' id='word_1_37' title='bbox 119 2614 290 2664; x_wconf 58' lang='lat' dir='ltr'>omittibi:mtll1ri;</span> 
     </span>
    </p>
   </div>
   <div class='ocr_carea' id='block_1_9' title="bbox 931 240 1034 261">
    <p class='ocr_par' dir='ltr' id='par_1_9' title="bbox 931 240 1034 261">
     <span class='ocr_line' id='line_1_17' title="bbox 931 240 1034 261; baseline -0.029 0"><span class='ocrx_word' id='word_1_38' title='bbox 931 240 1034 261; x_wconf 66' lang='grc' dir='ltr'>Ιι“ι,ιι’,“«</span> 
     </span>
    </p>
   </div>
   <div class='ocr_carea' id='block_1_10' title="bbox 288 293 1038 739">
    <p class='ocr_par' dir='ltr' id='par_1_10' title="bbox 288 293 1037 689">
     <span class='ocr_line' id='line_1_18' title="bbox 289 293 1033 341; baseline -0.004 -11"><span class='ocrx_word' id='word_1_39' title='bbox 289 296 360 331; x_wconf 88' lang='lat' dir='ltr'>ralis</span> <span class='ocrx_word' id='word_1_40' title='bbox 374 295 418 329; x_wconf 90' lang='lat' dir='ltr'>vel</span> <span class='ocrx_word' id='word_1_41' title='bbox 435 295 640 341; x_wconf 75' lang='lat' dir='ltr'>provinciales</span> <span class='ocrx_word' id='word_1_42' title='bbox 659 302 860 333; x_wconf 72' lang='lat' dir='ltr'>correctores,</span> <span class='ocrx_word' id='word_1_43' title='bbox 881 306 951 328; x_wconf 89' lang='lat' dir='ltr'>cum</span> <span class='ocrx_word' id='word_1_44' title='bbox 967 293 1033 328; x_wconf 88' lang='lat' dir='ltr'>suis</span> 
     </span>
     <span class='ocr_line' id='line_1_19' title="bbox 289 344 1032 387; baseline -0.004 -7"><span class='ocrx_word' id='word_1_45' title='bbox 289 344 552 380; x_wconf 71' lang='lat' dir='ltr'>testimonialibus</span> <span class='ocrx_word' id='word_1_46' title='bbox 574 344 685 387; x_wconf 89' lang='lat' dir='ltr'>literis,</span> <span class='ocrx_word' id='word_1_47' title='bbox 712 344 894 379; x_wconf 85' lang='lat' dir='ltr'>auctoritate</span> <span class='ocrx_word' id='word_1_48' title='bbox 917 351 1032 387; x_wconf 80' lang='lat' dir='ltr'>nostra,</span> 
     </span>
     <span class='ocr_line' id='line_1_20' title="bbox 290 392 1035 429; baseline -0.003 0"><span class='ocrx_word' id='word_1_49' title='bbox 290 393 465 429; x_wconf 85' lang='lat' dir='ltr'>lieentiandi</span> <span class='ocrx_word' id='word_1_50' title='bbox 481 393 608 428; x_wconf 86' lang='lat' dir='ltr'>liberam</span> <span class='ocrx_word' id='word_1_51' title='bbox 624 393 759 428; x_wconf 89' lang='lat' dir='ltr'>habeant</span> <span class='ocrx_word' id='word_1_52' title='bbox 773 394 960 428; x_wconf 69' lang='lat' dir='ltr'>facultatem.</span> <span class='ocrx_word' id='word_1_53' title='bbox 971 392 1035 427; x_wconf 80' lang='lat' dir='ltr'>Nos</span> 
     </span>
     <span class='ocr_line' id='line_1_21' title="bbox 288 442 1033 486; baseline -0.004 -8"><span class='ocrx_word' id='word_1_54' title='bbox 288 445 370 479; x_wconf 82' lang='lat' dir='ltr'>enim</span> <span class='ocrx_word' id='word_1_55' title='bbox 398 443 571 478; x_wconf 89' lang='lat' dir='ltr'>districtius</span> <span class='ocrx_word' id='word_1_56' title='bbox 599 443 799 486; x_wconf 87' lang='lat' dir='ltr'>inhibemus,</span> <span class='ocrx_word' id='word_1_57' title='bbox 828 456 866 477; x_wconf 89' lang='lat' dir='ltr'>ne</span> <span class='ocrx_word' id='word_1_58' title='bbox 893 442 969 477; x_wconf 81' lang='lat' dir='ltr'>tales</span> <span class='ocrx_word' id='word_1_59' title='bbox 997 442 1033 476; x_wconf 90' lang='lat' dir='ltr'>ad</span> 
     </span>
     <span class='ocr_line' id='line_1_22' title="bbox 288 492 1034 537; baseline -0.004 -9"><span class='ocrx_word' id='word_1_60' title='bbox 288 494 382 528; x_wconf 81' lang='lat' dir='ltr'>alium</span> <span class='ocrx_word' id='word_1_61' title='bbox 410 492 561 527; x_wconf 81' lang='lat' dir='ltr'>Ordinem</span> <span class='ocrx_word' id='word_1_62' title='bbox 585 493 673 527; x_wconf 89' lang='lat' dir='ltr'>aliter</span> <span class='ocrx_word' id='word_1_63' title='bbox 696 494 838 536; x_wconf 85' lang='lat' dir='ltr'>transire,</span> <span class='ocrx_word' id='word_1_64' title='bbox 867 493 913 526; x_wconf 84' lang='lat' dir='ltr'>vel</span> <span class='ocrx_word' id='word_1_65' title='bbox 940 492 1034 537; x_wconf 80' lang='lat' dir='ltr'>aliqui</span> 
     </span>
     <span class='ocr_line' id='line_1_23' title="bbox 289 542 1037 590; baseline -0.003 -13"><span class='ocrx_word' id='word_1_66' title='bbox 289 555 342 577; x_wconf 82' lang='lat' dir='ltr'>eos</span> <span class='ocrx_word' id='word_1_67' title='bbox 370 543 509 589; x_wconf 84' lang='lat' dir='ltr'>recipere</span> <span class='ocrx_word' id='word_1_68' title='bbox 523 555 577 577; x_wconf 89' lang='lat' dir='ltr'>seu</span> <span class='ocrx_word' id='word_1_69' title='bbox 594 543 726 577; x_wconf 87' lang='lat' dir='ltr'>retinere</span> <span class='ocrx_word' id='word_1_70' title='bbox 743 550 954 590; x_wconf 76' lang='lat' dir='ltr'>praesumam,</span> <span class='ocrx_word' id='word_1_71' title='bbox 970 542 1037 576; x_wconf 87' lang='lat' dir='ltr'>abs-</span> 
     </span>
     <span class='ocr_line' id='line_1_24' title="bbox 290 591 1038 639; baseline -0.003 -13"><span class='ocrx_word' id='word_1_72' title='bbox 290 604 351 639; x_wconf 86' lang='lat' dir='ltr'>que</span> <span class='ocrx_word' id='word_1_73' title='bbox 374 592 500 627; x_wconf 83' lang='lat' dir='ltr'>licentia</span> <span class='ocrx_word' id='word_1_74' title='bbox 514 593 638 638; x_wconf 87' lang='lat' dir='ltr'>speciali</span> <span class='ocrx_word' id='word_1_75' title='bbox 656 592 748 627; x_wconf 84' lang='lat' dir='ltr'>Sedis</span> <span class='ocrx_word' id='word_1_76' title='bbox 771 592 982 639; x_wconf 73' lang='lat' dir='ltr'>Apostolieae,</span> <span class='ocrx_word' id='word_1_77' title='bbox 997 591 1038 625; x_wconf 85' lang='lat' dir='ltr'>fa-</span> 
     </span>
     <span class='ocr_line' id='line_1_25' title="bbox 291 642 961 689; baseline -0.003 -12"><span class='ocrx_word' id='word_1_78' title='bbox 291 643 393 677; x_wconf 76' lang='lat' dir='ltr'>ciente</span> <span class='ocrx_word' id='word_1_79' title='bbox 420 642 458 676; x_wconf 90' lang='lat' dir='ltr'>de</span> <span class='ocrx_word' id='word_1_80' title='bbox 480 642 539 676; x_wconf 91' lang='lat' dir='ltr'>hoc</span> <span class='ocrx_word' id='word_1_81' title='bbox 567 642 736 689; x_wconf 78' lang='lat' dir='ltr'>plenariam</span> <span class='ocrx_word' id='word_1_82' title='bbox 761 642 961 676; x_wconf 88' lang='lat' dir='ltr'>mentionem.</span> 
     </span>
    </p>

    <p class='ocr_par' dir='ltr' id='par_1_11' title="bbox 339 690 1037 739">
     <span class='ocr_line' id='line_1_26' title="bbox 339 690 1037 739; baseline -0.003 -13"><span class='ocrx_word' id='word_1_83' title='bbox 339 692 359 739; x_wconf 68' lang='lat' dir='ltr'>S</span> <span class='ocrx_word' id='word_1_84' title='bbox 383 693 438 726; x_wconf 77' lang='lat'>16.</span> <span class='ocrx_word' id='word_1_85' title='bbox 463 691 645 725; x_wconf 84' lang='lat' dir='ltr'>lnhibemus</span> <span class='ocrx_word' id='word_1_86' title='bbox 667 692 771 734; x_wconf 86' lang='lat' dir='ltr'>etiam,</span> <span class='ocrx_word' id='word_1_87' title='bbox 799 700 832 725; x_wconf 93' lang='lat' dir='ltr'>ut</span> <span class='ocrx_word' id='word_1_88' title='bbox 861 690 950 729; x_wconf 88' lang='lat' dir='ltr'>nulli,</span> <span class='ocrx_word' id='word_1_89' title='bbox 972 690 1037 724; x_wconf 73' lang='lat' dir='ltr'>sive</span> 
     </span>
    </p>
   </div>
   <div class='ocr_carea' id='block_1_11' title="bbox 260 738 1038 787">
    <p class='ocr_par' dir='ltr' id='par_1_12' title="bbox 260 738 1038 787">
     <span class='ocr_line' id='line_1_27' title="bbox 260 738 1038 787; baseline -0.004 -11"><span class='ocrx_word' id='word_1_90' title='bbox 260 754 276 763; x_wconf 86' lang='lat'>¹-</span> <span class='ocrx_word' id='word_1_91' title='bbox 292 743 330 776; x_wconf 87' lang='lat' dir='ltr'>sit</span> <span class='ocrx_word' id='word_1_92' title='bbox 359 742 387 775; x_wconf 91' lang='lat' dir='ltr'>iu</span> <span class='ocrx_word' id='word_1_93' title='bbox 417 741 595 787; x_wconf 73' lang='lat' dir='ltr'>Religionis</span> <span class='ocrx_word' id='word_1_94' title='bbox 622 741 744 776; x_wconf 81' lang='lat' dir='ltr'>Ordine</span> <span class='ocrx_word' id='word_1_95' title='bbox 773 741 839 775; x_wconf 73' lang='lat' dir='ltr'>sive</span> <span class='ocrx_word' id='word_1_96' title='bbox 863 748 947 774; x_wconf 83' lang='lat' dir='ltr'>extra</span> <span class='ocrx_word' id='word_1_97' title='bbox 970 738 1038 773; x_wconf 89' lang='lat' dir='ltr'>Or-</span> 
     </span>
    </p>
   </div>
   <div class='ocr_carea' id='block_1_12' title="bbox 293 789 1057 2133">
    <p class='ocr_par' dir='ltr' id='par_1_13' title="bbox 293 789 1048 1384">
     <span class='ocr_line' id='line_1_28' title="bbox 293 789 1038 827; baseline -0.004 -2"><span class='ocrx_word' id='word_1_98' title='bbox 293 791 398 825; x_wconf 88' lang='lat' dir='ltr'>dinem</span> <span class='ocrx_word' id='word_1_99' title='bbox 427 791 615 825; x_wconf 87' lang='lat' dir='ltr'>constitutus</span> <span class='ocrx_word' id='word_1_100' title='bbox 631 819 638 827; x_wconf 85' lang='lat'><em>.</em></span> <span class='ocrx_word' id='word_1_101' title='bbox 667 790 808 824; x_wconf 80' lang='lat' dir='ltr'>habitum</span> <span class='ocrx_word' id='word_1_102' title='bbox 834 799 968 824; x_wconf 77' lang='lat' dir='ltr'>vestrum</span> <span class='ocrx_word' id='word_1_103' title='bbox 992 789 1038 822; x_wconf 70' lang='lat' dir='ltr'>vel</span> 
     </span>
     <span class='ocr_line' id='line_1_29' title="bbox 294 838 1040 886; baseline -0.008 -11"><span class='ocrx_word' id='word_1_104' title='bbox 294 841 332 875; x_wconf 92' lang='lat' dir='ltr'>ita</span> <span class='ocrx_word' id='word_1_105' title='bbox 347 839 555 880; x_wconf 82' lang='lat' dir='ltr'>consimilem,</span> <span class='ocrx_word' id='word_1_106' title='bbox 574 840 657 886; x_wconf 84' lang='lat' dir='ltr'>quod</span> <span class='ocrx_word' id='word_1_107' title='bbox 684 849 848 886; x_wconf 74' lang='lat' dir='ltr'>propterea</span> <span class='ocrx_word' id='word_1_108' title='bbox 871 839 963 873; x_wconf 81' lang='lat' dir='ltr'>frater</span> <span class='ocrx_word' id='word_1_109' title='bbox 978 838 1040 872; x_wconf 87' lang='lat' dir='ltr'>Mi-</span> 
     </span>
     <span class='ocr_line' id='line_1_30' title="bbox 294 888 1040 935; baseline -0.005 -11"><span class='ocrx_word' id='word_1_110' title='bbox 294 891 399 925; x_wconf 89' lang='lat' dir='ltr'>nimus</span> <span class='ocrx_word' id='word_1_111' title='bbox 418 889 501 924; x_wconf 85' lang='lat' dir='ltr'>credi</span> <span class='ocrx_word' id='word_1_112' title='bbox 520 890 628 935; x_wconf 70' lang='lat' dir='ltr'>possit,</span> <span class='ocrx_word' id='word_1_113' title='bbox 655 889 775 923; x_wconf 79' lang='lat' dir='ltr'>deferre</span> <span class='ocrx_word' id='word_1_114' title='bbox 799 889 900 927; x_wconf 78' lang='lat' dir='ltr'>liceat,</span> <span class='ocrx_word' id='word_1_115' title='bbox 923 888 1040 934; x_wconf 86' lang='lat' dir='ltr'>absque</span> 
     </span>
     <span class='ocr_line' id='line_1_31' title="bbox 294 937 1042 985; baseline -0.005 -11"><span class='ocrx_word' id='word_1_116' title='bbox 294 939 440 974; x_wconf 89' lang='lat' dir='ltr'>mandato</span> <span class='ocrx_word' id='word_1_117' title='bbox 463 939 556 973; x_wconf 79' lang='lat' dir='ltr'>Sedis</span> <span class='ocrx_word' id='word_1_118' title='bbox 580 939 780 985; x_wconf 77' lang='lat' dir='ltr'>Apostolicae</span> <span class='ocrx_word' id='word_1_119' title='bbox 799 938 934 985; x_wconf 78' lang='lat' dir='ltr'>speciali.</span> <span class='ocrx_word' id='word_1_120' title='bbox 956 937 994 971; x_wconf 85' lang='lat' dir='ltr'>Et</span> <span class='ocrx_word' id='word_1_121' title='bbox 1007 945 1042 970; x_wconf 92' lang='lat' dir='ltr'>ut</span> 
     </span>
     <span class='ocr_line' id='line_1_32' title="bbox 294 986 1043 1034; baseline -0.004 -11"><span class='ocrx_word' id='word_1_122' title='bbox 294 990 376 1024; x_wconf 87' lang='lat' dir='ltr'>dicta</span> <span class='ocrx_word' id='word_1_123' title='bbox 405 989 549 1022; x_wconf 72' lang='lat' dir='ltr'>inhibitio</span> <span class='ocrx_word' id='word_1_124' title='bbox 582 989 731 1023; x_wconf 87' lang='lat' dir='ltr'>maiorem</span> <span class='ocrx_word' id='word_1_125' title='bbox 761 995 975 1034; x_wconf 86' lang='lat' dir='ltr'>consequatur</span> <span class='ocrx_word' id='word_1_126' title='bbox 996 986 1043 1021; x_wconf 86' lang='lat' dir='ltr'>ef-</span> 
     </span>
     <span class='ocr_line' id='line_1_33' title="bbox 296 1037 1044 1086; baseline -0.004 -13"><span class='ocrx_word' id='word_1_127' title='bbox 296 1039 425 1082; x_wconf 77' lang='lat' dir='ltr'>fectum,</span> <span class='ocrx_word' id='word_1_128' title='bbox 452 1038 620 1072; x_wconf 81' lang='lat' dir='ltr'>statuimus</span> <span class='ocrx_word' id='word_1_129' title='bbox 648 1046 681 1072; x_wconf 92' lang='lat' dir='ltr'>ut</span> <span class='ocrx_word' id='word_1_130' title='bbox 701 1039 733 1082; x_wconf 86' lang='lat' dir='ltr'>ii,</span> <span class='ocrx_word' id='word_1_131' title='bbox 756 1038 809 1086; x_wconf 90' lang='lat' dir='ltr'>qui</span> <span class='ocrx_word' id='word_1_132' title='bbox 838 1037 978 1071; x_wconf 90' lang='lat' dir='ltr'>habitum</span> <span class='ocrx_word' id='word_1_133' title='bbox 996 1048 1044 1070; x_wconf 87' lang='lat' dir='ltr'>ve-</span> 
     </span>
     <span class='ocr_line' id='line_1_34' title="bbox 297 1086 1044 1134; baseline -0.005 -12"><span class='ocrx_word' id='word_1_134' title='bbox 297 1097 408 1131; x_wconf 88' lang='lat' dir='ltr'>strum,</span> <span class='ocrx_word' id='word_1_135' title='bbox 430 1088 478 1122; x_wconf 86' lang='lat' dir='ltr'>vel</span> <span class='ocrx_word' id='word_1_136' title='bbox 507 1088 565 1122; x_wconf 86' lang='lat' dir='ltr'>sibi</span> <span class='ocrx_word' id='word_1_137' title='bbox 594 1087 754 1134; x_wconf 86' lang='lat' dir='ltr'>praedicto</span> <span class='ocrx_word' id='word_1_138' title='bbox 777 1087 871 1122; x_wconf 76' lang='lat' dir='ltr'>modo</span> <span class='ocrx_word' id='word_1_139' title='bbox 893 1086 1044 1121; x_wconf 69' lang='lat' dir='ltr'>consimi-</span> 
     </span>
     <span class='ocr_line' id='line_1_35' title="bbox 299 1136 1045 1184; baseline -0.005 -11"><span class='ocrx_word' id='word_1_140' title='bbox 299 1139 360 1173; x_wconf 86' lang='lat' dir='ltr'>lem</span> <span class='ocrx_word' id='word_1_141' title='bbox 382 1136 503 1172; x_wconf 88' lang='lat' dir='ltr'>deserre</span> <span class='ocrx_word' id='word_1_142' title='bbox 520 1138 802 1184; x_wconf 84' lang='lat' dir='ltr'>praesumpserint,</span> <span class='ocrx_word' id='word_1_143' title='bbox 825 1137 862 1171; x_wconf 85' lang='lat' dir='ltr'>ad</span> <span class='ocrx_word' id='word_1_144' title='bbox 879 1136 1045 1183; x_wconf 84' lang='lat' dir='ltr'>deponen—</span> 
     </span>
     <span class='ocr_line' id='line_1_36' title="bbox 300 1187 1044 1233; baseline -0.004 -11"><span class='ocrx_word' id='word_1_145' title='bbox 300 1189 373 1222; x_wconf 91' lang='lat' dir='ltr'>dum</span> <span class='ocrx_word' id='word_1_146' title='bbox 389 1187 492 1233; x_wconf 89' lang='lat' dir='ltr'>ipsum</span> <span class='ocrx_word' id='word_1_147' title='bbox 508 1199 561 1233; x_wconf 90' lang='lat' dir='ltr'>per</span> <span class='ocrx_word' id='word_1_148' title='bbox 579 1187 782 1222; x_wconf 86' lang='lat' dir='ltr'>dioecesanos</span> <span class='ocrx_word' id='word_1_149' title='bbox 803 1187 957 1230; x_wconf 76' lang='lat' dir='ltr'>locorum,</span> <span class='ocrx_word' id='word_1_150' title='bbox 972 1197 1044 1220; x_wconf 89' lang='lat' dir='ltr'>cum</span> 
     </span>
     <span class='ocr_line' id='line_1_37' title="bbox 300 1236 1047 1283; baseline -0.004 -11"><span class='ocrx_word' id='word_1_151' title='bbox 300 1250 317 1272; x_wconf 91' lang='lat' dir='ltr'>a</span> <span class='ocrx_word' id='word_1_152' title='bbox 339 1236 427 1271; x_wconf 89' lang='lat' dir='ltr'>vobis</span> <span class='ocrx_word' id='word_1_153' title='bbox 451 1236 590 1283; x_wconf 75' lang='lat' dir='ltr'>requisiti</span> <span class='ocrx_word' id='word_1_154' title='bbox 614 1236 741 1275; x_wconf 83' lang='lat' dir='ltr'>fuerint,</span> <span class='ocrx_word' id='word_1_155' title='bbox 768 1236 942 1271; x_wconf 90' lang='lat' dir='ltr'>monitione</span> <span class='ocrx_word' id='word_1_156' title='bbox 957 1246 1047 1282; x_wconf 83' lang='lat' dir='ltr'>prae-</span> 
     </span>
     <span class='ocr_line' id='line_1_38' title="bbox 301 1286 1048 1333; baseline -0.003 -13"><span class='ocrx_word' id='word_1_157' title='bbox 301 1287 407 1331; x_wconf 88' lang='lat' dir='ltr'>missa,</span> <span class='ocrx_word' id='word_1_158' title='bbox 430 1298 486 1333; x_wconf 92' lang='lat' dir='ltr'>per</span> <span class='ocrx_word' id='word_1_159' title='bbox 507 1298 672 1320; x_wconf 90' lang='lat' dir='ltr'>censuram</span> <span class='ocrx_word' id='word_1_160' title='bbox 702 1286 958 1325; x_wconf 80' lang='lat' dir='ltr'>ecclesiasticam,</span> <span class='ocrx_word' id='word_1_161' title='bbox 985 1297 1048 1332; x_wconf 88' lang='lat' dir='ltr'>ap—</span> 
     </span>
     <span class='ocr_line' id='line_1_39' title="bbox 303 1335 948 1384; baseline -0.005 -13"><span class='ocrx_word' id='word_1_162' title='bbox 303 1335 470 1384; x_wconf 88' lang='lat' dir='ltr'>pellatione</span> <span class='ocrx_word' id='word_1_163' title='bbox 493 1336 682 1383; x_wconf 84' lang='lat' dir='ltr'>postposita,</span> <span class='ocrx_word' id='word_1_164' title='bbox 710 1336 948 1383; x_wconf 75' lang='lat' dir='ltr'>compellamur.</span> 
     </span>
    </p>

    <p class='ocr_par' dir='ltr' id='par_1_14' title="bbox 304 1384 1055 2027">
     <span class='ocr_line' id='line_1_40' title="bbox 351 1384 1049 1432; baseline -0.001 -13"><span class='ocrx_word' id='word_1_165' title='bbox 351 1385 371 1432; x_wconf 64' lang='lat' dir='ltr'>g</span> <span class='ocrx_word' id='word_1_166' title='bbox 395 1388 450 1420; x_wconf 84' lang='lat'>17.</span> <span class='ocrx_word' id='word_1_167' title='bbox 473 1384 644 1426; x_wconf 87' lang='lat' dir='ltr'>Ceterum,</span> <span class='ocrx_word' id='word_1_168' title='bbox 667 1398 739 1420; x_wconf 92' lang='lat' dir='ltr'>cum</span> <span class='ocrx_word' id='word_1_169' title='bbox 767 1385 927 1420; x_wconf 82' lang='lat' dir='ltr'>humilitas</span> <span class='ocrx_word' id='word_1_170' title='bbox 950 1393 1049 1419; x_wconf 85' lang='lat' dir='ltr'>vestra</span> 
     </span>
     <span class='ocr_line' id='line_1_41' title="bbox 304 1435 1051 1481; baseline -0.003 -11"><span class='ocrx_word' id='word_1_171' title='bbox 304 1435 363 1470; x_wconf 90' lang='lat' dir='ltr'>sibi</span> <span class='ocrx_word' id='word_1_172' title='bbox 378 1435 417 1470; x_wconf 89' lang='lat' dir='ltr'>de</span> <span class='ocrx_word' id='word_1_173' title='bbox 440 1435 602 1469; x_wconf 80' lang='lat' dir='ltr'>latitudine</span> <span class='ocrx_word' id='word_1_174' title='bbox 625 1435 710 1469; x_wconf 86' lang='lat' dir='ltr'>orbis</span> <span class='ocrx_word' id='word_1_175' title='bbox 732 1444 830 1469; x_wconf 88' lang='lat' dir='ltr'>terrae</span> <span class='ocrx_word' id='word_1_176' title='bbox 854 1435 942 1478; x_wconf 88' lang='lat' dir='ltr'>nihil,</span> <span class='ocrx_word' id='word_1_177' title='bbox 960 1445 1051 1481; x_wconf 87' lang='lat' dir='ltr'>prae-</span> 
     </span>
     <span class='ocr_line' id='line_1_42' title="bbox 306 1483 1050 1530; baseline -0.005 -10"><span class='ocrx_word' id='word_1_178' title='bbox 306 1493 352 1520; x_wconf 90' lang='lat' dir='ltr'>ter</span> <span class='ocrx_word' id='word_1_179' title='bbox 385 1484 496 1519; x_wconf 91' lang='lat' dir='ltr'>domos</span> <span class='ocrx_word' id='word_1_180' title='bbox 523 1493 553 1519; x_wconf 87' lang='lat' dir='ltr'>et</span> <span class='ocrx_word' id='word_1_181' title='bbox 580 1485 686 1520; x_wconf 90' lang='lat' dir='ltr'>hortos</span> <span class='ocrx_word' id='word_1_182' title='bbox 721 1498 791 1519; x_wconf 78' lang='lat' dir='ltr'>eum</span> <span class='ocrx_word' id='word_1_183' title='bbox 821 1485 985 1530; x_wconf 74' lang='lat' dir='ltr'>virgultis,</span> <span class='ocrx_word' id='word_1_184' title='bbox 1012 1483 1050 1518; x_wconf 89' lang='lat' dir='ltr'>ad</span> 
     </span>
     <span class='ocr_line' id='line_1_43' title="bbox 306 1534 1051 1581; baseline -0.005 -11"><span class='ocrx_word' id='word_1_185' title='bbox 306 1534 480 1581; x_wconf 83' lang='lat' dir='ltr'>simplicem</span> <span class='ocrx_word' id='word_1_186' title='bbox 516 1534 734 1569; x_wconf 86' lang='lat' dir='ltr'>tantummodo</span> <span class='ocrx_word' id='word_1_187' title='bbox 774 1535 902 1568; x_wconf 79' lang='lat' dir='ltr'>fratrum</span> <span class='ocrx_word' id='word_1_188' title='bbox 938 1546 1051 1577; x_wconf 88' lang='lat' dir='ltr'>nsum,</span> 
     </span>
     <span class='ocr_line' id='line_1_44' title="bbox 308 1583 1053 1632; baseline -0.004 -13"><span class='ocrx_word' id='word_1_189' title='bbox 308 1584 518 1632; x_wconf 84' lang='lat' dir='ltr'>praemiorum</span> <span class='ocrx_word' id='word_1_190' title='bbox 541 1584 669 1618; x_wconf 87' lang='lat' dir='ltr'>obtentu</span> <span class='ocrx_word' id='word_1_191' title='bbox 699 1584 882 1619; x_wconf 86' lang='lat' dir='ltr'>coelestium</span> <span class='ocrx_word' id='word_1_192' title='bbox 897 1612 905 1627; x_wconf 93' lang='lat'>,</span> <span class='ocrx_word' id='word_1_193' title='bbox 927 1583 1053 1617; x_wconf 83' lang='lat' dir='ltr'>duxerit</span> 
     </span>
     <span class='ocr_line' id='line_1_45' title="bbox 307 1632 1052 1681; baseline -0.004 -12"><span class='ocrx_word' id='word_1_194' title='bbox 307 1633 542 1673; x_wconf 71' lang='lat' dir='ltr'>reservandum,</span> <span class='ocrx_word' id='word_1_195' title='bbox 566 1646 634 1678; x_wconf 90' lang='lat' dir='ltr'>nos,</span> <span class='ocrx_word' id='word_1_196' title='bbox 658 1634 709 1681; x_wconf 85' lang='lat' dir='ltr'>pie</span> <span class='ocrx_word' id='word_1_197' title='bbox 723 1635 860 1669; x_wconf 81' lang='lat' dir='ltr'>volentes</span> <span class='ocrx_word' id='word_1_198' title='bbox 874 1633 960 1680; x_wconf 90' lang='lat' dir='ltr'>quod</span> <span class='ocrx_word' id='word_1_199' title='bbox 983 1632 1052 1666; x_wconf 93' lang='lat' dir='ltr'>illo-</span> 
     </span>
     <span class='ocr_line' id='line_1_46' title="bbox 307 1681 1054 1730; baseline -0.003 -12"><span class='ocrx_word' id='word_1_200' title='bbox 307 1695 374 1718; x_wconf 86' lang='lat' dir='ltr'>rum</span> <span class='ocrx_word' id='word_1_201' title='bbox 406 1683 525 1717; x_wconf 86' lang='lat' dir='ltr'>fructus</span> <span class='ocrx_word' id='word_1_202' title='bbox 553 1683 691 1730; x_wconf 75' lang='lat' dir='ltr'>integrae</span> <span class='ocrx_word' id='word_1_203' title='bbox 713 1692 832 1718; x_wconf 82' lang='lat' dir='ltr'>vestrae</span> <span class='ocrx_word' id='word_1_204' title='bbox 862 1681 1054 1730; x_wconf 82' lang='lat' dir='ltr'>paupertatis</span> 
     </span>
     <span class='ocr_line' id='line_1_47' title="bbox 308 1732 1054 1779; baseline 0 -13"><span class='ocrx_word' id='word_1_205' title='bbox 308 1733 417 1767; x_wconf 89' lang='lat' dir='ltr'>usibus</span> <span class='ocrx_word' id='word_1_206' title='bbox 439 1732 646 1779; x_wconf 68' lang='lat' dir='ltr'>applicentur,</span> <span class='ocrx_word' id='word_1_207' title='bbox 674 1742 707 1767; x_wconf 93' lang='lat' dir='ltr'>ut</span> <span class='ocrx_word' id='word_1_208' title='bbox 729 1734 768 1768; x_wconf 81' lang='lat' dir='ltr'>(le</span> <span class='ocrx_word' id='word_1_209' title='bbox 790 1733 883 1768; x_wconf 88' lang='lat' dir='ltr'>dictis</span> <span class='ocrx_word' id='word_1_210' title='bbox 904 1732 1002 1766; x_wconf 87' lang='lat' dir='ltr'>hortis</span> <span class='ocrx_word' id='word_1_211' title='bbox 1024 1740 1054 1766; x_wconf 89' lang='lat' dir='ltr'>et</span> 
     </span>
     <span class='ocr_line' id='line_1_48' title="bbox 307 1781 1054 1828; baseline 0.001 -13"><span class='ocrx_word' id='word_1_212' title='bbox 307 1782 450 1828; x_wconf 72' lang='lat' dir='ltr'>virgultis</span> <span class='ocrx_word' id='word_1_213' title='bbox 473 1782 583 1816; x_wconf 85' lang='lat' dir='ltr'>vestris</span> <span class='ocrx_word' id='word_1_214' title='bbox 607 1782 681 1817; x_wconf 89' lang='lat' dir='ltr'>nulli</span> <span class='ocrx_word' id='word_1_215' title='bbox 707 1783 861 1818; x_wconf 82' lang='lat' dir='ltr'>decimam</span> <span class='ocrx_word' id='word_1_216' title='bbox 885 1781 1054 1817; x_wconf 86' lang='lat' dir='ltr'>teneamini</span> 
     </span>
     <span class='ocr_line' id='line_1_49' title="bbox 307 1831 1052 1879; baseline -0.003 -12"><span class='ocrx_word' id='word_1_217' title='bbox 307 1831 453 1867; x_wconf 84' lang='lat' dir='ltr'>exhibere</span> <span class='ocrx_word' id='word_1_218' title='bbox 471 1859 480 1875; x_wconf 90' lang='lat'>,</span> <span class='ocrx_word' id='word_1_219' title='bbox 514 1831 601 1866; x_wconf 80' lang='lat' dir='ltr'>vobis</span> <span class='ocrx_word' id='word_1_220' title='bbox 632 1833 814 1867; x_wconf 82' lang='lat' dir='ltr'>auctoritate</span> <span class='ocrx_word' id='word_1_221' title='bbox 842 1832 1052 1879; x_wconf 83' lang='lat' dir='ltr'>praesentium</span> 
     </span>
     <span class='ocr_line' id='line_1_50' title="bbox 308 1881 1055 1928; baseline -0.001 -12"><span class='ocrx_word' id='word_1_222' title='bbox 308 1881 520 1927; x_wconf 69' lang='lat' dir='ltr'>indulgemus,</span> <span class='ocrx_word' id='word_1_223' title='bbox 535 1881 709 1917; x_wconf 87' lang='lat' dir='ltr'>districtius</span> <span class='ocrx_word' id='word_1_224' title='bbox 725 1881 904 1917; x_wconf 87' lang='lat' dir='ltr'>inhibentes</span> <span class='ocrx_word' id='word_1_225' title='bbox 926 1894 964 1916; x_wconf 92' lang='lat' dir='ltr'>ne</span> <span class='ocrx_word' id='word_1_226' title='bbox 984 1882 1055 1928; x_wconf 90' lang='lat' dir='ltr'>quis</span> 
     </span>
     <span class='ocr_line' id='line_1_51' title="bbox 308 1930 1054 1980; baseline 0 -16"><span class='ocrx_word' id='word_1_227' title='bbox 308 1943 323 1965; x_wconf 91' lang='lat' dir='ltr'>a</span> <span class='ocrx_word' id='word_1_228' title='bbox 348 1930 435 1965; x_wconf 85' lang='lat' dir='ltr'>vobis</span> <span class='ocrx_word' id='word_1_229' title='bbox 457 1930 496 1965; x_wconf 92' lang='lat' dir='ltr'>de</span> <span class='ocrx_word' id='word_1_230' title='bbox 519 1932 698 1978; x_wconf 83' lang='lat' dir='ltr'>praemissis</span> <span class='ocrx_word' id='word_1_231' title='bbox 724 1931 841 1980; x_wconf 91' lang='lat' dir='ltr'>aliquid</span> <span class='ocrx_word' id='word_1_232' title='bbox 865 1932 988 1978; x_wconf 78' lang='lat' dir='ltr'>exigere</span> <span class='ocrx_word' id='word_1_233' title='bbox 1009 1931 1054 1966; x_wconf 87' lang='lat' dir='ltr'>vel</span> 
     </span>
     <span class='ocr_line' id='line_1_52' title="bbox 309 1988 710 2027; baseline 0.002 -12"><span class='ocrx_word' id='word_1_234' title='bbox 309 1988 496 2027; x_wconf 83' lang='lat' dir='ltr'>extorquere</span> <span class='ocrx_word' id='word_1_235' title='bbox 519 1990 710 2027; x_wconf 82' lang='lat' dir='ltr'>praesumat.</span> 
     </span>
    </p>

    <p class='ocr_par' dir='ltr' id='par_1_15' title="bbox 309 2029 1057 2133">
     <span class='ocr_line' id='line_1_53' title="bbox 358 2029 1057 2077; baseline 0.003 -14"><span class='ocrx_word' id='word_1_236' title='bbox 358 2031 377 2077; x_wconf 63' lang='lat' dir='ltr'>g</span> <span class='ocrx_word' id='word_1_237' title='bbox 406 2032 462 2064; x_wconf 89' lang='grc'>18.</span> <span class='ocrx_word' id='word_1_238' title='bbox 484 2030 564 2072; x_wconf 86' lang='lat' dir='ltr'>Quia</span> <span class='ocrx_word' id='word_1_239' title='bbox 586 2043 660 2066; x_wconf 91' lang='lat' dir='ltr'>vero</span> <span class='ocrx_word' id='word_1_240' title='bbox 682 2031 824 2066; x_wconf 89' lang='lat' dir='ltr'>nonnulli</span> <span class='ocrx_word' id='word_1_241' title='bbox 849 2040 969 2066; x_wconf 84' lang='lat' dir='ltr'>vestrae</span> <span class='ocrx_word' id='word_1_242' title='bbox 992 2029 1057 2065; x_wconf 84' lang='lat' dir='ltr'>Re-</span> 
     </span>
     <span class='ocr_line' id='line_1_54' title="bbox 309 2085 1057 2133; baseline -0.004 -12"><span class='ocrx_word' id='word_1_243' title='bbox 309 2087 437 2133; x_wconf 81' lang='lat' dir='ltr'>ligionis</span> <span class='ocrx_word' id='word_1_244' title='bbox 460 2085 601 2120; x_wconf 86' lang='lat' dir='ltr'>habitum</span> <span class='ocrx_word' id='word_1_245' title='bbox 624 2094 820 2120; x_wconf 85' lang='lat' dir='ltr'>assumentes</span> <span class='ocrx_word' id='word_1_246' title='bbox 835 2085 966 2120; x_wconf 84' lang='lat' dir='ltr'>diversis</span> <span class='ocrx_word' id='word_1_247' title='bbox 989 2097 1057 2131; x_wconf 86' lang='lat' dir='ltr'>per-</span> 
     </span>
    </p>
   </div>
   <div class='ocr_carea' id='block_1_13' title="bbox 295 2194 1062 2675">
    <p class='ocr_par' dir='ltr' id='par_1_16' title="bbox 309 2194 1060 2515">
     <span class='ocr_line' id='line_1_55' title="bbox 309 2194 1058 2243; baseline -0.007 -12"><span class='ocrx_word' id='word_1_248' title='bbox 309 2196 411 2243; x_wconf 87' lang='lat' dir='ltr'>aliqua</span> <span class='ocrx_word' id='word_1_249' title='bbox 432 2195 514 2230; x_wconf 88' lang='lat' dir='ltr'>bona</span> <span class='ocrx_word' id='word_1_250' title='bbox 537 2194 695 2229; x_wconf 86' lang='lat' dir='ltr'>interdum</span> <span class='ocrx_word' id='word_1_251' title='bbox 714 2194 877 2228; x_wconf 86' lang='lat' dir='ltr'>restituere</span> <span class='ocrx_word' id='word_1_252' title='bbox 901 2201 1058 2237; x_wconf 87' lang='lat' dir='ltr'>tenentur,</span> 
     </span>
     <span class='ocr_line' id='line_1_56' title="bbox 310 2248 1058 2298; baseline -0.005 -13"><span class='ocrx_word' id='word_1_253' title='bbox 310 2251 398 2285; x_wconf 69' lang='lat' dir='ltr'>robis</span> <span class='ocrx_word' id='word_1_254' title='bbox 419 2249 675 2298; x_wconf 83' lang='lat' dir='ltr'>provincialibus,</span> <span class='ocrx_word' id='word_1_255' title='bbox 705 2248 850 2295; x_wconf 80' lang='lat' dir='ltr'>vigilibus</span> <span class='ocrx_word' id='word_1_256' title='bbox 877 2261 913 2283; x_wconf 90' lang='lat' dir='ltr'>ac</span> <span class='ocrx_word' id='word_1_257' title='bbox 937 2248 1058 2282; x_wconf 60' lang='lat' dir='ltr'>vicariis</span> 
     </span>
     <span class='ocr_line' id='line_1_57' title="bbox 311 2303 1058 2352; baseline -0.003 -14"><span class='ocrx_word' id='word_1_258' title='bbox 311 2304 479 2352; x_wconf 78' lang='lat' dir='ltr'>praedictis</span> <span class='ocrx_word' id='word_1_259' title='bbox 495 2303 700 2340; x_wconf 87' lang='lat' dir='ltr'>concedimus</span> <span class='ocrx_word' id='word_1_260' title='bbox 714 2311 747 2338; x_wconf 90' lang='lat' dir='ltr'>ut</span> <span class='ocrx_word' id='word_1_261' title='bbox 769 2303 885 2351; x_wconf 81' lang='lat' dir='ltr'>singuli</span> <span class='ocrx_word' id='word_1_262' title='bbox 911 2312 1058 2342; x_wconf 81' lang='lat' dir='ltr'>restrum,</span> 
     </span>
     <span class='ocr_line' id='line_1_58' title="bbox 312 2358 1060 2404; baseline -0.007 -8"><span class='ocrx_word' id='word_1_263' title='bbox 312 2362 342 2395; x_wconf 91' lang='lat' dir='ltr'>iu</span> <span class='ocrx_word' id='word_1_264' title='bbox 366 2361 443 2396; x_wconf 92' lang='lat' dir='ltr'>locis</span> <span class='ocrx_word' id='word_1_265' title='bbox 465 2360 526 2395; x_wconf 91' lang='lat' dir='ltr'>sibi</span> <span class='ocrx_word' id='word_1_266' title='bbox 548 2359 737 2403; x_wconf 80' lang='lat' dir='ltr'>commissis,</span> <span class='ocrx_word' id='word_1_267' title='bbox 756 2359 837 2393; x_wconf 81' lang='lat' dir='ltr'>hona</span> <span class='ocrx_word' id='word_1_268' title='bbox 858 2358 920 2404; x_wconf 85' lang='lat' dir='ltr'>ipsa</span> <span class='ocrx_word' id='word_1_269' title='bbox 945 2358 973 2392; x_wconf 94' lang='lat' dir='ltr'>in</span> <span class='ocrx_word' id='word_1_270' title='bbox 992 2358 1060 2404; x_wconf 86' lang='lat' dir='ltr'>pios</span> 
     </span>
     <span class='ocr_line' id='line_1_59' title="bbox 312 2412 1058 2459; baseline -0.007 -9"><span class='ocrx_word' id='word_1_271' title='bbox 312 2428 390 2450; x_wconf 91' lang='lat' dir='ltr'>usus</span> <span class='ocrx_word' id='word_1_272' title='bbox 409 2423 589 2450; x_wconf 83' lang='lat' dir='ltr'>convertere</span> <span class='ocrx_word' id='word_1_273' title='bbox 608 2414 742 2453; x_wconf 80' lang='lat' dir='ltr'>valeant,</span> <span class='ocrx_word' id='word_1_274' title='bbox 767 2421 855 2459; x_wconf 82' lang='lat' dir='ltr'>prout</span> <span class='ocrx_word' id='word_1_275' title='bbox 884 2412 1058 2447; x_wconf 89' lang='lat' dir='ltr'>secundum</span> 
     </span>
     <span class='ocr_line' id='line_1_60' title="bbox 312 2468 772 2515; baseline -0.007 -11"><span class='ocrx_word' id='word_1_276' title='bbox 312 2470 413 2505; x_wconf 90' lang='lat' dir='ltr'>Deum</span> <span class='ocrx_word' id='word_1_277' title='bbox 436 2469 592 2504; x_wconf 86' lang='lat' dir='ltr'>videbitur</span> <span class='ocrx_word' id='word_1_278' title='bbox 613 2468 772 2515; x_wconf 85' lang='lat' dir='ltr'>expedire.</span> 
     </span>
    </p>

    <p class='ocr_par' dir='ltr' id='par_1_17' title="bbox 314 2520 1062 2675">
     <span class='ocr_line' id='line_1_61' title="bbox 361 2520 1060 2572; baseline -0.006 -13"><span class='ocrx_word' id='word_1_279' title='bbox 361 2529 376 2568; x_wconf 64' lang='grc' dir='ltr'><strong>ἓ</strong></span> <span class='ocrx_word' id='word_1_280' title='bbox 401 2526 456 2559; x_wconf 83' lang='grc'>19.</span> <span class='ocrx_word' id='word_1_281' title='bbox 471 2523 673 2572; x_wconf 89' lang='lat' dir='ltr'>Sepulturam</span> <span class='ocrx_word' id='word_1_282' title='bbox 692 2534 818 2570; x_wconf 85' lang='lat' dir='ltr'>quoque</span> <span class='ocrx_word' id='word_1_283' title='bbox 835 2521 863 2555; x_wconf 90' lang='lat' dir='ltr'>in</span> <span class='ocrx_word' id='word_1_284' title='bbox 882 2520 970 2560; x_wconf 88' lang='lat' dir='ltr'>locis</span> <span class='ocrx_word' id='word_1_285' title='bbox 986 2533 1060 2556; x_wconf 89' lang='lat' dir='ltr'>coe-</span> 
     </span>
     <span class='ocr_line' id='line_1_62' title="bbox 316 2575 1062 2619; baseline -0.003 -7"><span class='ocrx_word' id='word_1_286' title='bbox 316 2578 452 2613; x_wconf 86' lang='lat' dir='ltr'>meteriis</span> <span class='ocrx_word' id='word_1_287' title='bbox 478 2586 508 2613; x_wconf 91' lang='lat' dir='ltr'>et</span> <span class='ocrx_word' id='word_1_288' title='bbox 539 2577 683 2613; x_wconf 86' lang='lat' dir='ltr'>ecclesiis</span> <span class='ocrx_word' id='word_1_289' title='bbox 710 2578 823 2612; x_wconf 58' lang='lat' dir='ltr'>restris</span> <span class='ocrx_word' id='word_1_290' title='bbox 847 2575 1062 2619; x_wconf 79' lang='lat' dir='ltr'>concedimus,</span> 
     </span>
     <span class='ocr_line' id='line_1_63' title="bbox 295 2632 1061 2675; baseline -0.005 -7.897"><span class='ocrx_word' id='word_1_291' title='bbox 295 2640 342 2668; x_wconf 81' lang='lat' dir='ltr'>et</span> <span class='ocrx_word' id='word_1_292' title='bbox 370 2644 437 2667; x_wconf 85' lang='lat' dir='ltr'>eam</span> <span class='ocrx_word' id='word_1_293' title='bbox 460 2632 590 2667; x_wconf 86' lang='lat' dir='ltr'>liberam</span> <span class='ocrx_word' id='word_1_294' title='bbox 611 2644 679 2667; x_wconf 84' lang='lat' dir='ltr'>esse</span> <span class='ocrx_word' id='word_1_295' title='bbox 702 2643 882 2675; x_wconf 75' lang='lat' dir='ltr'>censemus,</span> <span class='ocrx_word' id='word_1_296' title='bbox 906 2639 937 2664; x_wconf 90' lang='lat' dir='ltr'>ut</span> <span class='ocrx_word' id='word_1_297' title='bbox 954 2642 1061 2665; x_wconf 84' lang='lat' dir='ltr'>eorum</span> 
     </span>
    </p>
   </div>
   <div class='ocr_carea' id='block_1_14' title="bbox 1064 240 1155 261">
    <p class='ocr_par' dir='ltr' id='par_1_18' title="bbox 1064 240 1155 261">
     <span class='ocr_line' id='line_1_64' title="bbox 1064 240 1155 261; baseline -0.011 0"><span class='ocrx_word' id='word_1_298' title='bbox 1064 240 1083 261; x_wconf 86' lang='lat' dir='ltr'>ll</span> <span class='ocrx_word' id='word_1_299' title='bbox 1109 240 1155 261; x_wconf 83' lang='lat' dir='ltr'>{·t‘.</span> 
     </span>
    </p>
   </div>
   <div class='ocr_carea' id='block_1_15' title="bbox 1069 1502 1087 2666">
    <p class='ocr_par' dir='ltr' id='par_1_19' title="bbox 1069 1502 1087 2666">
     <span class='ocr_line' id='line_1_65' title="bbox 1069 1502 1087 2666; baseline 0 0"><span class='ocrx_word' id='word_1_300' title='bbox 1069 1502 1087 2666; x_wconf 95' lang='lat' dir='ltr'> </span> 
     </span>
    </p>
   </div>
   <div class='ocr_carea' id='block_1_16' title="bbox 1076 229 1825 638">
    <p class='ocr_par' dir='ltr' id='par_1_20' title="bbox 1076 229 1825 588">
     <span class='ocr_line' id='line_1_66' title="bbox 1713 229 1773 259; baseline 0 0"><span class='ocrx_word' id='word_1_301' title='bbox 1713 229 1773 259; x_wconf 61' lang='lat'>&#39;230</span> 
     </span>
     <span class='ocr_line' id='line_1_67' title="bbox 1076 292 1823 339; baseline 0.005 -15"><span class='ocrx_word' id='word_1_302' title='bbox 1076 293 1233 328; x_wconf 85' lang='lat' dir='ltr'>devotioni</span> <span class='ocrx_word' id='word_1_303' title='bbox 1262 300 1289 327; x_wconf 84' lang='lat' dir='ltr'>et</span> <span class='ocrx_word' id='word_1_304' title='bbox 1327 302 1484 327; x_wconf 82' lang='lat' dir='ltr'>extremae</span> <span class='ocrx_word' id='word_1_305' title='bbox 1518 292 1686 332; x_wconf 81' lang='lat' dir='ltr'>voluntati,</span> <span class='ocrx_word' id='word_1_306' title='bbox 1714 293 1766 339; x_wconf 89' lang='lat' dir='ltr'>qui</span> <span class='ocrx_word' id='word_1_307' title='bbox 1790 305 1823 328; x_wconf 90' lang='lat' dir='ltr'>se</span> 
     </span>
     <span class='ocr_line' id='line_1_68' title="bbox 1077 342 1823 389; baseline 0.001 -14"><span class='ocrx_word' id='word_1_308' title='bbox 1077 343 1138 377; x_wconf 90' lang='lat' dir='ltr'>illic</span> <span class='ocrx_word' id='word_1_309' title='bbox 1166 342 1289 389; x_wconf 88' lang='lat' dir='ltr'>sepeliri</span> <span class='ocrx_word' id='word_1_310' title='bbox 1326 342 1565 377; x_wconf 80' lang='lat' dir='ltr'>deliberaverint</span> <span class='ocrx_word' id='word_1_311' title='bbox 1590 342 1659 384; x_wconf 88' lang='lat' dir='ltr'>(nisi</span> <span class='ocrx_word' id='word_1_312' title='bbox 1688 354 1823 376; x_wconf 84' lang='lat' dir='ltr'>excom-</span> 
     </span>
     <span class='ocr_line' id='line_1_69' title="bbox 1078 391 1822 438; baseline 0.001 -12"><span class='ocrx_word' id='word_1_313' title='bbox 1078 393 1225 427; x_wconf 86' lang='lat' dir='ltr'>municati</span> <span class='ocrx_word' id='word_1_314' title='bbox 1249 392 1295 427; x_wconf 70' lang='lat' dir='ltr'>vel</span> <span class='ocrx_word' id='word_1_315' title='bbox 1313 392 1482 432; x_wconf 79' lang='lat' dir='ltr'>interdicti,</span> <span class='ocrx_word' id='word_1_316' title='bbox 1505 400 1558 426; x_wconf 90' lang='lat' dir='ltr'>aut</span> <span class='ocrx_word' id='word_1_317' title='bbox 1581 392 1672 426; x_wconf 86' lang='lat' dir='ltr'>etiam</span> <span class='ocrx_word' id='word_1_318' title='bbox 1697 391 1822 438; x_wconf 82' lang='lat' dir='ltr'>publice</span> 
     </span>
     <span class='ocr_line' id='line_1_70' title="bbox 1079 441 1825 480; baseline 0.001 -5"><span class='ocrx_word' id='word_1_319' title='bbox 1079 442 1208 477; x_wconf 82' lang='lat' dir='ltr'>usurarii</span> <span class='ocrx_word' id='word_1_320' title='bbox 1226 442 1365 480; x_wconf 68' lang='lat' dir='ltr'>suerintl,</span> <span class='ocrx_word' id='word_1_321' title='bbox 1382 442 1488 476; x_wconf 89' lang='lat' dir='ltr'>nullus</span> <span class='ocrx_word' id='word_1_322' title='bbox 1510 441 1648 479; x_wconf 79' lang='lat' dir='ltr'>obsistat,</span> <span class='ocrx_word' id='word_1_323' title='bbox 1671 441 1754 476; x_wconf 89' lang='lat' dir='ltr'>salva</span> <span class='ocrx_word' id='word_1_324' title='bbox 1780 449 1825 476; x_wconf 85' lang='lat' dir='ltr'>ta-</span> 
     </span>
     <span class='ocr_line' id='line_1_71' title="bbox 1080 491 1824 538; baseline -0.003 -11"><span class='ocrx_word' id='word_1_325' title='bbox 1080 505 1149 527; x_wconf 84' lang='lat' dir='ltr'>men</span> <span class='ocrx_word' id='word_1_326' title='bbox 1180 492 1296 526; x_wconf 88' lang='lat' dir='ltr'>iustitia</span> <span class='ocrx_word' id='word_1_327' title='bbox 1325 491 1445 526; x_wconf 88' lang='lat' dir='ltr'>illarum</span> <span class='ocrx_word' id='word_1_328' title='bbox 1474 491 1689 535; x_wconf 85' lang='lat' dir='ltr'>ecelesiarum,</span> <span class='ocrx_word' id='word_1_329' title='bbox 1713 503 1728 525; x_wconf 94' lang='lat' dir='ltr'>a</span> <span class='ocrx_word' id='word_1_330' title='bbox 1751 492 1824 538; x_wconf 85' lang='lat' dir='ltr'>qui-</span> 
     </span>
     <span class='ocr_line' id='line_1_72' title="bbox 1080 543 1758 588; baseline -0.003 -11"><span class='ocrx_word' id='word_1_331' title='bbox 1080 543 1137 577; x_wconf 90' lang='lat' dir='ltr'>hus</span> <span class='ocrx_word' id='word_1_332' title='bbox 1165 550 1359 576; x_wconf 77' lang='lat' dir='ltr'>mortuorum</span> <span class='ocrx_word' id='word_1_333' title='bbox 1388 553 1519 588; x_wconf 85' lang='lat' dir='ltr'>corpora</span> <span class='ocrx_word' id='word_1_334' title='bbox 1542 548 1758 575; x_wconf 85' lang='lat' dir='ltr'>assumuntur.</span> 
     </span>
    </p>

    <p class='ocr_par' dir='ltr' id='par_1_21' title="bbox 1128 590 1825 638">
     <span class='ocr_line' id='line_1_73' title="bbox 1128 590 1825 638; baseline -0.001 -13"><span class='ocrx_word' id='word_1_335' title='bbox 1128 593 1147 638; x_wconf 61' lang='lat' dir='ltr'>g</span> <span class='ocrx_word' id='word_1_336' title='bbox 1174 593 1231 625; x_wconf 73' lang='lat'>⁶20.</span> <span class='ocrx_word' id='word_1_337' title='bbox 1254 590 1435 625; x_wconf 79' lang='lat' dir='ltr'>Districtius</span> <span class='ocrx_word' id='word_1_338' title='bbox 1469 590 1657 635; x_wconf 87' lang='lat' dir='ltr'>inhibentes</span> <span class='ocrx_word' id='word_1_339' title='bbox 1680 599 1712 625; x_wconf 92' lang='lat' dir='ltr'>ut</span> <span class='ocrx_word' id='word_1_340' title='bbox 1735 590 1825 635; x_wconf 91' lang='lat' dir='ltr'>nulli,</span> 
     </span>
    </p>
   </div>
   <div class='ocr_carea' id='block_1_17' title="bbox 1081 639 1895 786">
    <p class='ocr_par' dir='ltr' id='par_1_22' title="bbox 1081 639 1895 786">
     <span class='ocr_line' id='line_1_74' title="bbox 1081 639 1895 689; baseline -0.005 -13"><span class='ocrx_word' id='word_1_341' title='bbox 1081 640 1215 687; x_wconf 74' lang='lat' dir='ltr'>religiosi</span> <span class='ocrx_word' id='word_1_342' title='bbox 1241 641 1286 674; x_wconf 92' lang='lat' dir='ltr'>vel</span> <span class='ocrx_word' id='word_1_343' title='bbox 1315 640 1502 680; x_wconf 72' lang='lat' dir='ltr'>saeculares,</span> <span class='ocrx_word' id='word_1_344' title='bbox 1530 640 1616 674; x_wconf 58' lang='lat' dir='ltr'>tobis</span> <span class='ocrx_word' id='word_1_345' title='bbox 1636 641 1750 681; x_wconf 87' lang='lat' dir='ltr'>invitis,</span> <span class='ocrx_word' id='word_1_346' title='bbox 1769 641 1827 675; x_wconf 75' lang='lat' dir='ltr'>ati·</span> <span class='ocrx_word' id='word_1_347' title='bbox 1841 639 1895 689; x_wconf 46' lang='grc' dir='ltr'>ΓΜ·</span> 
     </span>
     <span class='ocr_line' id='line_1_75' title="bbox 1081 690 1865 737; baseline 0 -12"><span class='ocrx_word' id='word_1_348' title='bbox 1081 702 1213 737; x_wconf 84' lang='lat' dir='ltr'>quorum</span> <span class='ocrx_word' id='word_1_349' title='bbox 1250 702 1380 736; x_wconf 77' lang='lat' dir='ltr'>corpora</span> <span class='ocrx_word' id='word_1_350' title='bbox 1409 690 1628 724; x_wconf 82' lang='lat' dir='ltr'>defunctorum</span> <span class='ocrx_word' id='word_1_351' title='bbox 1658 690 1688 724; x_wconf 94' lang='lat' dir='ltr'>in</span> <span class='ocrx_word' id='word_1_352' title='bbox 1717 690 1865 726; x_wconf 64' lang='lat' dir='ltr'>vestrisv=</span> 
     </span>
     <span class='ocr_line' id='line_1_76' title="bbox 1081 730 1864 786; baseline -0.004 -11"><span class='ocrx_word' id='word_1_353' title='bbox 1081 739 1278 775; x_wconf 81' lang='lat' dir='ltr'>coemeteriis</span> <span class='ocrx_word' id='word_1_354' title='bbox 1310 739 1455 786; x_wconf 81' lang='lat' dir='ltr'>sepelire,</span> <span class='ocrx_word' id='word_1_355' title='bbox 1477 748 1530 773; x_wconf 91' lang='lat' dir='ltr'>aut</span> <span class='ocrx_word' id='word_1_356' title='bbox 1552 740 1582 773; x_wconf 93' lang='lat' dir='ltr'>in</span> <span class='ocrx_word' id='word_1_357' title='bbox 1606 739 1747 774; x_wconf 88' lang='lat' dir='ltr'>ecelesiis</span> <span class='ocrx_word' id='word_1_358' title='bbox 1769 730 1864 781; x_wconf 50' lang='lat' dir='ltr'>ve-{sj</span> 
     </span>
    </p>
   </div>
   <div class='ocr_carea' id='block_1_18' title="bbox 1082 789 1829 985">
    <p class='ocr_par' dir='ltr' id='par_1_23' title="bbox 1082 789 1829 985">
     <span class='ocr_line' id='line_1_77' title="bbox 1082 789 1829 837; baseline 0 -14"><span class='ocrx_word' id='word_1_359' title='bbox 1082 790 1153 824; x_wconf 76' lang='lat' dir='ltr'>stris</span> <span class='ocrx_word' id='word_1_360' title='bbox 1175 789 1341 823; x_wconf 87' lang='lat' dir='ltr'>missarum</span> <span class='ocrx_word' id='word_1_361' title='bbox 1369 789 1532 829; x_wconf 86' lang='lat' dir='ltr'>solemnia,</span> <span class='ocrx_word' id='word_1_362' title='bbox 1560 789 1607 823; x_wconf 74' lang='lat' dir='ltr'>vel</span> <span class='ocrx_word' id='word_1_363' title='bbox 1631 802 1687 837; x_wconf 86' lang='lat' dir='ltr'>pro</span> <span class='ocrx_word' id='word_1_364' title='bbox 1710 790 1829 824; x_wconf 86' lang='lat' dir='ltr'>anima-</span> 
     </span>
     <span class='ocr_line' id='line_1_78' title="bbox 1084 837 1827 884; baseline 0 -11"><span class='ocrx_word' id='word_1_365' title='bbox 1084 839 1141 873; x_wconf 89' lang='lat' dir='ltr'>hus</span> <span class='ocrx_word' id='word_1_366' title='bbox 1163 850 1285 877; x_wconf 89' lang='lat' dir='ltr'>eorum,</span> <span class='ocrx_word' id='word_1_367' title='bbox 1302 837 1356 884; x_wconf 87' lang='lat' dir='ltr'>qui</span> <span class='ocrx_word' id='word_1_368' title='bbox 1378 838 1414 872; x_wconf 91' lang='lat' dir='ltr'>ad</span> <span class='ocrx_word' id='word_1_369' title='bbox 1440 839 1504 872; x_wconf 88' lang='lat' dir='ltr'>loca</span> <span class='ocrx_word' id='word_1_370' title='bbox 1526 847 1625 873; x_wconf 82' lang='lat' dir='ltr'>vestra</span> <span class='ocrx_word' id='word_1_371' title='bbox 1653 839 1827 873; x_wconf 84' lang='lat' dir='ltr'>tumulandi</span> 
     </span>
     <span class='ocr_line' id='line_1_79' title="bbox 1085 887 1829 934; baseline 0.001 -12"><span class='ocrx_word' id='word_1_372' title='bbox 1085 889 1211 927; x_wconf 89' lang='lat' dir='ltr'>l&#39;ueriut,</span> <span class='ocrx_word' id='word_1_373' title='bbox 1241 887 1356 921; x_wconf 86' lang='lat' dir='ltr'>ibidem</span> <span class='ocrx_word' id='word_1_374' title='bbox 1381 888 1530 934; x_wconf 82' lang='lat' dir='ltr'>exequias</span> <span class='ocrx_word' id='word_1_375' title='bbox 1551 888 1710 923; x_wconf 88' lang='lat' dir='ltr'>celebrare</span> <span class='ocrx_word' id='word_1_376' title='bbox 1727 917 1735 929; x_wconf 86' lang='lat'>,</span> <span class='ocrx_word' id='word_1_377' title='bbox 1763 889 1829 923; x_wconf 91' lang='lat' dir='ltr'>sine</span> 
     </span>
     <span class='ocr_line' id='line_1_80' title="bbox 1086 937 1829 985; baseline 0.001 -13"><span class='ocrx_word' id='word_1_378' title='bbox 1086 946 1190 973; x_wconf 70' lang='lat' dir='ltr'>vestro</span> <span class='ocrx_word' id='word_1_379' title='bbox 1212 949 1341 971; x_wconf 85' lang='lat' dir='ltr'>assensu</span> <span class='ocrx_word' id='word_1_380' title='bbox 1359 946 1411 972; x_wconf 82' lang='lat' dir='ltr'>aut</span> <span class='ocrx_word' id='word_1_381' title='bbox 1429 937 1599 982; x_wconf 80' lang='lat' dir='ltr'>voluntate,</span> <span class='ocrx_word' id='word_1_382' title='bbox 1616 947 1829 985; x_wconf 83' lang='lat' dir='ltr'>praesumant.</span> 
     </span>
    </p>
   </div>
   <div class='ocr_carea' id='block_1_19' title="bbox 1133 987 1931 1033">
    <p class='ocr_par' dir='ltr' id='par_1_24' title="bbox 1133 987 1931 1033">
     <span class='ocr_line' id='line_1_81' title="bbox 1133 987 1931 1033; baseline 0.004 -13.023"><span class='ocrx_word' id='word_1_383' title='bbox 1135 992 1148 1015; x_wconf 66' lang='grc'>’·</span> <span class='ocrx_word' id='word_1_384' title='bbox 1133 989 1228 1031; x_wconf 56' lang='lat'>3¹21.</span> <span class='ocrx_word' id='word_1_385' title='bbox 1244 987 1368 1021; x_wconf 85' lang='lat' dir='ltr'>Etcum</span> <span class='ocrx_word' id='word_1_386' title='bbox 1384 987 1746 1033; x_wconf 77' lang='lat' dir='ltr'>generaleinterdictum</span> <span class='ocrx_word' id='word_1_387' title='bbox 1761 988 1831 1023; x_wconf 89' lang='lat' dir='ltr'>fue—</span> <span class='ocrx_word' id='word_1_388' title='bbox 1857 1003 1882 1022; x_wconf 91' lang='grc' dir='ltr'>ι</span> <span class='ocrx_word' id='word_1_389' title='bbox 1887 1009 1931 1028; x_wconf 76' lang='grc' dir='ltr'>η</span> 
     </span>
    </p>
   </div>
   <div class='ocr_carea' id='block_1_20' title="bbox 1087 1007 1897 2128">
    <p class='ocr_par' dir='ltr' id='par_1_25' title="bbox 1087 1007 1897 2128">
     <span class='ocr_line' id='line_1_82' title="bbox 1087 1007 1897 1114; baseline -0.001 -42"><span class='ocrx_word' id='word_1_390' title='bbox 1087 1007 1149 1076; x_wconf 61' lang='grc' dir='ltr'>ιἰι,δ</span> <span class='ocrx_word' id='word_1_391' title='bbox 1161 1038 1191 1070; x_wconf 87' lang='grc' dir='ltr'>ιιι</span> <span class='ocrx_word' id='word_1_392' title='bbox 1214 1036 1356 1071; x_wconf 87' lang='lat' dir='ltr'>ecclesiis</span> <span class='ocrx_word' id='word_1_393' title='bbox 1382 1045 1412 1072; x_wconf 85' lang='lat' dir='ltr'>et</span> <span class='ocrx_word' id='word_1_394' title='bbox 1435 1037 1577 1071; x_wconf 80' lang='lat' dir='ltr'>oratoriis</span> <span class='ocrx_word' id='word_1_395' title='bbox 1595 1038 1703 1072; x_wconf 83' lang='lat' dir='ltr'>vestris</span> <span class='ocrx_word' id='word_1_396' title='bbox 1718 1046 1747 1072; x_wconf 85' lang='lat' dir='ltr'>et</span> <span class='ocrx_word' id='word_1_397' title='bbox 1765 1038 1897 1114; x_wconf 53' lang='grc' dir='ltr'>ιιιιιεξχχχχ</span> 
     </span>
     <span class='ocr_line' id='line_1_83' title="bbox 1087 1086 1871 1134; baseline 0.003 -14"><span class='ocrx_word' id='word_1_398' title='bbox 1087 1086 1365 1134; x_wconf 83' lang='lat' dir='ltr'>quibuscumque,</span> <span class='ocrx_word' id='word_1_399' title='bbox 1391 1087 1438 1121; x_wconf 74' lang='grc' dir='ltr'>ιει</span> <span class='ocrx_word' id='word_1_400' title='bbox 1469 1099 1541 1121; x_wconf 91' lang='lat' dir='ltr'>cum</span> <span class='ocrx_word' id='word_1_401' title='bbox 1570 1086 1607 1121; x_wconf 89' lang='lat' dir='ltr'>ad</span> <span class='ocrx_word' id='word_1_402' title='bbox 1630 1087 1697 1121; x_wconf 87' lang='lat' dir='ltr'>loca</span> <span class='ocrx_word' id='word_1_403' title='bbox 1722 1099 1871 1134; x_wconf 73' lang='lat' dir='ltr'>perve-10</span> 
     </span>
     <span class='ocr_line' id='line_1_84' title="bbox 1088 1136 1835 1183; baseline 0 -12"><span class='ocrx_word' id='word_1_404' title='bbox 1088 1136 1198 1172; x_wconf 88' lang='lat' dir='ltr'>neritis</span> <span class='ocrx_word' id='word_1_405' title='bbox 1224 1136 1436 1171; x_wconf 85' lang='lat' dir='ltr'>ecclesiastico</span> <span class='ocrx_word' id='word_1_406' title='bbox 1465 1137 1629 1183; x_wconf 86' lang='lat' dir='ltr'>supposita</span> <span class='ocrx_word' id='word_1_407' title='bbox 1657 1136 1835 1181; x_wconf 86' lang='lat' dir='ltr'>interdicto,</span> 
     </span>
     <span class='ocr_line' id='line_1_85' title="bbox 1088 1186 1836 1229; baseline -0.001 -8"><span class='ocrx_word' id='word_1_408' title='bbox 1088 1186 1204 1221; x_wconf 77' lang='lat' dir='ltr'>clausis</span> <span class='ocrx_word' id='word_1_409' title='bbox 1231 1186 1332 1220; x_wconf 90' lang='lat' dir='ltr'>ianuis</span> <span class='ocrx_word' id='word_1_410' title='bbox 1360 1186 1549 1229; x_wconf 87' lang='lat' dir='ltr'>(interdictis</span> <span class='ocrx_word' id='word_1_411' title='bbox 1562 1194 1593 1221; x_wconf 91' lang='lat' dir='ltr'>et</span> <span class='ocrx_word' id='word_1_412' title='bbox 1615 1187 1836 1221; x_wconf 82' lang='lat' dir='ltr'>excommuni-</span> 
     </span>
     <span class='ocr_line' id='line_1_86' title="bbox 1089 1235 1837 1283; baseline -0.001 -12"><span class='ocrx_word' id='word_1_413' title='bbox 1089 1236 1166 1271; x_wconf 85' lang='lat' dir='ltr'>catis</span> <span class='ocrx_word' id='word_1_414' title='bbox 1193 1235 1354 1280; x_wconf 73' lang='lat' dir='ltr'>exclusis),</span> <span class='ocrx_word' id='word_1_415' title='bbox 1377 1248 1438 1270; x_wconf 90' lang='lat' dir='ltr'>non</span> <span class='ocrx_word' id='word_1_416' title='bbox 1472 1235 1603 1283; x_wconf 89' lang='lat' dir='ltr'>pulsatis</span> <span class='ocrx_word' id='word_1_417' title='bbox 1625 1237 1785 1282; x_wconf 85' lang='lat' dir='ltr'>campanis</span> <span class='ocrx_word' id='word_1_418' title='bbox 1807 1244 1837 1271; x_wconf 88' lang='lat' dir='ltr'>et</span> 
     </span>
     <span class='ocr_line' id='line_1_87' title="bbox 1090 1285 1838 1329; baseline -0.001 -8"><span class='ocrx_word' id='word_1_419' title='bbox 1090 1285 1246 1321; x_wconf 86' lang='lat' dir='ltr'>submissa</span> <span class='ocrx_word' id='word_1_420' title='bbox 1270 1297 1355 1329; x_wconf 89' lang='lat' dir='ltr'>voce,</span> <span class='ocrx_word' id='word_1_421' title='bbox 1377 1285 1468 1319; x_wconf 86' lang='lat' dir='ltr'>liceat</span> <span class='ocrx_word' id='word_1_422' title='bbox 1495 1285 1584 1320; x_wconf 86' lang='lat' dir='ltr'>vohis</span> <span class='ocrx_word' id='word_1_423' title='bbox 1605 1285 1762 1320; x_wconf 88' lang='lat' dir='ltr'>celebrare</span> <span class='ocrx_word' id='word_1_424' title='bbox 1789 1285 1838 1320; x_wconf 89' lang='lat' dir='ltr'>di-</span> 
     </span>
     <span class='ocr_line' id='line_1_88' title="bbox 1092 1335 1837 1381; baseline -0.001 -11"><span class='ocrx_word' id='word_1_425' title='bbox 1092 1337 1173 1379; x_wconf 87' lang='lat' dir='ltr'>vina,</span> <span class='ocrx_word' id='word_1_426' title='bbox 1188 1343 1218 1369; x_wconf 87' lang='lat' dir='ltr'>et</span> <span class='ocrx_word' id='word_1_427' title='bbox 1240 1335 1451 1370; x_wconf 85' lang='lat' dir='ltr'>ecclesiastica</span> <span class='ocrx_word' id='word_1_428' title='bbox 1471 1336 1612 1381; x_wconf 84' lang='lat' dir='ltr'>recipere</span> <span class='ocrx_word' id='word_1_429' title='bbox 1634 1344 1837 1374; x_wconf 84' lang='lat' dir='ltr'>sacramenta,</span> 
     </span>
     <span class='ocr_line' id='line_1_89' title="bbox 1092 1385 1839 1420; baseline -0.001 0"><span class='ocrx_word' id='word_1_430' title='bbox 1092 1385 1265 1420; x_wconf 89' lang='lat' dir='ltr'>dummodo</span> <span class='ocrx_word' id='word_1_431' title='bbox 1293 1397 1418 1419; x_wconf 86' lang='lat' dir='ltr'>causam</span> <span class='ocrx_word' id='word_1_432' title='bbox 1443 1397 1504 1418; x_wconf 93' lang='lat' dir='ltr'>non</span> <span class='ocrx_word' id='word_1_433' title='bbox 1532 1385 1683 1420; x_wconf 85' lang='lat' dir='ltr'>dederitis</span> <span class='ocrx_word' id='word_1_434' title='bbox 1706 1385 1839 1419; x_wconf 87' lang='lat' dir='ltr'>interdi-</span> 
     </span>
     <span class='ocr_line' id='line_1_90' title="bbox 1093 1434 1840 1482; baseline -0.001 -12"><span class='ocrx_word' id='word_1_435' title='bbox 1093 1444 1155 1479; x_wconf 91' lang='lat' dir='ltr'>cto,</span> <span class='ocrx_word' id='word_1_436' title='bbox 1179 1447 1235 1469; x_wconf 88' lang='lat' dir='ltr'>nec</span> <span class='ocrx_word' id='word_1_437' title='bbox 1257 1435 1419 1480; x_wconf 81' lang='lat' dir='ltr'>contingat</span> <span class='ocrx_word' id='word_1_438' title='bbox 1441 1434 1529 1469; x_wconf 88' lang='lat' dir='ltr'>vobis</span> <span class='ocrx_word' id='word_1_439' title='bbox 1547 1434 1726 1482; x_wconf 85' lang='lat' dir='ltr'>specialiter</span> <span class='ocrx_word' id='word_1_440' title='bbox 1742 1435 1840 1469; x_wconf 90' lang='lat' dir='ltr'>inter-</span> 
     </span>
     <span class='ocr_line' id='line_1_91' title="bbox 1093 1484 1839 1532; baseline -0.001 -13"><span class='ocrx_word' id='word_1_441' title='bbox 1093 1485 1179 1528; x_wconf 88' lang='lat' dir='ltr'>dici,</span> <span class='ocrx_word' id='word_1_442' title='bbox 1216 1496 1319 1531; x_wconf 90' lang='lat' dir='ltr'>neque</span> <span class='ocrx_word' id='word_1_443' title='bbox 1354 1484 1504 1519; x_wconf 86' lang='lat' dir='ltr'>ecelesiae</span> <span class='ocrx_word' id='word_1_444' title='bbox 1532 1485 1579 1519; x_wconf 81' lang='lat' dir='ltr'>vel</span> <span class='ocrx_word' id='word_1_445' title='bbox 1613 1485 1746 1519; x_wconf 87' lang='lat' dir='ltr'>oratoria</span> <span class='ocrx_word' id='word_1_446' title='bbox 1774 1485 1839 1532; x_wconf 89' lang='lat' dir='ltr'>ipsa</span> 
     </span>
     <span class='ocr_line' id='line_1_92' title="bbox 1095 1533 1838 1582; baseline -0.003 -13"><span class='ocrx_word' id='word_1_447' title='bbox 1095 1535 1209 1570; x_wconf 83' lang='lat' dir='ltr'>suerint</span> <span class='ocrx_word' id='word_1_448' title='bbox 1225 1534 1402 1581; x_wconf 87' lang='lat' dir='ltr'>specialiter</span> <span class='ocrx_word' id='word_1_449' title='bbox 1422 1533 1598 1569; x_wconf 84' lang='lat' dir='ltr'>interdicta.</span> <span class='ocrx_word' id='word_1_450' title='bbox 1616 1533 1674 1568; x_wconf 90' lang='lat' dir='ltr'>His</span> <span class='ocrx_word' id='word_1_451' title='bbox 1688 1546 1771 1577; x_wconf 91' lang='lat' dir='ltr'>vero,</span> <span class='ocrx_word' id='word_1_452' title='bbox 1786 1535 1838 1582; x_wconf 91' lang='lat' dir='ltr'>qui</span> 
     </span>
     <span class='ocr_line' id='line_1_93' title="bbox 1095 1584 1842 1631; baseline -0.001 -12"><span class='ocrx_word' id='word_1_453' title='bbox 1095 1585 1205 1620; x_wconf 83' lang='lat' dir='ltr'>vestris</span> <span class='ocrx_word' id='word_1_454' title='bbox 1233 1592 1394 1619; x_wconf 88' lang='lat' dir='ltr'>morantur</span> <span class='ocrx_word' id='word_1_455' title='bbox 1415 1584 1585 1631; x_wconf 87' lang='lat' dir='ltr'>obsequiis,</span> <span class='ocrx_word' id='word_1_456' title='bbox 1609 1592 1721 1618; x_wconf 89' lang='lat' dir='ltr'>cuncta</span> <span class='ocrx_word' id='word_1_457' title='bbox 1744 1584 1842 1619; x_wconf 90' lang='lat' dir='ltr'>libere</span> 
     </span>
     <span class='ocr_line' id='line_1_94' title="bbox 1097 1634 1842 1680; baseline 0 -12"><span class='ocrx_word' id='word_1_458' title='bbox 1097 1634 1274 1668; x_wconf 88' lang='lat' dir='ltr'>ministrare</span> <span class='ocrx_word' id='word_1_459' title='bbox 1290 1634 1429 1680; x_wconf 85' lang='lat' dir='ltr'>poteritis</span> <span class='ocrx_word' id='word_1_460' title='bbox 1444 1634 1654 1668; x_wconf 86' lang='lat' dir='ltr'>ecclesiastica</span> <span class='ocrx_word' id='word_1_461' title='bbox 1670 1646 1842 1669; x_wconf 88' lang='lat' dir='ltr'>sacramen-</span> 
     </span>
     <span class='ocr_line' id='line_1_95' title="bbox 1097 1683 1843 1731; baseline -0.001 -12"><span class='ocrx_word' id='word_1_462' title='bbox 1097 1693 1136 1725; x_wconf 89' lang='lat' dir='ltr'>ta,</span> <span class='ocrx_word' id='word_1_463' title='bbox 1159 1692 1187 1718; x_wconf 87' lang='lat' dir='ltr'>et</span> <span class='ocrx_word' id='word_1_464' title='bbox 1217 1684 1313 1731; x_wconf 84' lang='lat' dir='ltr'>ipsos,</span> <span class='ocrx_word' id='word_1_465' title='bbox 1340 1696 1413 1717; x_wconf 92' lang='lat' dir='ltr'>cum</span> <span class='ocrx_word' id='word_1_466' title='bbox 1441 1683 1648 1728; x_wconf 83' lang='lat' dir='ltr'>decesserint,</span> <span class='ocrx_word' id='word_1_467' title='bbox 1674 1684 1703 1717; x_wconf 94' lang='lat' dir='ltr'>in</span> <span class='ocrx_word' id='word_1_468' title='bbox 1731 1685 1843 1719; x_wconf 81' lang='lat' dir='ltr'>vestris</span> 
     </span>
     <span class='ocr_line' id='line_1_96' title="bbox 1096 1733 1842 1780; baseline -0.001 -12"><span class='ocrx_word' id='word_1_469' title='bbox 1096 1734 1238 1768; x_wconf 92' lang='lat' dir='ltr'>oratoriis</span> <span class='ocrx_word' id='word_1_470' title='bbox 1276 1733 1421 1780; x_wconf 85' lang='lat' dir='ltr'>sepelire.</span> <span class='ocrx_word' id='word_1_471' title='bbox 1449 1733 1482 1767; x_wconf 88' lang='lat' dir='ltr'>Si</span> <span class='ocrx_word' id='word_1_472' title='bbox 1517 1733 1644 1780; x_wconf 91' lang='lat' dir='ltr'>quando</span> <span class='ocrx_word' id='word_1_473' title='bbox 1671 1741 1774 1768; x_wconf 89' lang='lat' dir='ltr'>autem</span> <span class='ocrx_word' id='word_1_474' title='bbox 1812 1734 1842 1767; x_wconf 94' lang='lat' dir='ltr'>in</span> 
     </span>
     <span class='ocr_line' id='line_1_97' title="bbox 1098 1782 1843 1830; baseline 0 -12"><span class='ocrx_word' id='word_1_475' title='bbox 1098 1784 1199 1828; x_wconf 87' lang='lat' dir='ltr'>terris,</span> <span class='ocrx_word' id='word_1_476' title='bbox 1223 1783 1254 1817; x_wconf 93' lang='lat' dir='ltr'>in</span> <span class='ocrx_word' id='word_1_477' title='bbox 1278 1783 1391 1830; x_wconf 88' lang='lat' dir='ltr'>quibus</span> <span class='ocrx_word' id='word_1_478' title='bbox 1414 1782 1568 1823; x_wconf 83' lang='lat' dir='ltr'>residetis,</span> <span class='ocrx_word' id='word_1_479' title='bbox 1591 1783 1638 1817; x_wconf 87' lang='lat' dir='ltr'>vel</span> <span class='ocrx_word' id='word_1_480' title='bbox 1652 1795 1759 1817; x_wconf 90' lang='lat' dir='ltr'>eorum</span> <span class='ocrx_word' id='word_1_481' title='bbox 1781 1796 1843 1829; x_wconf 86' lang='lat' dir='ltr'>per-</span> 
     </span>
     <span class='ocr_line' id='line_1_98' title="bbox 1097 1832 1845 1868; baseline -0.001 0"><span class='ocrx_word' id='word_1_482' title='bbox 1097 1834 1182 1868; x_wconf 87' lang='lat' dir='ltr'>sonis</span> <span class='ocrx_word' id='word_1_483' title='bbox 1195 1833 1531 1868; x_wconf 84' lang='lat' dir='ltr'>excommunicationis</span> <span class='ocrx_word' id='word_1_484' title='bbox 1544 1845 1598 1867; x_wconf 87' lang='lat' dir='ltr'>seu</span> <span class='ocrx_word' id='word_1_485' title='bbox 1612 1832 1765 1868; x_wconf 86' lang='lat' dir='ltr'>interdicti</span> <span class='ocrx_word' id='word_1_486' title='bbox 1778 1845 1845 1867; x_wconf 87' lang='lat' dir='ltr'>sen-</span> 
     </span>
     <span class='ocr_line' id='line_1_99' title="bbox 1098 1883 1846 1930; baseline -0.003 -12"><span class='ocrx_word' id='word_1_487' title='bbox 1098 1883 1210 1918; x_wconf 86' lang='lat' dir='ltr'>tentias</span> <span class='ocrx_word' id='word_1_488' title='bbox 1224 1883 1390 1929; x_wconf 80' lang='lat' dir='ltr'>contigerit</span> <span class='ocrx_word' id='word_1_489' title='bbox 1403 1883 1607 1930; x_wconf 82' lang='lat' dir='ltr'>promulgari,</span> <span class='ocrx_word' id='word_1_490' title='bbox 1631 1883 1719 1930; x_wconf 87' lang='lat' dir='ltr'>pueri</span> <span class='ocrx_word' id='word_1_491' title='bbox 1736 1883 1846 1917; x_wconf 79' lang='lat' dir='ltr'>vestris</span> 
     </span>
     <span class='ocr_line' id='line_1_100' title="bbox 1098 1933 1845 1980; baseline -0.003 -12"><span class='ocrx_word' id='word_1_492' title='bbox 1098 1933 1231 1968; x_wconf 78' lang='lat' dir='ltr'>servitiis</span> <span class='ocrx_word' id='word_1_493' title='bbox 1259 1933 1401 1980; x_wconf 89' lang='lat' dir='ltr'>deputati</span> <span class='ocrx_word' id='word_1_494' title='bbox 1437 1933 1700 1980; x_wconf 79' lang='lat' dir='ltr'>negotiorumque</span> <span class='ocrx_word' id='word_1_495' title='bbox 1728 1942 1845 1967; x_wconf 65' lang='lat' dir='ltr'>restro·</span> 
     </span>
     <span class='ocr_line' id='line_1_101' title="bbox 1100 1982 1846 2032; baseline -0.005 -12"><span class='ocrx_word' id='word_1_496' title='bbox 1100 1998 1167 2020; x_wconf 90' lang='lat' dir='ltr'>rum</span> <span class='ocrx_word' id='word_1_497' title='bbox 1193 1994 1410 2032; x_wconf 88' lang='lat' dir='ltr'>procuratores</span> <span class='ocrx_word' id='word_1_498' title='bbox 1432 1991 1461 2018; x_wconf 88' lang='lat' dir='ltr'>et</span> <span class='ocrx_word' id='word_1_499' title='bbox 1484 1983 1628 2029; x_wconf 86' lang='lat' dir='ltr'>operarii,</span> <span class='ocrx_word' id='word_1_500' title='bbox 1657 1982 1708 2029; x_wconf 89' lang='lat' dir='ltr'>qui</span> <span class='ocrx_word' id='word_1_501' title='bbox 1734 1982 1763 2015; x_wconf 90' lang='lat' dir='ltr'>in</span> <span class='ocrx_word' id='word_1_502' title='bbox 1788 1994 1846 2016; x_wconf 77' lang='lat' dir='ltr'>ve-</span> 
     </span>
     <span class='ocr_line' id='line_1_102' title="bbox 1099 2032 1846 2080; baseline -0.005 -9"><span class='ocrx_word' id='word_1_503' title='bbox 1099 2037 1171 2071; x_wconf 84' lang='lat' dir='ltr'>stris</span> <span class='ocrx_word' id='word_1_504' title='bbox 1204 2036 1280 2070; x_wconf 91' lang='lat' dir='ltr'>locis</span> <span class='ocrx_word' id='word_1_505' title='bbox 1314 2047 1423 2069; x_wconf 89' lang='lat' dir='ltr'>eorum</span> <span class='ocrx_word' id='word_1_506' title='bbox 1462 2034 1612 2080; x_wconf 88' lang='lat' dir='ltr'>operibus</span> <span class='ocrx_word' id='word_1_507' title='bbox 1642 2032 1846 2079; x_wconf 88' lang='lat' dir='ltr'>personaliter</span> 
     </span>
     <span class='ocr_line' id='line_1_103' title="bbox 1100 2082 1846 2128; baseline -0.008 -7"><span class='ocrx_word' id='word_1_508' title='bbox 1100 2087 1250 2121; x_wconf 85' lang='lat' dir='ltr'>continue</span> <span class='ocrx_word' id='word_1_509' title='bbox 1278 2085 1456 2128; x_wconf 80' lang='lat' dir='ltr'>institerint,</span> <span class='ocrx_word' id='word_1_510' title='bbox 1478 2083 1658 2118; x_wconf 89' lang='lat' dir='ltr'>huiusmodi</span> <span class='ocrx_word' id='word_1_511' title='bbox 1682 2082 1846 2116; x_wconf 89' lang='lat' dir='ltr'>sententiis</span> 
     </span>
    </p>
   </div>
   <div class='ocr_carea' id='block_1_21' title="bbox 1840 238 2017 264">
    <p class='ocr_par' dir='ltr' id='par_1_26' title="bbox 1840 238 2017 264">
     <span class='ocr_line' id='line_1_104' title="bbox 1840 238 2017 264; baseline 0 -1"><span class='ocrx_word' id='word_1_512' title='bbox 1840 243 1856 263; x_wconf 68' lang='lat' dir='ltr'><strong>A</strong></span> <span class='ocrx_word' id='word_1_513' title='bbox 1905 238 1932 264; x_wconf 65' lang='lat' dir='ltr'>C.</span> <span class='ocrx_word' id='word_1_514' title='bbox 1956 240 2017 264; x_wconf 60' lang='lat' dir='ltr'>{litt-⁶,</span> 
     </span>
    </p>
   </div>
   <div class='ocr_carea' id='block_1_22' title="bbox 1849 1033 2029 1059">
    <p class='ocr_par' dir='ltr' id='par_1_27' title="bbox 1849 1033 2029 1059">
     <span class='ocr_line' id='line_1_105' title="bbox 1849 1033 2029 1059; baseline 0.006 -8.038"><span class='ocrx_word' id='word_1_515' title='bbox 1849 1033 2029 1059; x_wconf 83' lang='lat' dir='ltr'>¹¹t¹¹</span> 
     </span>
    </p>
   </div>
   <div class='ocr_carea' id='block_1_23' title="bbox 1100 2132 1873 2180">
    <p class='ocr_par' dir='ltr' id='par_1_28' title="bbox 1100 2132 1873 2180">
     <span class='ocr_line' id='line_1_106' title="bbox 1100 2132 1873 2180; baseline -0.008 -9"><span class='ocrx_word' id='word_1_516' title='bbox 1100 2137 1225 2171; x_wconf 82' lang='lat' dir='ltr'>obnoxii</span> <span class='ocrx_word' id='word_1_517' title='bbox 1249 2136 1378 2170; x_wconf 88' lang='lat' dir='ltr'>minime</span> <span class='ocrx_word' id='word_1_518' title='bbox 1397 2134 1584 2173; x_wconf 78' lang='lat' dir='ltr'>habeantur,</span> <span class='ocrx_word' id='word_1_519' title='bbox 1600 2132 1706 2180; x_wconf 90' lang='lat' dir='ltr'>ibique</span> <span class='ocrx_word' id='word_1_520' title='bbox 1726 2133 1847 2179; x_wconf 76' lang='lat' dir='ltr'>possint</span> <span class='ocrx_word' id='word_1_521' title='bbox 1869 2167 1873 2173; x_wconf 55' lang='grc' dir='ltr'>χ</span> 
     </span>
    </p>
   </div>
   <div class='ocr_carea' id='block_1_24' title="bbox 1100 2182 1849 2482">
    <p class='ocr_par' dir='ltr' id='par_1_29' title="bbox 1100 2182 1848 2423">
     <span class='ocr_line' id='line_1_107' title="bbox 1100 2182 1848 2230; baseline -0.008 -9"><span class='ocrx_word' id='word_1_522' title='bbox 1100 2186 1208 2222; x_wconf 83' lang='lat' dir='ltr'>audire</span> <span class='ocrx_word' id='word_1_523' title='bbox 1231 2186 1360 2230; x_wconf 68' lang='lat' dir='ltr'>dixina,</span> <span class='ocrx_word' id='word_1_524' title='bbox 1392 2185 1476 2219; x_wconf 87' lang='lat' dir='ltr'>iuxta</span> <span class='ocrx_word' id='word_1_525' title='bbox 1503 2183 1635 2218; x_wconf 87' lang='lat' dir='ltr'>formam</span> <span class='ocrx_word' id='word_1_526' title='bbox 1663 2195 1743 2230; x_wconf 90' lang='lat' dir='ltr'>quae</span> <span class='ocrx_word' id='word_1_527' title='bbox 1771 2182 1848 2216; x_wconf 84' lang='lat' dir='ltr'>loeis</span> 
     </span>
     <span class='ocr_line' id='line_1_108' title="bbox 1102 2214 1848 2285; baseline -0.008 -13"><span class='ocrx_word' id='word_1_528' title='bbox 1102 2237 1178 2285; x_wconf 88' lang='lat' dir='ltr'>ipsis</span> <span class='ocrx_word' id='word_1_529' title='bbox 1200 2250 1236 2272; x_wconf 91' lang='lat' dir='ltr'>eo</span> <span class='ocrx_word' id='word_1_530' title='bbox 1258 2249 1332 2271; x_wconf 88' lang='lat' dir='ltr'>casu</span> <span class='ocrx_word' id='word_1_531' title='bbox 1351 2214 1371 2270; x_wconf 79' lang='lat' dir='ltr'>7a</span> <span class='ocrx_word' id='word_1_532' title='bbox 1393 2234 1475 2269; x_wconf 86' lang='lat' dir='ltr'>Sede</span> <span class='ocrx_word' id='word_1_533' title='bbox 1498 2233 1678 2280; x_wconf 87' lang='lat' dir='ltr'>Apostolica</span> <span class='ocrx_word' id='word_1_534' title='bbox 1706 2241 1752 2267; x_wconf 89' lang='lat' dir='ltr'>est</span> <span class='ocrx_word' id='word_1_535' title='bbox 1771 2244 1848 2266; x_wconf 84' lang='lat' dir='ltr'>con-</span> 
     </span>
     <span class='ocr_line' id='line_1_109' title="bbox 1101 2282 1849 2327; baseline -0.01 -4"><span class='ocrx_word' id='word_1_536' title='bbox 1101 2300 1199 2327; x_wconf 82' lang='lat' dir='ltr'>cessa,</span> <span class='ocrx_word' id='word_1_537' title='bbox 1223 2288 1280 2321; x_wconf 84' lang='lat' dir='ltr'>nisi</span> <span class='ocrx_word' id='word_1_538' title='bbox 1300 2286 1401 2322; x_wconf 89' lang='lat' dir='ltr'>eidem</span> <span class='ocrx_word' id='word_1_539' title='bbox 1417 2296 1539 2319; x_wconf 78' lang='lat' dir='ltr'>causim</span> <span class='ocrx_word' id='word_1_540' title='bbox 1553 2283 1710 2325; x_wconf 88' lang='lat' dir='ltr'>dederint,</span> <span class='ocrx_word' id='word_1_541' title='bbox 1732 2282 1780 2317; x_wconf 67' lang='lat' dir='ltr'>iel</span> <span class='ocrx_word' id='word_1_542' title='bbox 1799 2294 1849 2317; x_wconf 81' lang='lat' dir='ltr'>ex-</span> 
     </span>
     <span class='ocr_line' id='line_1_110' title="bbox 1101 2332 1849 2383; baseline -0.01 -10"><span class='ocrx_word' id='word_1_543' title='bbox 1101 2337 1330 2373; x_wconf 87' lang='lat' dir='ltr'>communicari</span> <span class='ocrx_word' id='word_1_544' title='bbox 1346 2334 1524 2383; x_wconf 85' lang='lat' dir='ltr'>specialiter</span> <span class='ocrx_word' id='word_1_545' title='bbox 1536 2346 1591 2368; x_wconf 86' lang='lat' dir='ltr'>seu</span> <span class='ocrx_word' id='word_1_546' title='bbox 1619 2332 1762 2368; x_wconf 86' lang='lat' dir='ltr'>interdici</span> <span class='ocrx_word' id='word_1_547' title='bbox 1777 2344 1849 2367; x_wconf 87' lang='lat' dir='ltr'>cou-</span> 
     </span>
     <span class='ocr_line' id='line_1_111' title="bbox 1103 2387 1362 2435; baseline -0.008 -13"><span class='ocrx_word' id='word_1_548' title='bbox 1103 2389 1202 2435; x_wconf 78' lang='lat' dir='ltr'>tingat</span> <span class='ocrx_word' id='word_1_549' title='bbox 1224 2387 1316 2422; x_wconf 80' lang='lat' dir='ltr'>eosde</span> <span class='ocrx_word' id='word_1_550' title='bbox 1309 2399 1362 2420; x_wconf 85' lang='grc' dir='ltr'>ι.ιι</span> 
     </span>
    </p>

    <p class='ocr_par' dir='ltr' id='par_1_30' title="bbox 1151 2432 1849 2482">
     <span class='ocr_line' id='line_1_112' title="bbox 1151 2432 1849 2482; baseline -0.01 -10"><span class='ocrx_word' id='word_1_551' title='bbox 1151 2443 1166 2482; x_wconf 67' lang='lat' dir='ltr'>§j</span> <span class='ocrx_word' id='word_1_552' title='bbox 1188 2435 1453 2472; x_wconf 73' lang='lat' dir='ltr'>22.Intiiben1us</span> <span class='ocrx_word' id='word_1_553' title='bbox 1476 2435 1603 2480; x_wconf 86' lang='lat' dir='ltr'>iusuper</span> <span class='ocrx_word' id='word_1_554' title='bbox 1623 2433 1775 2468; x_wconf 65' lang='lat' dir='ltr'>unixersis</span> <span class='ocrx_word' id='word_1_555' title='bbox 1794 2432 1849 2466; x_wconf 69' lang='grc' dir='ltr'>ιιι</span> 
     </span>
    </p>
   </div>
   <div class='ocr_carea' id='block_1_25' title="bbox 1103 2533 1850 2635">
    <p class='ocr_par' dir='ltr' id='par_1_31' title="bbox 1103 2533 1850 2635">
     <span class='ocr_line' id='line_1_113' title="bbox 1103 2533 1850 2582; baseline -0.011 -9"><span class='ocrx_word' id='word_1_556' title='bbox 1103 2538 1256 2573; x_wconf 86' lang='lat' dir='ltr'>cessitatis</span> <span class='ocrx_word' id='word_1_557' title='bbox 1279 2544 1409 2582; x_wconf 77' lang='lat' dir='ltr'>urgente</span> <span class='ocrx_word' id='word_1_558' title='bbox 1421 2534 1563 2578; x_wconf 83' lang='lat' dir='ltr'>articulo)</span> <span class='ocrx_word' id='word_1_559' title='bbox 1577 2533 1646 2567; x_wconf 86' lang='lat' dir='ltr'>aliis</span> <span class='ocrx_word' id='word_1_560' title='bbox 1660 2544 1751 2579; x_wconf 87' lang='lat' dir='ltr'>quam</span> <span class='ocrx_word' id='word_1_561' title='bbox 1769 2544 1850 2578; x_wconf 66' lang='lat' dir='ltr'>prze-</span> 
     </span>
     <span class='ocr_line' id='line_1_114' title="bbox 1139 2596 1848 2635; baseline -0.01 -9"><span class='ocrx_word' id='word_1_562' title='bbox 1139 2600 1177 2635; x_wconf 85' lang='lat'>(1)</span> <span class='ocrx_word' id='word_1_563' title='bbox 1196 2600 1254 2626; x_wconf 80' lang='lat' dir='ltr'>vid.</span> <span class='ocrx_word' id='word_1_564' title='bbox 1276 2600 1354 2627; x_wconf 70' lang='lat' dir='ltr'>Cone.</span> <span class='ocrx_word' id='word_1_565' title='bbox 1374 2597 1458 2629; x_wconf 64' lang='lat' dir='ltr'>Trid„</span> <span class='ocrx_word' id='word_1_566' title='bbox 1481 2605 1547 2624; x_wconf 83' lang='lat' dir='ltr'>sess.</span> <span class='ocrx_word' id='word_1_567' title='bbox 1565 2604 1635 2629; x_wconf 78' lang='lat' dir='ltr'>xxv,</span> <span class='ocrx_word' id='word_1_568' title='bbox 1661 2597 1696 2622; x_wconf 79' lang='lat' dir='ltr'>De</span> <span class='ocrx_word' id='word_1_569' title='bbox 1712 2596 1848 2628; x_wconf 53' lang='lat' dir='ltr'>Reyulnr„</span> 
     </span>
    </p>
   </div>
   <div class='ocr_carea' id='block_1_26' title="bbox 1083 2641 1218 2678">
    <p class='ocr_par' dir='ltr' id='par_1_32' title="bbox 1083 2641 1218 2678">
     <span class='ocr_line' id='line_1_115' title="bbox 1083 2641 1218 2678; baseline -0.022 -9"><span class='ocrx_word' id='word_1_570' title='bbox 1083 2672 1086 2678; x_wconf 64' lang='grc' dir='ltr'>χ</span> <span class='ocrx_word' id='word_1_571' title='bbox 1106 2649 1163 2676; x_wconf 85' lang='lat' dir='ltr'>cap.</span> <span class='ocrx_word' id='word_1_572' title='bbox 1189 2641 1218 2666; x_wconf 63' lang='lat' dir='ltr'>ta</span> 
     </span>
    </p>
   </div>
   <div class='ocr_carea' id='block_1_27' title="bbox 1915 1064 2031 1114">
    <p class='ocr_par' dir='ltr' id='par_1_33' title="bbox 1929 1064 2031 1114">
     <span class='ocr_line' id='line_1_116' title="bbox 1942 1064 2031 1082; baseline -0.015 0.348"><span class='ocrx_word' id='word_1_573' title='bbox 1942 1064 2031 1082; x_wconf 62' lang='lat' dir='ltr'>vta-bra&gt;</span> 
     </span>
     <span class='ocr_line' id='line_1_117' title="bbox 1915 1094 2022 1114; baseline 0 -1"><span class='ocrx_word' id='word_1_574' title='bbox 1915 1096 1970 1114; x_wconf 80' lang='grc' dir='ltr'>-ιι.ιιιι</span> <span class='ocrx_word' id='word_1_575' title='bbox 1994 1094 2022 1113; x_wconf 57' lang='grc' dir='ltr'>(Γ</span> 
     </span>
    </p>
   </div>
   <div class='ocr_carea' id='block_1_28' title="bbox 1104 2450 2046 2532">
    <p class='ocr_par' dir='ltr' id='par_1_34' title="bbox 1104 2450 2046 2532">
     <span class='ocr_line' id='line_1_118' title="bbox 1879 2450 2046 2470; baseline -0.012 -1"><span class='ocrx_word' id='word_1_576' title='bbox 1879 2450 1961 2470; x_wconf 59' lang='lat' dir='ltr'>l&#39;iuiim</span> <span class='ocrx_word' id='word_1_577' title='bbox 1994 2456 2046 2469; x_wconf 54' lang='lat' dir='ltr'>,wu-</span> 
     </span>
     <span class='ocr_line' id='line_1_119' title="bbox 1104 2482 2046 2532; baseline -0.01 -9"><span class='ocrx_word' id='word_1_578' title='bbox 1104 2488 1203 2523; x_wconf 88' lang='lat' dir='ltr'>tribus</span> <span class='ocrx_word' id='word_1_579' title='bbox 1225 2486 1366 2530; x_wconf 87' lang='lat' dir='ltr'>Ordinis,</span> <span class='ocrx_word' id='word_1_580' title='bbox 1382 2497 1420 2520; x_wconf 90' lang='lat' dir='ltr'>ne</span> <span class='ocrx_word' id='word_1_581' title='bbox 1444 2484 1557 2531; x_wconf 87' lang='lat' dir='ltr'>aliquis</span> <span class='ocrx_word' id='word_1_582' title='bbox 1576 2495 1684 2518; x_wconf 89' lang='lat' dir='ltr'>eorum</span> <span class='ocrx_word' id='word_1_583' title='bbox 1708 2482 1776 2525; x_wconf 90' lang='lat' dir='ltr'>(nisi</span> <span class='ocrx_word' id='word_1_584' title='bbox 1794 2494 1848 2515; x_wconf 84' lang='lat' dir='ltr'>ne·</span> <span class='ocrx_word' id='word_1_585' title='bbox 1867 2485 1885 2500; x_wconf 90' lang='lat'><strong>¹</strong></span> <span class='ocrx_word' id='word_1_586' title='bbox 1866 2482 2046 2532; x_wconf 23' lang='grc' dir='ltr'>χχ”χ·χ’χ’χ·χ]’”“ῑ““““</span> 
     </span>
    </p>
   </div>
  </div>
 </body>
</html>
