2281 3251
120 264 171 291 An.
187 261 216 289 C.
236 262 301 289 ¹455

316 316 411 351 briter
429 315 634 362 gubernetur,
657 312 810 359 liceatque
828 311 986 359 superstiti
1017 323 1052 345 ex

314 365 431 401 eisdem
455 363 668 412 praesulibus,
685 375 739 410 per
751 374 784 396 se
802 361 847 396 vel
872 374 925 408 per
947 361 1054 401 alium,

314 415 442 451 alterius·
470 413 631 449 Ecclesiae
649 414 694 448 sic
717 411 864 451 vacantis,
893 423 928 445 ac
956 411 1055 457 ipsius

315 465 447 500 civitatis
474 471 504 498 et
530 463 696 506 dioecesis,
719 462 749 495 in
777 460 992 507 spiritualibus
1014 468 1055 504 et,

315 523 467 562 quantum
489 513 525 547 ad
550 513 649 559 ipsius
673 511 834 547 Ecclesiae
858 511 905 545 ius
931 519 961 544 et
985 523 1056 556 pro-

316 565 488 612 prietatem,
501 563 529 597 in
540 562 765 608 temporalibus
779 559 970 607 corporalem
989 572 1057 607 pos-

314 614 488 649 sessiouem
517 611 755 659 apprehendere
780 619 809 645 et
833 619 985 657 perpetuo
1008 622 1058 644 rc-

315 664 427 707 tinere,
455 663 656 708 fructusque,
690 673 812 696 necnon
854 659 994 694 redditus
1028 668 1058 694 et

317 721 503 761 prorenttts,
538 712 762 751 emolumenta,
799 709 1003 745 obventiones
1029 717 1058 744 et

316 764 382 798 iura
411 774 631 810 quaecumque
658 761 695 796 ad
727 772 866 794 mensam
895 759 1059 806 episcopa-

316 813 376 848 lem
401 813 500 860 ipsius
526 811 655 846 alterius
681 810 840 845 Ecclesiae
871 808 1057 856 pertinentia

317 863 478 909 percipere
505 869 535 895 et
554 861 682 904 habere,
708 872 743 894 ac
765 860 795 894 in
819 871 894 893 suos
915 867 944 893 ct
962 857 1059 904 ipsius

316 911 476 947 Ecclesiae
505 923 580 945 usus
609 919 639 944 et
663 910 823 944 utilitatem
852 915 1059 950 convertere,

316 962 454 997 cuiusvis
481 960 605 995 licentia
633 972 729 1007 super
752 959 809 994 ltoc
844 957 973 992 minime
1007 969 1058 991 re-

316 1011 442 1059 quisita.

365 1061 386 1108 g
407 1063 439 1095 5.
462 1060 611 1094 Volentes
632 1067 662 1093 et
683 1056 863 1092 auctoritate
889 1055 1058 1103 apostolica

134 1113 237 1165 two-:puna
254 1120 305 1149 Μ’·
318 1111 541 1152 decernentes,
563 1108 645 1155 quod
670 1106 848 1142 liuiusmodi
879 1119 959 1140 unus
988 1105 1061 1152 epi—

123 1146 305 1203 {ssfsspffnss'bfflffgfffi
318 1172 445 1207 scopus,
467 1160 519 1205 qui
542 1158 660 1193 eisdem
677 1155 828 1191 Ecclesiis
851 1167 905 1202 pro
921 1164 1060 1201 tempore

123 1207 305 1265 {mmaffssfflfflffl
320 1208 508 1256 praesidebit,
524 1220 588 1242 uuo
601 1206 728 1241 aimoin
744 1205 849 1250 altera,
861 1205 962 1240 etalio
977 1217 1060 1239 anno

317 1259 348 1293 in
361 1258 479 1305 reliqua
500 1259 634 1303 ipsarum
653 1255 879 1299 Ecclesiarum,
900 1254 1060 1289 alternatis

317 1307 448 1347 vicibus,
482 1306 618 1341 chrisma
641 1305 796 1340 conficere
825 1313 983 1344 tenentum
1006 1316 1059 1339 or-

315 1357 512 1392 dinationum
544 1367 670 1402 quoque
697 1365 849 1401 tempore,
872 1353 1059 1389 celebratio-

316 1419 391 1441 num
406 1406 489 1441 vices
504 1405 620 1440 eisdem
635 1404 786 1440 Ecclesiis
805 1414 835 1439 et
853 1416 961 1439 earum
978 1403 1059 1438 ciri-

315 1455 431 1491 tatibus
448 1463 479 1490 et
496 1453 700 1490 dioecesibus
722 1453 902 1497 distribuat,
934 1453 1061 1500 portio-

316 1515 386 1540 nem
414 1517 547 1552 aequam
571 1504 742 1550 unicuique
765 1502 944 1544 tribuendo,
959 1502 1061 1549 quod-

315 1567 376 1602 que
393 1555 424 1590 iu
438 1554 574 1601 qualibet
592 1553 774 1588 earumdem
793 1553 989 1597 dioecesum,
1005 1565 1060 1599 pro

315 1605 384 1639 eius
410 1603 558 1648 subditis,
577 1603 667 1638 annis
688 1602 820 1649 singulis
846 1602 982 1637 celebret
1008 1615 1059 1650 sy-

317 1654 445 1698 nodum,
468 1661 559 1700 prout
587 1661 634 1687 est
657 1653 721 1688 lieri
744 1661 943 1693 cousuetum3
971 1659 1002 1686 et
1030 1652 1058 1686 in

314 1703 453 1750 qualibet
485 1702 656 1737 earundem
689 1702 847 1737 civitatum
875 1710 905 1737 et
935 1701 1060 1736 dioece-

315 1765 385 1787 sum
425 1752 543 1787 curiam
585 1760 688 1786 teneat
728 1751 766 1786 ad
807 1751 1059 1786 iurisdictionem

316 1802 525 1850 episcopalem
549 1801 625 1836 inibi
648 1801 868 1842 exercendam,
884 1814 955 1836 cum
977 1800 1061 1836 vica-

316 1852 370 1886 riis
385 1860 414 1887 et
441 1851 625 1886 officialibus
647 1850 1058 1892 consuetis;acetiamcurn

315 1901 398 1936 idem
428 1900 550 1948 praesul
579 1901 609 1935 in
635 1899 760 1935 Sutrina
781 1902 825 1945 (l)
849 1909 913 1935 tum
936 1912 1008 1935 vero
1031 1901 1059 1935 in

314 1950 471 1998 Nepesina
494 1950 674 1985 civitatibus
696 1958 725 1984 et
747 1949 946 1985 dioecesibus
969 1963 1060 1998 prae-

316 2012 388 2035 sens
419 2000 572 2044 extiterit,
604 2000 754 2047 Nepesin.
783 2008 813 2035 et
844 1999 964 2034 Sutriu.
993 2000 1060 2046 epi-

315 2062 432 2096 scopus
464 2049 656 2097 appelletur,
688 2057 718 2084 et
746 2049 790 2084 sic
819 2049 970 2097 deinceps
997 2050 1060 2085 Ec-

315 2098 429 2134 clesiae
463 2101 550 2147 ipsae
577 2099 671 2134 unico
705 2107 827 2146 pastore
858 2108 888 2134 et
909 2099 1059 2139 antistite.

315 2150 562 2197 praemissisque
597 2148 873 2191 intitulatiouilms,
900 2150 1060 2197 perpetuis

129 2211 158 2233 ne
173 2211 240 2248 *torma
258 2211 302 2247 ‘¹¹5
316 2199 512 2246 temporibus
521 2199 741 2246 gubernentur
752 2212 760 2240 3
773 2207 804 2234 et
816 2200 912 2247 quod,
928 2200 1060 2235 cedente

117 2243 178 2269 ’Μ’
196 2248 300 2270 ‘¹''⁵⁶⁰¹’¹·
316 2248 362 2283 vel
380 2249 629 2293 decedente,aut
643 2249 791 2284 translato
807 2249 874 2296 ipso
892 2250 1060 2297 episcope,

314 2307 368 2333 aut
383 2298 458 2333 alias
486 2299 637 2334 Ecclesiis
664 2299 741 2346 ipsis
764 2299 961 2340 vacantibus,
978 2300 1061 2347 ipsa-

315 2361 384 2383 rum
407 2349 621 2384 Ecclesiarum
644 2349 789 2384 canonici
811 2357 842 2383 et
864 2349 958 2385 ambo
980 2350 1062 2396 capi-

315 2399 392 2438 tula,
415 2401 534 2434 vocatis
552 2399 588 2434 ad
606 2399 666 2433 boc
687 2400 741 2447 qui
765 2399 881 2433 suerint
899 2401 1060 2443 evocandi,

315 2450 498 2495 congregari
525 2449 672 2493 debeant,
701 2462 757 2496 pro
779 2449 931 2484 electione
963 2450 1060 2485 futuri

315 2499 456 2546 episcopi
475 2498 676 2542 celebranda,
692 2500 722 2533 in
738 2500 805 2534 loco
825 2499 875 2533 ubi
893 2500 1061 2547 episcopus

315 2548 499 2594 decesserit,
521 2549 547 2584 si
569 2549 654 2596 ipsas
674 2549 832 2584 Ecclesias
857 2561 963 2584 vacare
984 2562 1061 2584 con-

317 2599 420 2646 tigerit
436 2611 490 2646 per
503 2598 675 2641 obitum3si
693 2611 764 2634 vero
788 2612 843 2647 per
869 2598 945 2633 alias
966 2612 1059 2647 quam

349 2661 389 2698 (ί)
404 2661 506 2690 Desunt.
521 2662 538 2690 f.
554 2661 634 2690 verba
650 2663 774 2690 Suerinus
790 2666 813 2689 el
827 2663 976 2696 Nepesinus.

920 255 1075 279 Et‘GENtcs
1096 255 1130 277 tv
1158 255 1205 277 1³1³.

1749 243 1788 274 21

1097 323 1150 357 per
1173 309 1290 344 obitum
1315 308 1473 343 Ecclesias
1498 308 1580 353 ipsas
1606 319 1714 341 vacare
1741 308 1843 342 conti-

1096 359 1185 406 gerit,
1211 360 1284 394 liant
1307 358 1477 393 electiones
1512 357 1705 397 huiusmodi,
1722 366 1844 403 tempo-

1099 410 1183 444 ribus
1200 409 1392 444 vacationum
1417 408 1568 454 ipsarum,
1583 406 1712 442 alternis
1727 406 1845 442 vicibus

1099 460 1128 494 iu
1163 458 1340 494 civitatibus
1367 466 1396 492 et
1423 456 1624 492 dioecesibus
1659 456 1844 494 antedictis.

1098 509 1262 557 quodque,
1295 518 1424 556 propter
1448 507 1610 545 unionem,
1633 506 1844 541 annexionem

1098 567 1149 594 etc.
1176 562 1230 602 (l).

1149 609 1263 644 Datum
1294 606 1484 646 Florentiae,
1511 617 1594 640 anno
1622 604 1848 640 lucarnationis

1100 658 1275 694 dominicae
1291 657 1457 692 millesimo
1471 655 1787 703 quadringentesimo
1799 655 1850 689 tri-

1100 709 1221 756 gesimo
1245 708 1366 755 quinto,
1408 706 1507 753 pridie
1546 705 1617 740 idus
1648 704 1849 744 decembris.

1103 758 1303 806 pontificatus
1326 757 1423 791 nostri
1451 768 1533 791 anno
1555 755 1666 802 quinto
1694 756 1751 798 (2).

1134 820 1194 859 Dat.
1208 820 1255 850 die
1272 820 1308 849 103
1325 818 1490 849 decembris
1508 818 1686 856 Ἰ1.»ι35,ροηι,
1702 826 1777 846 anno
1793 825 1818 845 v.

1437 937 1520 973 XIII.

1104 1012 1274 1056 Privileqia
1300 1019 1326 1044 et
1347 1012 1469 1056 qraeiae
1488 1023 1524 1043 ac
1550 1011 1752 1054 emeinptiones
1779 1022 1851 1043 con-

1150 1062 1338 1106 9reqatiom‘s
1361 1062 1396 1094 S.
1419 1061 1553 1093 Iustinae
1575 1061 1609 1093 de
1634 1060 1848 1098 Obseruantia,

1150 1112 1370 1145 nzonachortim
1396 1110 1525 1143 Ordinis
1547 1111 1582 1143 S.
1608 1110 1764 1143 Benedicti
1794 1111 1850 1151 (ὃ).

1368 1179 1580 1210 ΞΠΜΜΑΙΗΗΜ

1103 1250 1268 1281 Exordium.
1284 1265 1323 1271 —
1340 1248 1364 1278 t.
1386 1246 1551 1286 Appellatio
1574 1256 1630 1276 non
1651 1246 1736 1275 datur
1759 1256 1772 1275 a
1789 1255 1854 1276 cor-

1142 1295 1271 1324 rectione
1290 1292 1487 1332 praelatorum
1506 1291 1563 1320 nisi
1580 1291 1614 1321 de
1634 1291 1750 1321 licentia
1769 1290 1854 1321 Sum-

1142 1340 1180 1369 mi
1200 1338 1361 1368 t‘ontincis.
1379 1354 1417 1359 —
1436 1336 1463 1366 ⁵2.
1482 1336 1512 1365 In
1532 1336 1631 1365 causis
1654 1335 1791 1365 civilibus
1809 1335 1853 1364 vel

1143 1382 1349 1414 criminalibus
1372 1381 1532 1411 summarie
1556 1381 1785 1420 procedendum.
1815 1397 1854 1402 —

1141 1429 1167 1458 3.
1197 1426 1408 1467 lnquirendum
1439 1431 1537 1455 contra
1562 1425 1722 1454 monachos
1744 1434 1852 1462 vagos,

1143 1482 1234 1511 seque
1251 1472 1285 1501 ad
1304 1471 1418 1501 diversa
1438 1470 1647 1499 transferentes
1664 1469 1852 1498 monasteria.

1141 1535 1180 1539 —
1207 1517 1235 1547 4.
1265 1516 1403 1546 Facultas
1436 1515 1533 1545 divina
1557 1513 1725 1543 celebrandi
1758 1514 1851 1544 officia

1144 1567 1272 1602 tempore
1295 1561 1455 1596 interdicti3
1475 1577 1514 1582 —
1531 1560 1558 1589 5.
1583 1558 1709 1589 Ordines
1733 1569 1748 1589 a
1775 1568 1852 1598 quo-

1142 1615 1269 1646 cumque
1288 1605 1472 1645 suscipiendi
1491 1605 1639 1644 episcopo.
1654 1621 1692 1625 —
1708 1604 1734 1634 6,
1750 1603 1853 1634 Exem-

1858 252 1906 279 An.
1924 252 1953 278 C.
1973 252 2038 278 ¹456

1142 1653 1201 1692 ptio
1220 1651 1255 1681 ab
1275 1650 1476 1680 exactionibus
1500 1654 1528 1679 et
1549 1649 1754 1679 iurisdictione
1773 1649 1872 1679 ordi-¹

1142 1696 1303 1726 uariorum.
1331 1711 1370 1717 —
1393 1695 1419 1723 7.
1441 1694 1574 1724 tttonactii
1592 1703 1649 1723 non
1666 1693 1791 1732 cogendi
1816 1694 1851 1724 ad

1142 1741 1359 1781 processiones,
1381 1739 1507 1778 aliaque.
1524 1755 1563 1761 —
1580 1739 1607 1768 8.
1631 1738 1789 1768 Foeminae
1805 1748 1854 1768 eo-

1142 1796 1207 1816 rum
1236 1785 1411 1815 monasteria
1435 1794 1492 1814 non
1520 1783 1733 1822 ingrediantur.
1764 1800 1803 1805 —
1825 1785 1853 1814 9.

1141 1829 1283 1860 Praelatis
1307 1829 1373 1859 data
1390 1832 1517 1867 potestas
1541 1828 1699 1857 monachos
1728 1828 1852 1867 dispen-

1142 1876 1237 1911 sandi,
1251 1892 1289 1897 —
1305 1875 1352 1905 10.
1365 1873 1514 1903 Monac-his
1529 1882 1595 1902 vero
1607 1873 1760 1912 denegata,
1773 1878 1851 1903 extra

1143 1919 1410 1958 congregationem,
1433 1917 1528 1947 alieno
1548 1922 1625 1947 stare
1649 1918 1777 1951 servitio,
1796 1917 1851 1947 ob-

1144 1965 1265 2004 sequie,
1287 1968 1338 1993 etc.
1364 1980 1404 1986 —
1426 1964 1472 1992 tt.
1496 1962 1700 1992 Benesactores
1730 1963 1772 1992 vel
1796 1962 1853 1992 Eu-

1142 2010 1313 2040 charistiam
1334 2019 1348 2038 a
1369 2008 1522 2038 monachis
1541 2012 1690 2037 sumentes
1714 2017 1770 2037 non
1791 2017 1853 2037 mo-

1142 2054 1278 2085 lestandi.
1313 2071 1352 2076 —
1388 2054 1434 2083 1⁶2.
1466 2053 1624 2083 Monachus
1644 2052 1852 2083 inobedientes

1143 2100 1264 2140 praelati
1287 2099 1369 2129 inviti
1397 2108 1454 2128 non
1480 2098 1634 2137 excipiant.
1663 2114 1701 2120 —
1730 2097 1775 2127 13.
1794 2096 1852 2128 Nec

1143 2146 1210 2186 quis
1239 2145 1302 2183 cogi
1335 2143 1428 2184 possit
1454 2144 1488 2173 ad
1521 2143 1689 2182 exequenda
1716 2143 1851 2173 mandata

1138 2213 1177 2248 (l)
1193 2213 1301 2240 Caetera
1318 2214 1397 2247 prout
1411 2211 1436 2238 in
1457 2210 1651 2238 Constitutione
1662 2218 1722 2242 vin,
1735 2219 1794 2246 pag.
1809 2211 1851 2237 ¹5.

1102 2258 1141 2293 (9)
1162 2257 1394 2288 Constitutionem,
1412 2264 1463 2291 qua
1481 2255 1548 2282 idem
1566 2256 1710 2290 Eugenius,
1723 2256 1853 2283 Bononiae

1102 2306 1163 2324 cum
1178 2301 1258 2327 esset,
1276 2297 1343 2324 duos
1355 2300 1516 2331 postauaos,
1538 2296 1681 2323 florianam
1697 2300 1724 2323 et
1748 2296 1851 2323 Castel-

1103 2338 1187 2365 lanam
1209 2338 1296 2364 univit
1312 2337 1451 2368 Ecclesias,
1477 2340 1503 2363 et
1516 2345 1595 2372 quam
1617 2337 1702 2372 legere
1716 2341 1757 2364 est.
1781 2337 1850 2372 apud

1103 2379 1226 2406 eumdem
1242 2378 1400 2413 Ugtiettrum‚
1412 2377 1467 2404 Ital.
1481 2378 1552 2410 Sac„
1566 2381 1630 2404 torn.
1650 2386 1668 2409 ι,
1688 2386 1717 2405 ea
1730 2377 1763 2405 de
1773 2385 1851 2404 causa

1103 2419 1189 2450 omIsi,
1202 2419 1272 2454 quod
1282 2418 1372 2445 iisdem
1384 2418 1465 2445 ferme
1478 2418 1575 2449 verbis,
1589 2418 1695 2445 mutatis
1707 2417 1849 2450 mutandis,

1103 2461 1272 2494 componitur
1289 2467 1319 2486 ac
1338 2466 1472 2494 praesens.
1492 2459 1519 2485 In
1537 2458 1604 2485 illius
1625 2466 1688 2484 vero
1704 2457 1772 2484 calce
1788 2457 1852 2491 legi-

1105 2504 1162 2527 tur:
1182 2501 1280 2526 Dotum
1298 2501 1440 2531 Bononiae,
1456 2508 1526 2525 anno
1546 2501 1743 2525 lucar-nationis
1762 2500 1849 2524 domi-

1103 2543 1175 2567 nicae
1186 2541 1261 2573 Ilt37,
1275 2543 1353 2566 {ertio
1365 2549 1446 2566 nonas
1457 2542 1579 2571 octobris,
1587 2540 1755 2572 pontificatus
1766 2541 1850 2564 nostri·

1103 2590 1175 2608 anno
1196 2589 1243 2608 vn.
1282 2581 1322 2615 (3)
1342 2581 1396 2607 Sub
1417 2581 1464 2607 lrac
1483 2580 1525 2607 die
1540 2580 1593 2606 vidi
1613 2580 1692 2606 etiam
1719 2578 1850 2606 Pontificis

1102 2622 1213 2649 similem
1230 2621 1445 2648 constitutionem
1457 2621 1623 2654 incipientem
1635 2621 1669 2645 El
1679 2621 1701 2644 si
1711 2621 1849 2651 quoslibet,

1104 2662 1169 2690 hanc
1187 2666 1281 2696 tamen,
1302 2661 1339 2688 uti
1355 2661 1509 2697 pleniorem,
1535 2660 1646 2695 positam
1664 2658 1743 2687 volui.
