2281 3251
78 273 125 297 An.
144 271 171 296 (1.
192 270 253 297 1511

98 627 177 647 litt-tue
192 634 207 645 rt

83 661 196 686 prul-inissa

84 754 131 779 plis⁴

107 1612 189 1639 Supplit·
213 1611 226 1631 Ιι

99 1650 135 1670 pro
147 1645 232 1663 tttrtor..

99 1676 223 1697 tii-nuatione.

118 2068 165 2088 Eam
190 2074 220 2086 rui

105 2100 175 2120 lulius.

219 630 236 646 111

83 694 125 711 ton.
134 690 262 713 11111130κί1111ι

84 722 185 748 aliquibus
201 725 265 740 exre-

229 1617 279 1637 apae

235 1649 280 1662 ’011-

225 2067 286 2087 medii

926 257 1030 280 ttttittts
1052 256 1074 278 11
1100 255 1146 276 ΙΨ.

273 334 334 369 que
355 322 446 357 etiam
462 316 692 365 congregationi
711 315 935 361 redintegratae
951 314 1019 348 sui*-

277 371 384 419 sragari
408 369 558 405 deberent
587 368 616 402 in
642 364 790 401 omnibus
812 372 843 399 et
866 376 922 411 per
945 375 1020 398 om-

277 423 337 465 nia,
358 432 394 455 ac
410 419 434 454 si
457 419 557 454 eidem
574 415 807 462 congregationi
828 414 1020 459 redintegra-

277 481 323 505 tae
345 470 389 504 sic
410 481 425 504 a
455 467 607 516 principio
629 477 775 500 concessa
805 464 947 507 fuissent,
963 462 1022 496 illis

277 519 424 554 omnibus
446 517 583 564 gaudere
606 515 764 550 deberent.

327 574 341 612 ξ
365 570 420 603 tlt.
448 566 603 613 Quodque
620 566 725 599 literae
743 563 945 611 apostolicae,
963 570 1022 596 tam

226 634 262 677 “p
280 618 495 654 dissolutionis
527 616 680 650 dictarum
719 612 1024 660 congregationum,

280 681 370 716 quarn
394 668 468 703 alias
496 678 548 714 per
575 663 746 712 quamlibet
769 675 805 697 ex
833 662 926 696 dictis
949 673 1025 696 con-

280 716 512 766 gregationibus
534 724 640 750 contra
669 713 838 761 praemissa
861 724 917 745 seu
937 722 1026 758 prae-

282 769 451 803 missorum
476 764 616 813 aliquod,
638 772 690 798 aut
717 762 792 796 alias
816 762 846 796 in
875 758 1027 808 praeiudi-

283 819 366 852 cium
381 818 481 852 dictae
499 812 751 861 congregationis
768 811 802 846 S.
826 809 978 845 Bernardi
998 810 1027 843 in

282 867 367 902 Italia
384 866 536 902 hactenus
550 865 744 910 impetratae,
766 873 859 908 quam
883 860 976 894 etiam
993 859 1029 892 li—

284 926 367 952 terae
383 916 495 964 prioris
511 913 637 949 unionis
660 915 734 958 (quo
757 919 859 945 tamen
879 908 916 943 ad
932 908 1029 943 (lictus

285 978 434 1001 censuras
456 971 562 999 contra
586 962 798 1008 exprimentes
815 967 920 994 votum
937 970 1029 992 suum

288 1017 318 1050 in
343 1013 602 1062 praesidentium,
622 1010 823 1045 definitorum
847 1017 876 1043 et
900 1007 1030 1042 aliorum

289 1064 450 1112 praelator.
467 1063 618 1098 electione
632 1060 791 1094 dumtaxat
807 1058 955 1101 inflictas,
973 1056 1033 1090 illis

287 1115 361 1149 alias
384 1114 413 1148 in
432 1113 572 1160 reliquiS,
594 1110 687 1145 salvis
710 1107 888 1155 praemissis
911 1105 1033 1140 modili-

289 1163 476 1207 cationibus,
492 1163 521 1196 in
541 1173 599 1196 suo
615 1159 726 1194 robore
744 1156 967 1205 permansuris)
984 1167 1034 1190 es—

290 1223 357 1248 sent
377 1213 490 1253 nullae,
514 1211 617 1245 irritae
635 1217 665 1243 et
686 1220 791 1242 cassae
807 1215 833 1240 et
852 1205 968 1239 nullius
984 1216 1035 1239 ro-

292 1263 374 1298 boris
397 1262 442 1295 vel
466 1259 628 1297 momenti,
651 1265 680 1292 et
697 1256 886 1291 haberentur
908 1266 1036 1302 prorsus

293 1324 348 1360 pro
376 1311 506 1346 iniectis.
535 1309 574 1344 Et
596 1309 619 1342 si
648 1307 749 1353 aliqua
773 1306 801 1340 in
833 1305 970 1339 futurum
1000 1303 1036 1337 de

294 1373 373 1396 novo
394 1366 591 1407 emergerent
614 1358 694 1392 inter
723 1363 824 1403 partes
846 1363 876 1389 et
903 1365 1038 1400 congre-

296 1411 435 1458 gationes
450 1408 635 1458 praedictas,
649 1418 773 1453 semper
787 1403 955 1452 aequalitas
970 1415 1039 1438 ser-

294 1468 418 1496 varetur
444 1467 473 1494 et
496 1459 535 1493 de
557 1457 712 1493 similibus
739 1455 775 1489 ad
799 1454 923 1494 similia,
948 1461 1035 1499 prout

295 1511 325 1546 in
339 1510 407 1545 aliis
422 1508 568 1556 capitulis
589 1505 790 1554 supradictis,
807 1502 1037 1551 procederetur.

344 1560 363 1607 5
387 1561 443 1593 15.
458 1558 574 1602 Quare,
598 1569 652 1604 pro
670 1563 753 1603 parte
774 1554 932 1597 abbatum,
956 1564 1042 1599 prae-

296 1610 428 1644 latorum
438 1614 688 1643 etconventuum
700 1603 941 1652 praedictorum,
951 1602 1042 1636 nobis

297 1659 355 1694 fuit
383 1658 543 1693 humiliter
564 1656 776 1703 supplicatum
808 1662 840 1688 ut
865 1652 1042 1701 praemissis

297 1709 445 1745 omnibus
473 1720 527 1756 per
549 1719 614 1751 eos,
637 1705 673 1740 ad
699 1703 926 1752 praedictorum
948 1715 1042 1749 prae-

298 1760 430 1794 latorum
448 1757 694 1806 persuasionem,
712 1754 798 1789 iactis
817 1762 846 1789 et
864 1752 972 1799 gestis,
990 1764 1044 1800 pro

298 1809 424 1844 illorum
452 1807 651 1843 subsistentia
680 1803 820 1843 firmiori,
850 1802 943 1837 robur
969 1813 1045 1848 apo-

298 1858 424 1894 stolicae
451 1855 698 1893 confirmationis
725 1853 884 1896 adiicere,
912 1863 948 1886 ac
971 1852 1045 1886 alias

298 1907 455 1955 superbis
469 1914 646 1954 opportune
670 1903 832 1951 providere
850 1902 887 1936 de
906 1901 1047 1948 benigni-

300 1966 360 1992 tate
382 1957 551 2004 apostolica
579 1955 789 2002 dignaremur.

350 2008 369 2054 S
397 2007 453 2041 ⁴6.
481 2006 546 2041 Nos
573 2005 682 2051 igitur,
711 2003 762 2050 qui
792 2002 871 2036 iuter
900 2011 1049 2048 personas

302 2056 457 2104 quaslibet
471 2055 708 2097 ecclesiasticas,
726 2051 905 2099 praesertim
927 2050 986 2084 sub
1006 2062 1050 2083 rc—

304 2110 404 2156 gulari
419 2108 615 2144 observantia
626 2108 787 2153 degentes,
805 2117 911 2152 pacem
928 2114 957 2139 et
972 2112 1051 2138 tran-

304 2165 486 2212 quillitatem
511 2164 614 2210 vigere
636 2160 767 2196 sinceris
780 2167 963 2206 exoptamus
977 2158 1052 2193 affe—

305 2219 420 2264 ctibus,
430 2217 569 2262 abbates,
582 2215 736 2264 praelatos
745 2222 774 2249 et
785 2221 959 2249 conventus
970 2224 1053 2260 prae-

306 2273 465 2314 dictos,ac
479 2283 586 2307 eorum
602 2269 743 2316 singulos
765 2281 780 2302 a
798 2267 1054 2314 quibuscumque

306 2326 648 2365 excommunicationis,
666 2321 886 2370 suspensionis
908 2329 938 2356 et
960 2321 1055 2354 inter-

308 2383 383 2418 dicti
407 2382 539 2428 aliisque
560 2378 782 2415 ecclesiasticis
805 2376 965 2417 censuris,
980 2387 1057 2409 sen-

309 2436 412 2472 tentiis
423 2443 452 2470 et
464 2435 584 2483 poenis,
598 2446 613 2468 a
629 2434 695 2468 iure
713 2432 758 2467 vel
773 2431 812 2466 ab
826 2430 967 2471 bomine,
980 2441 1057 2476 qua-

310 2492 355 2526 vis
381 2490 546 2526 occasione
574 2488 620 2523 vel
648 2499 740 2522 causa
773 2486 858 2527 latis,
888 2485 913 2519 si
942 2483 1058 2531 quibus

312 2543 548 2593 quomodolibet
575 2541 713 2577 innodati
741 2540 895 2580 existunt,
918 2537 955 2572 ad
982 2537 1060 2572 esse-

312 2607 395 2633 ntum
429 2597 637 2646 praesentium
668 2595 827 2630 dumtaxat
855 2603 1060 2639 consequen—

315 2653 404 2700 dum,
416 2652 528 2688 harum
544 2652 622 2687 serie
645 2650 843 2686 absolventes
858 2656 886 2683 et
903 2646 1060 2682 absolutos

1685 236 1753 267 litui

1063 313 1126 345 t'ore
1150 314 1330 351 censentes,
1353 318 1388 341 ac
1416 317 1541 340 causam
1566 302 1743 337 huiusmodi
1767 302 1804 335 ad

1063 373 1119 396 nos
1134 360 1245 394 barum
1259 357 1338 392 serie
1357 355 1553 394 advocantes,
1567 360 1596 387 et
1608 351 1693 387 litem
1708 351 1806 398 ipsam

1064 410 1186 457 penitus
1202 408 1433 454 extinguentes,
1448 401 1629 439 huiusmodi
1644 400 1809 448 supplica—

1065 459 1204 494 tionibus
1218 457 1369 497 inclinati,
1382 453 1583 490 concordiam
1607 450 1809 499 praedictam,

1065 523 1099 544 ac
1127 516 1217 556 prout
1240 507 1321 541 illam
1345 512 1551 544 concernunt,
1572 502 1675 537 omnia
1697 512 1810 548 supra-

1066 559 1159 599 dicta,
1177 564 1392 605 praeterquam
1410 552 1672 589 introductionem
1688 558 1718 585 et
1731 551 1811 585 assi-

1067 609 1244 655 gnationem
1261 605 1416 641 fructuum
1435 616 1490 651 pro
1507 614 1614 638 mensa
1629 599 1812 636 eorumdem

1069 669 1285 700 monacorum,
1294 662 1449 703 quatenus
1461 653 1537 688 alias
1546 651 1728 687 auctoritate
1738 662 1814 697 apo-

1069 708 1175 742 stoliea
1191 705 1358 753 approbata
1374 716 1435 738 non
1449 700 1695 746 suerint,etinde
1709 707 1814 734 secuta

1069 766 1298 804 quaecumque,
1312 753 1494 789 auctoritate
1508 750 1691 799 apostolica,
1709 757 1816 784 tenore

1072 805 1281 853 praesentium
1305 802 1516 850 approbamus
1537 810 1567 836 et
1582 799 1817 839 confirmamus;

1072 868 1106 890 ac
1128 866 1238 890 omnes
1260 861 1291 887 et
1307 851 1450 898 singulos
1462 850 1614 891 defectus,
1631 849 1654 884 si
1678 849 1731 896 qui
1749 848 1819 882 for—

1072 917 1127 939 san
1144 902 1370 938 intervenerint
1384 902 1413 935 in
1424 900 1555 940 eisdem,
1571 898 1769 946 supplemus3
1784 909 1820 932 ac

1075 955 1135 988 illis
1158 960 1326 1000 perpetuae
1349 950 1502 985 firmitatis
1529 948 1624 983 robur
1646 947 1820 991 adiicimus,

1075 1004 1188 1050 illaque
1211 1001 1429 1036 inviolabiliter
1451 998 1608 1034 observari
1631 997 1745 1032 debere
1764 996 1822 1031 de-

1075 1065 1246 1088 cernimus.

1124 1102 1144 1149 g
1168 1105 1222 1135 17.
1246 1100 1316 1135 Νο11
1333 1097 1533 1134 obstantibus
1547 1094 1824 1132 constitutionibus

1077 1159 1107 1186 et
1129 1149 1381 1186 ordinationibus
1399 1146 1582 1195 apostolicis
1601 1158 1635 1180 ac
1657 1145 1781 1180 statutis
1795 1152 1825 1179 et

1077 1200 1359 1236 consuetudinibus
1393 1197 1596 1237 monasterii,
1630 1194 1759 1229 Ordinis
1790 1206 1826 1228 ac

1078 1250 1328 1297 congregationis
1356 1247 1605 1296 praedictorum,
1628 1245 1827 1287 iuramento,

1079 1300 1316 1335 confirmatione
1329 1296 1498 1345 apostolica
1516 1296 1562 1330 vel
1575 1294 1685 1342 quavis
1700 1293 1758 1327 alia
1775 1292 1829 1326 fir-

1081 1351 1186 1385 mitate
1203 1349 1368 1393 roboratis,
1383 1346 1559 1393 ceterisque
1582 1342 1828 1389 contrariisqui-

1082 1400 1289 1447 buscumque.

1130 1449 1214 1484 Nulli
1238 1461 1312 1495 ergo
1334 1456 1386 1482 etc.

1130 1499 1164 1534 Si
1190 1499 1262 1545 quis
1283 1506 1387 1532 autem
1411 1504 1464 1531 etc.

1130 1549 1245 1583 Datum
1269 1547 1387 1583 Romae
1410 1545 1493 1594 apud
1517 1544 1665 1580 Sanctum
1689 1542 1832 1586 Petrum,

1084 1611 1165 1633 anno
1202 1597 1430 1632 incarnationis
1463 1594 1638 1630 dominicae
1665 1592 1833 1628 millesimo

1084 1648 1340 1695 quingentesimo
1369 1645 1554 1689 undecimo,
1583 1656 1664 1678 nono
1689 1642 1835 1678 kalendas

1086 1698 1206 1745 aprilis,
1231 1697 1433 1745 pontificatus
1456 1695 1551 1731 nostri
1573 1706 1655 1729 311110
1678 1705 1749 1727 vin.

1126 1760 1186 1790 Dat.
1205 1761 1252 1790 die
1270 1760 1308 1790 ⁶34
1327 1759 1424 1789 martii
1444 1758 1529 1795 1511,
1549 1761 1626 1797 pont.
1647 1765 1721 1786 anno
1739 1764 1796 1785 vui.

1388 1928 1536 1964 XXXllI.

1093 2014 1221 2047 Inclictio
1244 2012 1325 2045 sacri
1348 2010 1551 2045 OEcumeniei
1570 2007 1699 2042 Concilii
1715 2007 1839 2040 Latera-

1141 2064 1238 2096 nensis
1261 2062 1360 2106 quinti
1390 2072 1447 2106 pro
1469 2061 1516 2093 die
1534 2070 1593 2092 xix
1614 2057 1721 2091 mensis
1733 2056 1840 2100 aprilis

1143 2113 1220 2146 anni
1249 2123 1366 2152 iunxit,
1398 2118 1423 2144 et
1454 2109 1614 2144 danmatio
1647 2105 1842 2140 conciliabuli

1146 2163 1264 2196 Pisani.

1360 2227 1575 2261 SUMMAlttUM

1098 2295 1273 2325 Prooemium
1291 2304 1305 2323 a
1324 2293 1462 2331 dignitate
1484 2291 1567 2320 Rom.
1586 2288 1662 2318 Eccl.
1680 2292 1708 2317 et
1730 2287 1843 2317 sollici-

1138 2341 1237 2370 tudine
1258 2339 1389 2377 petitum.
1407 2353 1445 2358 —
1464 2337 1490 2365 1.
1512 2334 1586 2364 111110
1605 2332 1763 2363 Bononiam
1783 2340 1847 2370 per-

1137 2390 1231 2424 gente,
1253 2383 1388 2413 nonnulii
1408 2380 1573 2412 cardinales
1595 2377 1772 2408 Florentiam
1789 2377 1848 2416 pri-

1139 2440 1195 2466 mo,
1218 2438 1282 2458 mox
1305 2427 1422 2466 Papiam
1443 2426 1598 2462 divertunt,
1619 2440 1657 2446 —
1678 2423 1706 2452 2.
1728 2421 1762 2451 Et
1783 2421 1846 2450 sine

1139 2474 1201 2513 ipso
1231 2472 1388 2508 pontifice,
1417 2470 1575 2500 concilium
1601 2467 1737 2507 generale
1762 2465 1848 2494 frivo-

1139 2518 1176 2547 lis
1209 2516 1404 2557 praetextibus
1432 2518 1638 2545 convocarunt.
1668 2529 1705 2534 —-
1736 2510 1763 2540 3.
1788 2509 1847 2539 Ve—

1141 2567 1304 2592 rumtamen
1323 2560 1351 2589 bi
1370 2563 1534 2599 praetextus
1558 2558 1623 2588 falsi
1646 2555 1849 2586 ostenduntur.

1141 2624 1179 2628 —
1198 2608 1226 2636 4.
1250 2605 1371 2635 Indictio
1401 2604 1580 2642 generalium
1598 2601 1789 2632 conciliorum
1816 2599 1849 2628 ad

1144 2652 1307 2681 Romanum
1329 2649 1526 2679 tantummodo
1546 2648 1626 2677 Pont.
1646 2654 1710 2676 vere
1731 2648 1851 2686 spectat,

1820 242 1912 269 Α11,(”.,
1935 240 1995 267 tait

1844 1104 1976 1124 «instantium
1987 1102 2020 1123 de—

1839 1143 1859 1155 ru
1866 1136 1926 1154 satio,
