2281 3251
212 249 259 275 Αη.
278 250 307 277 C.
328 252 393 281 1¹17?

210 1690 322 1710 Contum-
329 1695 394 1715 n-que

213 1722 292 1747 eligere
317 1722 394 1745 vatent,

455 242 525 274 2t8

996 251 1031 272 lt!
1039 251 1064 271 ΙΙ
1084 250 1145 271 tuit
1157 250 1179 271 ,ss
1209 250 1275 270 'tou
1281 250 1342 271 ,tst
1348 250 1368 270 tt

408 315 561 352 quantum
581 318 634 340 sua
655 315 766 353 sponte
780 305 904 351 ela1··iri
927 304 1092 342 voluerint
1107 312 1159 337 aut
1180 308 1184 334 t
1203 312 1231 337 et
1255 303 1451 350 episcopum
1473 315 1507 336 ac
1525 302 1799 356 pusbytericidiii,
1813 310 1843 336 et
1859 301 1952 336 etiam

408 356 562 403 (uirisque
580 356 705 390 detotio
727 355 900 389 dictaterit.
925 354 1054 387 mininie
1079 362 1160 386 tene-

408 415 511 440 antur.
535 406 727 440 Carissitnus
749 412 851 438 autem
883 405 912 436 in
935 402 1062 436 Christo
1079 402 1160 436 lilius

410 464 515 489 noster
538 454 726 488 Ftiderieus.
752 454 924 487 modernus
945 459 973 484 «t
1004 464 1061 497 pio
1080 460 1161 485 tein—

410 516 484 550 pore
507 504 645 538 existens
659 503 750 537 Rom.
776 503 944 548 imperator
963 513 1160 546 semper-au-

409 561 532 599 gustus:
556 565 655 598 reges,
680 551 851 598 principes,
875 549 983 588 duces
1004 548 1161 584 marchio-

410 614 476 642 nes,
505 603 636 636 comites
663 610 692 635 et
720 601 864 642 barones,
891 599 1075 645 dominique
1099 607 1160 632 ter-

410 664 512 685 rarum
536 664 571 685 ac
599 651 720 685 illorum
746 650 920 683 virentium
943 656 973 682 et
995 648 1160 682 desum-to-

410 714 477 735 rum
507 712 631 738 uxores;
661 710 781 733 necnon
807 698 1010 744 patriarchae,
1033 697 1159 731 arehie-
1180 729 1182 740 ⁴

411 750 545 796 piscopi,
567 750 720 795 episcopi,
736 748 999 781 monasteriorum
1020 746 1159 785 abbates,

410 798 592 832 militiarum
636 798 919 833 ecclesiasticarum
957 797 1095 842 magistri
1131 805 1159 829 et

410 849 544 882 maiores
565 856 631 893 post
650 847 845 894 pontificales
864 846 893 880 in
910 845 1160 891 metropolitanis

410 897 454 932 rel
485 898 514 930 iu
538 898 607 930 aliis
642 895 892 934 cathedralibus,
915 907 949 929 ac
974 895 1160 941 principales

410 946 439 980 in
463 946 636 992 collegiatis
650 945 804 980 Ecclesiis
826 944 1012 989 dignitatem
1036 956 1158 978 necnon

409 995 808 1041 contentualesprioratus,
818 993 1061 1047 praeposituras,
1074 1006 1158 1040 prae-

410 1045 564 1092 positatus
585 1053 616 1079 et
642 1044 806 1090 generales
830 1043 1060 1090 pr²atc1ptinias
1082 1042 1160 1076 obti-

409 1103 531 1133 nentes
545 1094 638 1128 etiam
652 1093 808 1128 ειΙιοιιιΙιιιι
826 1092 901 1127 tube
918 1091 1075 1131 absentes
1091 1092 1115 1125 si
1130 1093 1158 1125 id

411 1156 465 1190 per
494 1151 727 1190 procuratorem
757 1142 923 1177 habenttm
946 1141 983 1176 ad
1009 1142 1067 1175 hoc
1087 1154 1160 1186 spc-

409 1193 485 1227 eiale
515 1193 697 1227 mandatum
726 1191 820 1238 (quod
848 1191 877 1224 in
902 1190 1059 1237 publicam
1096 1190 1160 1225 for-

411 1255 492 1277 mam
516 1241 675 1285 exhibere,
690 1249 720 1275 ct
744 1240 936 1287 praeceptori
961 1239 1034 1274 dicti
1052 1239 1160 1286 hospi-

411 1292 478 1325 talis
505 1291 663 1325 dimittere
687 1294 863 1333 teneantur)
892 1288 921 1323 id
949 1289 1107 1336 petierint,
1131 1289 1159 1323 in

409 1340 583 1375 confratres
600 1340 700 1375 dictae
716 1339 902 1375 confratriae
918 1338 1014 1385 recipi
1037 1346 1067 1373 et
1088 1337 1159 1372 illo-

411 1402 478 1424 rum
519 1402 554 1424 ac
599 1389 722 1424 illarum
760 1388 885 1423 nomina
909 1395 940 1422 et
967 1388 1159 1433 cognomina

409 1451 445 1474 ac
471 1439 647 1486 qualitates,
669 1451 705 1473 ac
726 1439 751 1472 si
778 1445 958 1484 praesentes
988 1437 1100 1476 forent,
1130 1437 1159 1471 in

409 1488 492 1523 dicto
514 1488 594 1523 libro
612 1488 763 1534 perscribi
779 1495 809 1521 et
831 1486 974 1521 annotari
992 1486 1113 1533 possint
1130 1486 1159 1520 in

411 1537 487 1572 urbe
511 1538 646 1584 praefata
667 1537 842 1581 dumtaxat,
869 1548 904 1571 ac
931 1536 956 1570 si
982 1543 1161 1582 praesentes

411 1586 512 1622 forent
534 1587 565 1621 in
590 1587 651 1621 illa.

459 1641 475 1679 g·
503 1639 535 1670 8.
552 1636 642 1680 ltein,
657 1634 740 1682 quod
761 1634 874 1682 singuli
891 1647 927 1669 cx
951 1634 1162 1669 confratribus

411 1686 502 1720 sicin
518 1685 628 1720 eodem
652 1693 777 1719 sanetae
805 1684 1068 1719 confraternitatis
1084 1683 1163 1718 lihro

413 1746 468 1781 pro
481 1743 624 1781 tempore
641 1734 790 1781 descripti
804 1733 998 1768 saecularem
1014 1733 1060 1767 tel
1077 1745 1164 1779 regu-

413 1784 507 1818 larem
531 1784 747 1831 presbyterum
778 1784 808 1817 in
832 1795 925 1818 suurn
963 1783 1083 1829 possint
1105 1783 1163 1816 eli-

411 1845 487 1879 gere
508 1833 735 1876 conl'essorem,
757 1833 809 1878 qui
832 1831 1015 1877 eligentium
1040 1831 1163 1865 conses-

412 1883 501 1917 sione
523 1883 690 1929 diligenter
711 1881 828 1925 audita,
847 1883 892 1916 eis
911 1880 1018 1923 semel,
1035 1880 1093 1915 vita
1112 1893 1163 1915 co-

414 1932 500 1975 mite,
523 1932 562 1966 ab
588 1931 738 1967 omnibns
760 1939 788 1966 et
815 1930 951 1977 singulis
980 1930 1166 1964 criminibus

414 1990 445 2016 et
473 1990 632 2028 pcccatis,
667 1992 789 2015 necnon
830 1988 1164 2014 excommunicationis

414 2038 445 2065 et
471 2030 636 2077 quibusvis
670 2030 738 2065 aliis
769 2029 937 2064 sententiis
968 2037 996 2063 et
1024 2029 1167 2062 censuris

414 2085 656 2128 ecclesiasticis,
692 2084 784 2118 etiam
821 2083 985 2118 occasione
1012 2083 1167 2117 simoniae

415 2151 510 2185 super
530 2139 693 2174 ordinibus
713 2138 758 2172 rel
777 2137 938 2173 beneficiis
949 2136 1167 2183 assequendis,

418 2192 610 2240 ubicumque
619 2200 808 2231 contractae,
819 2199 848 2226 ct
863 2190 934 2225 aliis
948 2190 1076 2225 casibus
1088 2204 1167 2238 spe-

417 2247 537 2281 cialiter
559 2247 604 2281 vel
641 2246 828 2292 generaliter
850 2245 994 2280 Romano
1024 2245 1166 2279 Pontifici

417 2309 448 2335 et
469 2300 543 2335 Sedi
561 2300 760 2347 Apostolicae
781 2299 894 2346 quovis
913 2299 1005 2333 modo
1029 2311 1168 2333 rexerin-

419 2355 508 2400 tis,ct
524 2363 650 2402 propter
662 2366 742 2401 quae
759 2353 824 2401 ipsa
843 2353 944 2388 Sedes
960 2353 1071 2388 merito
1090 2362 1168 2387 esset

419 2409 613 2444 consulenda
642 2412 871 2455 (praeterquam
895 2407 1043 2447 haeresis,
1069 2407 1171 2441 rebel-

421 2463 514 2498 lionis
535 2471 587 2497 aut
610 2462 852 2509 conspirationis
875 2462 903 2495 in
929 2473 1092 2507 personam
1124 2462 1170 2494 vot

421 2516 542 2551 Statum
562 2516 696 2551 Romani
722 2516 881 2550 pontilicis
896 2528 951 2550 seu
975 2514 1068 2549 Sedis
1087 2515 1171 2562 Apu·
1193 2543 1194 2546 ,

421 2570 549 2606 stolicae
572 2578 603 2605 et
618 2570 758 2605 ott'onsae
775 2569 948 2616 personalis
972 2569 1000 2602 in
1029 2568 1062 2602 S.
1081 2568 1118 2602 R.
1137 2569 1171 2602 ti.

423 2624 627 2668 cardinalem,
655 2624 873 2672 patriarcham,
900 2622 1171 2671 arehiepiscopum

1181 358 1182 361 ’
1205 353 1233 386 in
1252 353 1360 386 mortis
1374 352 1505 386 articulo
1529 353 1697 406 plenariam
1714 351 1856 385 omnium
1873 363 1953 398 pec-

1203 412 1343 436 catorum
1361 414 1504 443 suorum,
1519 402 1568 434 eti·
1563 414 1612 435 ιιιι
1625 409 1828 447 exceptorum
1846 399 1951 435 huius-

1205 450 1287 485 modi
1325 451 1541 485 remissionem
1567 450 1751 496 impendere
1774 450 1881 495 possit.
1910 449 1952 483 lta

1203 500 1299 545 qtiod,
1313 500 1337 534 si
1355 509 1428 534 tuuc
1445 511 1505 533 non
1529 499 1673 536 obierint,
1691 499 1841 545 quotiens
1854 499 1884 533 in
1902 500 1951 532 tali

1203 549 1335 583 articulo
1361 549 1520 582 constituti
1545 548 1672 590 suerint,
1700 548 1783 583 illam
1806 548 1952 582 reiterare

1205 599 1301 643 p05sit
1317 598 1397 631 idem
1415 598 1459 631 rel
1485 598 1565 631 alius
1586 597 1748 632 consessor
1761 598 1806 631 sic
1822 597 1950 632 electus.

1204 646 1236 680 ln
1261 647 1329 681 aliis
1352 659 1424 681 teto
1441 647 1579 689 casibus,
1594 647 1708 681 totiens
1733 646 1879 693 quotiens
1894 659 1952 692 op-

1204 705 1373 742 portunum
1404 696 1508 735 suerit,
1535 695 1731 730 consessione
1758 694 1877 739 audita,
1899 707 1953 730 ens

1203 745 1363 779 absolvere
1387 745 1483 779 xaleat
1497 753 1525 779 et
1543 745 1767 791 poenitentiam
1785 744 1830 778 eis
1845 744 1952 778 iniun-

1203 808 1276 840 gere
1296 795 1477 828 salutarem.

1250 849 1265 885 ,ξ
1288 846 1320 878 9.
1348 844 1508 890 Quodque
1531 843 1614 877 idem
1637 842 1800 878 consessor
1830 842 1876 877 sic
1893 843 1952 877 ele·

1203 903 1283 937 ctus,
1299 894 1328 927 in
1344 892 1429 927 Urbe
1457 893 1628 932 dumtaxat,
1650 905 1721 926 cum
1742 892 1861 927 eisdem
1884 904 1953 926 con-

1203 943 1350 977 fratribus
1374 955 1445 977 eum
1469 943 1498 976 in
1515 942 1728 977 consessorem
1751 941 1953 988 eligentibus,

1203 993 1430 1038 cuiuscumque
1464 992 1644 1037 diguitatis,
1679 999 1790 1033 status,
1820 990 1953 1046 gradus,

1202 1041 1321 1075 ordinis
1348 1041 1393 1076 tel
1416 1019 1607 1075 condiiionis
1639 1049 1669 1074 et
1700 1040 1954 1086 praeeminentiae

1203 1090 1330 1131 suerint,
1353 1090 1488 1125 clericali
1515 1090 1645 1124 militiae
1667 1089 1844 1136 adscriptis,
1860 1090 1952 1124 etiarn

1203 1140 1368 1185 religiosis
1391 1151 1612 1186 quaecumque
1629 1138 1779 1174 heneticia
1802 1139 1955 1173 ecclesia-

1202 1189 1278 1223 stica
1301 1189 1393 1223 etiam
1431 1188 1656 1228 obtinentibus,
1689 1188 1742 1234 qui
1773 1188 1955 1235 praemissis

1203 1239 1369 1273 sententiis
1387 1239 1427 1284 lig
1420 1239 1469 1271 rati
1486 1238 1597 1273 missas
1619 1246 1648 1272 et
1662 1238 1722 1272 aha
1735 1237 1839 1272 ditina
1854 1236 1954 1271 officia

1203 1287 1402 1325 celebrando
1428 1296 1481 1321 aut
1501 1288 1577 1321 alias
1593 1286 1653 1321 illis
1679 1299 1713 1321 se
1736 1285 1955 1325 immiscendo,

1203 1349 1257 1371 seu
1282 1337 1358 1371 alias
1382 1337 1410 1370 iu
1439 1337 1565 1371 casibus
1588 1336 1617 1370 iu
1637 1337 1704 1371 iure
1726 1337 1887 1383 expressis
1910 1337 1954 1369 vel

1204 1398 1266 1420 non
1289 1386 1448 1432 expressis
1467 1385 1728 1430 irregularitatem
1745 1385 1955 1420 contraxerint

1204 1435 1352 1480 tbigamia
1369 1444 1399 1469 et
1417 1435 1588 1469 homicidio
1604 1435 1779 1469 voluntario
1793 1436 1956 1469 dumtaxat

1204 1486 1368 1531 exceptis),
1387 1494 1419 1519 nt
1446 1485 1483 1519 ad
1507 1496 1618 1518 omnes
1645 1484 1839 1532 superiores,
1863 1484 1955 1520 etiam

1204 1546 1322 1574 saeros,
1344 1535 1470 1569 ordines
1494 1534 1684 1580 promoveri,
1711 1542 1741 1569 et
1770 1534 1801 1568 in
1824 1533 1895 1568 aliis
1921 1545 1957 1568 ac

1207 1595 1261 1630 pcr
1288 1596 1342 1617 eos
1373 1584 1531 1630 susceptis
1564 1583 1729 1619 ordinibus
1764 1582 1956 1625 huiusmodi,

1205 1633 1298 1667 etiam
1323 1633 1351 1666 in
1375 1633 1481 1668 altaris
1505 1633 1679 1667 ministerio
1709 1633 1899 1676 ministrare,
1921 1644 1957 1666 ac

1205 1682 1373 1728 dignitates
1395 1692 1426 1717 et
1449 1682 1604 1717 beneficia
1631 1682 1842 1717 ecclesiastica
1864 1693 1959 1728 quae-

1206 1744 1344 1777 cumque
1360 1733 1499 1777 recipere
1522 1740 1553 1766 ct
1572 1731 1723 1766 retinere:
1749 1743 1873 1766 necnon
1890 1743 1958 1765 mo·

1207 1781 1351 1816 naslei-iis
1373 1790 1401 1814 et
1429 1781 1574 1816 ecclesiis
1597 1780 1842 1821 cathedralibus,
1864 1780 1956 1814 etiam

1208 1830 1457 1876 metropolitanis
1481 1839 1511 1864 et
1540 1830 1801 1877 patriarchalibus
1832 1829 1957 1877 praefici

1208 1888 1237 1913 et
1261 1892 1394 1924 praeesse
1418 1880 1513 1914 libere
1537 1888 1565 1914 et
1589 1879 1672 1914 licite
1705 1880 1803 1926 possit
1836 1879 1960 1925 dispen-

1208 1940 1292 1968 sarc3
1316 1941 1351 1963 ac
1373 1929 1418 1963 eis
1430 1928 1544 1973 dehis,
1567 1941 1648 1976 quac
1671 1937 1746 1963 tunc
1768 1929 1960 1972 detinerent,

1208 1977 1416 2023 dignitatibus
1438 1987 1467 2012 et
1489 1978 1652 2013 beneficiis
1675 1978 1858 2013 huiusmodi
1886 1990 1963 2025 pro-

1210 2027 1327 2071 videre,
1350 2036 1379 2061 et
1401 2027 1520 2074 quibus
1549 2028 1652 2062 minus
1666 2029 1818 2063 canonice
1847 2039 1962 2075 praees-

1210 2089 1290 2120 seut,
1304 2080 1454 2116 Ecclesiis
1463 2089 1493 2116 ct
1509 2083 1707 2117 monasteriis
1717 2081 1898 2116 huiusmodi
1909 2093 1962 2116 eos

1212 2135 1380 2181 praeficere
1404 2136 1433 2169 in
1459 2136 1524 2170 soro
1547 2136 1765 2171 conscientiae
1788 2135 1962 2178 dumtaxat,

1189 2223 1191 2228 ,
1211 2191 1381 2237 apostoliea
1411 2190 1508 2225 valeat
1534 2192 1719 2226 auctoritate
1743 2189 1912 2237 praedicta.

1261 2247 1280 2289 ᾖ
1313 2247 1365 2278 10.
1404 2244 1599 2280 Adiicieutes
1633 2245 1764 2291 insuper
1795 2252 1911 2279 statuto
1934 2253 1963 2278 et

1212 2299 1400 2333 ordinationi
1424 2298 1604 2346 praedictis,
1626 2299 1710 2345 quod
1739 2311 1868 2345 corpora
1891 2299 1963 2333 sin-

1212 2352 1357 2398 gulorum
1374 2352 1566 2387 confratrum
1586 2352 1900 2400 praedictorum,tam
1916 2364 1966 2387 ec-

1213 2407 1458 2441 elesiasticorum
1489 2419 1582 2454 quam
1615 2407 1765 2441 laicorum
1801 2407 1964 2454 utriusque

1214 2473 1307 2495 sexus
1331 2460 1360 2494 in
1394 2460 1478 2495 dicto
1502 2460 1580 2495 libro
1608 2460 1853 2506 descriptorum,
1886 2472 1965 2506 qnos

1215 2523 1356 2561 tempore
1367 2514 1571 2549 ecclesiastici
1587 2513 1741 2548 interdicti
1751 2513 1862 2560 quovis
1873 2513 1966 2547 modo

1216 2568 1336 2603 etiama
1356 2569 1439 2603 Sede
1462 2567 1645 2615 Apostolica
1669 2567 1805 2614 impositi
1819 2566 1966 2601 decidere

1217 2623 1394 2669 contigerit,
1421 2622 1595 2657 dummodo
1622 2633 1748 2657 causam
1780 2633 1840 2656 non
1868 2620 1967 2656 dede-

1970 248 2007 272 Λιι
2036 246 2064 273 C.
2087 247 2151 273 ΜΠ

1982 850 2020 876 Qui
2042 849 2156 869 confesso-

1969 885 2003 900 res
2019 881 2078 900 absol
2111 885 2154 901 ete.

1987 2253 2045 2274 (iouh
2052 2257 2118 2273 atrum
2127 2257 2164 2273 so-

1980 2285 2062 2311 pnltura
2101 2287 2162 2304 cti-nu

1981 2319 2075 2341 tempure
2095 2316 2166 2334 intor-

1981 2347 2030 2367 dwti
2058 2345 2165 2372 pantini-

1981 2381 2021 2397 tur.
