2281 3251
243 268 292 293 Αιι.
311 267 339 293 C.
362 269 427 295 {7002

259 574 328 595 lrntat
346 578 427 594 contra-

245 612 274 626 rie
290 609 400 626 attentata.

266 772 404 793 (lb-tantihus

290 805 383 829 :lert-gato

494 259 563 291 552

443 323 492 358 dis
519 325 706 360 officialibus
730 328 759 359 in
783 327 891 361 eadem
915 328 1039 362 civitate
1059 329 1197 364 existen-

444 374 537 418 tibus,
565 383 719 421 qnatenus
742 377 912 421 praemissa
940 378 1044 411 onmia
1071 379 1199 413 tirmiter

443 424 623 462 observent,
651 433 679 458 et
708 424 834 467 saciant,
851 435 1003 472 quantum
1029 427 1118 462 ineis
1139 438 1198 468 est,

443 473 482 507 ab
504 473 652 507 omnibns
675 474 845 509 observari.

493 523 513 569 ξ
535 526 567 557 G.
593 523 639 557 Ac
661 522 870 559 decernentes
896 537 933 559 ex
960 538 1043 560 nunc
1075 526 1197 560 irritum

444 582 473 606 et
503 574 605 612 inane,
625 573 649 606 si
674 585 768 607 secus
797 586 895 620 snper
918 574 965 609 liis
987 587 1002 608 a
1026 587 1198 623 quoquam,

444 622 553 668 quavis
574 623 771 660 auctoritate,
794 625 932 659 scienter
954 624 1000 659 vel
1019 625 1200 670 ignoranter

444 679 611 716 contigerit
637 680 794 706 attentari.

491 720 512 765 ἓ
537 724 568 753 7.
591 719 660 754 Nou
689 720 887 756 obstantibus
919 724 1200 759 constitutionilms

443 778 473 803 et
495 769 747 804 ordinationibus
769 772 962 817 apostolicis,
986 785 1021 807 ae
1053 774 1200 808 omnibus

445 819 517 857 illis,
543 831 622 865 quae
659 821 917 865 praedecessores
946 822 1072 868 praefati
1097 823 1126 856 iu
1150 825 1200 856 di-

444 869 502 902 ctis
528 880 636 902 eorum
662 869 774 904 litteris
802 871 969 905 voluerunt
993 884 1054 906 non
1075 872 1200 906 obstare

443 918 639 964 caeterisque
666 921 833 953 contrariis
855 921 1123 968 quibuscumque.

493 966 577 1001 Nulli
601 980 677 1013 ergo
703 976 757 1002 etc.

493 1016 609 1051 Datum
632 1017 750 1052 Romae
770 1019 852 1064 apud
888 1019 922 1054 S.
953 1020 1093 1065 Petrum,
1117 1034 1200 1056 :tuno

446 1065 674 1101 lucarnationis
705 1067 881 1103 dominicae
912 1069 1082 1105 millesimo
1123 1083 1199 1117 qua-

445 1115 696 1161 dringentesimo
713 1117 917 1162 nonagesimo
944 1120 1096 1163 secundo,
1112 1129 1199 1154 sexto

446 1177 545 1200 nonas
572 1166 721 1205 octobris,
750 1166 952 1212 pontificatus
984 1171 1081 1204 nostri
1116 1182 1198 1204 anno

447 1226 558 1261 primo.

511 1275 572 1305 Dat.
587 1276 634 1306 die
650 1277 668 1306 Ξ)
684 1277 814 1307 octobris
834 1278 917 1315 tto-2,
934 1284 1011 1318 pout.
1027 1290 1104 1309 anno
1121 1290 1137 1311 ι.

800 1455 838 1490 ΙΙ.

445 1538 639 1583 Approbatio
663 1538 815 1583 Requlae,
855 1539 916 1572 sive
951 1545 1137 1573 statutorum
1174 1547 1199 1572 et

493 1588 727 1621 ordinationum
749 1589 943 1634 confirmatio
959 1600 978 1622 a
993 1589 1078 1622 beato
1101 1589 1200 1622 Fran-

493 1638 571 1671 ci'sco
593 1638 629 1670 de
653 1638 755 1671 Paula
780 1638 926 1682 primitus
960 1639 1023 1672 suis
1049 1639 1199 1682 [ratribus

495 1688 683 1720 traditorum
711 1689 742 1720 in
766 1688 932 1721 Cusentina
953 1699 1052 1722 eremo
1073 1690 1128 1732 (1).

714 1774 929 1805 SUMthtUM

446 1840 613 1870 Exordium.
639 1857 679 1863 --
704 1841 726 1870 Ι.
745 1840 774 1870 S.
798 1841 977 1871 Franciscus
997 1842 1032 1872 de
1052 1842 1152 1878 Paula,
1176 1843 1200 1872 vi

486 1884 634 1914 facultatis
654 1884 712 1914 sibi
729 1896 742 1915 a
761 1885 840 1916 Sixto
855 1885 889 1915 lv
906 1891 934 1916 et
951 1885 1120 1916 innocentio
1143 1887 1201 1916 Vlll

486 1939 657 1963 concessae,
677 1930 803 1968 Regulas
823 1939 873 1969 pro
894 1931 957 1961 suis
978 1932 1109 1962 eremitis
1124 1941 1201 1961 com-

486 1974 593 2012 posuit.
616 1991 654 1996 ——
671 1974 698 2004 2.
723 1975 830 2004 Earum
854 1976 1108 2006 confirmationem
1134 1977 1203 2015 petit

486 2018 522 2048 ab
535 2019 708 2056 Alexandro,
722 2037 761 2042 -
773 2020 800 2049 3.
813 2020 916 2056 Quam,
933 2020 967 2050 ad
985 2030 1086 2060 preces
1100 2021 1201 2051 Franc.

486 2063 576 2101 regim
594 2064 738 2094 concedit.
760 2063 987 2094 —Huiusmodi
1001 2065 1138 2095 eremitas
1153 2065 1203 2096 Mi-

487 2108 584 2138 nimos
598 2109 718 2138 mandat
729 2109 904 2147 nuncupari.
914 2125 953 2131 —
963 2110 991 2139 4.
1004 2109 1100 2140 Tenor
1113 2115 1204 2140 statu-

489 2157 644 2183 torum.-
666 2155 694 2184 5.
713 2154 870 2193 Praecepta
890 2154 939 2184 Dei
953 2154 1145 2185 observanda.
1170 2173 1205 2178 —

488 2199 514 2228 5.
533 2198 682 2229 Servanda
703 2200 790 2229 etiam
810 2199 977 2229 obedientia
999 2199 1094 2238 Papae
1111 2206 1138 2231 et
1154 2211 1204 2231 sn-

488 2243 655 2282 periuribns
673 2243 804 2280 Ordinis,
824 2243 1026 2283 petendusque
1046 2244 1110 2274 eius
1134 2256 1202 2285 pro—

489 2291 591 2317 tector.
605 2305 644 2310 —
657 2289 682 2317 7.
696 2288 734 2317 De
753 2288 833 2318 horis
849 2288 1000 2318 canonicis
1017 2293 1045 2318 et
1064 2291 1205 2321 oratione.

487 2349 526 2355 —-
550 2333 661 2363 Studiis
684 2350 723 2356 ·—·
750 2333 784 2363 Et
803 2334 1022 2372 praedieatione
1046 2334 1124 2364 verbi
1145 2335 1205 2371 uei,

488 2395 527 2400 —
549 2379 575 2408 8.
596 2377 831 2415 Vestil›1is‚——9.
844 2378 934 2413 Cibis,
948 2379 1056 2408 infirm.
1073 2389 1152 2409 cura.
1168 2397 1207 2402 ——

495 2423 535 2453 lO.
561 2422 599 2453 De
612 2423 667 2453 vita
682 2423 831 2453 communi
845 2423 998 2453 etvitanda
1019 2424 1205 2461 proprietate.

490 2484 530 2489 -
548 2467 586 2497 De
609 2476 674 2497 arca
699 2468 859 2498 communi.
881 2485 919 2489 —
945 2468 990 2496 tl.
1013 2466 1051 2496 ne
1075 2468 1207 2505 ieiuniis,

491 2529 530 2534 —
548 2511 695 2541 Orationis
716 2511 891 2551 frequentia,
903 2529 941 2534 —
958 2512 1001 2541 12.
1021 2511 1154 2546 Silentiu,
1170 2530 1207 2534 —

493 2556 624 2594 Novitiis,
645 2574 684 2579 -
704 2558 748 2586 t3.
766 2557 942 2591 ttet'ectorio‚
958 2574 995 2579 —
1015 2556 1204 2596 llospitibus,

492 2618 531 2624 -
553 2601 648 2631 Mutua
672 2602 822 2635 charitate,
840 2618 878 2623 —
898 2601 1078 2631 Humilitate.
1101 2617 1139 2623 —
1165 2601 1208 2630 l-l.

490 2664 529 2699 (t)
550 2664 588 2690 Ex
607 2664 711 2699 Regest.
731 2664 755 2690 in
774 2662 884 2690 Archiv.
904 2663 987 2690 Vatie.

1024 275 1124 297 ltt'LtA
1130 276 1160 298 R!
1167 277 1211 299 [Μ
1235 278 1303 299 lton
1310 277 1366 299 AN(
1375 278 1397 299 Μ

2011 279 2059 304 An.
2081 276 2110 303 C.
2126 278 2193 304 19195

1281 330 1318 359 lle
1334 330 1520 359 consessione
1537 335 1564 359 et
1582 335 1766 359 sacramento
1785 329 1997 365 Eucharistiae,

1279 392 1318 396 —
1340 375 1441 413 Cnlpis
1465 375 1609 404 dicendis.
1632 392 1670 397 —
1694 376 1740 404 15.
1763 374 1799 403 lle
1818 377 1996 405 commercio

1280 428 1346 448 eum
1365 419 1571 448 saecularibus
1593 424 1620 448 et
1642 419 1785 448 charitate
1803 419 1878 448 inter
1895 419 1997 449 fratres

1282 463 1436 492 seruanda.
1455 479 1494 484 —
1514 463 1556 491 tt‘».
1576 462 1613 491 tte
1632 463 1712 500 sagis
1736 467 1763 492 et
1785 463 1954 493 criminosis
1971 469 1999 493 et

1281 516 1338 545 qna
1357 506 1484 544 quisque
1497 506 1533 535 sit
1546 516 1637 545 poena
1651 506 1829 545 puniendus.
1843 524 1882 529 -
1897 508 1939 537 Π.
1959 507 1997 537 D·-

1282 556 1446 580 correctore
1473 551 1603 588 generali
1619 567 1657 572 —-
1673 550 1705 580 Et
1721 551 1858 590 capitulo,
1874 569 1912 573 —
1928 551 1998 581 Pro-

1282 594 1416 623 vincialis
1434 594 1587 624 electione.
1607 611 1644 616 —
1664 595 1706 624 18.
1727 594 1804 624 Laici
1825 604 1922 625 rocem
1941 605 1996 624 non

1283 638 1392 668 liabent
1412 638 1440 667 in
1460 636 1577 668 Ordine.

1287 715 1438 743 Alexander
1457 715 1600 750 episcopus
1616 721 1712 743 servus
1728 721 1869 744 servorum
1887 715 1952 748 Dei,

1387 765 1421 792 ad
1446 765 1608 800 perpetuam
1623 764 1664 792 rei
1683 764 1853 793 memoriam.

1293 836 1413 870 Meritis
1436 835 1600 882 religiosae
1634 836 1725 874 vitae,
1760 848 1853 882 quam
1893 836 1996 871 dilecti

1245 886 1295 919 [ilii
1318 885 1510 919 Franciscus
1532 885 1571 919 de
1591 884 1686 919 Paula
1710 886 1820 920 eteius
1848 886 1924 920 socii
1942 886 1998 920 lie-

1245 936 1372 969 remitae
1414 934 1607 969 bereinitorii
1639 935 1737 969 sancti
1774 934 1933 970 Francisci
1958 935 1997 969 de

1245 985 1350 1023 Paula,
1361 983 1557 1018 Cusentinae
1570 984 1742 1023 Dioocosis,
1757 983 1794 1018 ad
1816 983 1998 1031 obsequen—

1242 1035 1316 1068 dum
1346 1033 1510 1068 Altissimo
1544 1034 1719 1079 elegerunt,
1739 1033 1933 1073 inducimur,
1968 1044 1998 1068 ct

1243 1083 1386 1130 exemplo
1424 1083 1496 1117 boni
1538 1083 1643 1129 operis
1674 1083 1847 1117 excitamur
1883 1093 1915 1118 ut
1950 1095 1998 1122 ea,

1242 1145 1322 1179 quae
1352 1144 1408 1178 pro
1431 1144 1540 1166 eorum
1565 1132 1739 1166 directione
1762 1132 1862 1166 votiva
1889 1132 1928 1167 ab
1951 1145 2000 1168 eo-

1243 1183 1314 1217 dem
1339 1182 1508 1216 Francisco
1533 1181 1662 1229 provide
1689 1181 1831 1216 ordinata
1859 1189 1944 1226 sunt,
1968 1191 1998 1216 nt

1243 1232 1364 1265 tlt-mins
1399 1231 1514 1265 illibata
1546 1239 1763 1278 permaneant,
1798 1231 1999 1278 Apostolicae

1240 1280 1344 1321 Sedis,
1366 1281 1415 1315 cui
1446 1280 1626 1315 immediate
1655 1288 1729 1315 sunt
1750 1280 1897 1322 subiecti,
1921 1293 2000 1316 mu-

1242 1331 1360 1365 nimine
1379 1329 1574 1364 roboremus.
2169 1360 2175 1366 ,

1290 1380 1310 1427 g
1338 1384 1364 1414 l.
1393 1380 1489 1419 Sane,
1514 1392 1569 1427 pro
1587 1388 1672 1426 parte
1695 1379 1880 1414 eorumdem
1905 1379 1999 1414 here·
2028 1390 2047 1409 s.
2074 1390 2199 1425 iv‘ranoiscus

1242 1431 1388 1463 initarum
1412 1429 1504 1463 uobis
1527 1442 1626 1475 nuper
1642 1429 1778 1463 exhibita
1796 1429 1904 1476 petitio
1927 1441 2000 1464 con-
2015 1422 2038 1440 '¹⁰
2051 1420 2151 1446 ¹'⁸¹'¹⁸'‘'
2167 1421 2200 1441 ‘³‘

2014 1451 2100 1472 cutinus
2123 1452 2162 1473 sihi
2187 1460 2199 1474 a

1242 1478 1361 1513 tinebat
1401 1478 1485 1525 quod
1524 1478 1682 1526 praefatus
1714 1477 1908 1513 Franciscus
1943 1479 2001 1514 ha-
2014 1481 2072 1503 Sim>
2087 1481 2200 1534 ’ξυζω-

1243 1529 1319 1563 bens
1338 1528 1374 1562 ad
1399 1527 1472 1573 boc⁷
1487 1536 1516 1561 nt
1533 1527 1702 1565 asserebat,
1718 1540 1732 1562 a
1753 1528 1803 1562 bo.
1825 1541 1886 1563 me.
1910 1528 1999 1564 Pirro
2014 1519 2102 1570 ἓξὲξ,
2128 1521 2200 1572 Meg-

1241 1578 1482 1624 archiepiscopo
1502 1578 1634 1612 (lusent.
1657 1577 1827 1625 specialem
1853 1590 1907 1625 per
1925 1578 2001 1613 alias
2015 1575 2099 1628 'jsmffi‘s'
2112 1583 2158 1629 {2ss
2174 1582 2202 1628 {j

1242 1627 1533 1662 literaslacultaten‘i
1551 1639 1605 1673 per
1617 1627 1666 1661 l'el.
1682 1627 1803 1662 record.
1818 1628 1944 1663 Sixtum
1959 1627 2002 1662 lV
2015 1642 2064 1660 sun.
2161 1614 2172 1635 Ρ

1242 1687 1272 1712 et
1300 1677 1518 1711 Innocentium
1536 1676 1617 1717 Vlll,
1635 1676 1796 1711 Romanos
1812 1677 2002 1722 Pontifices,

1244 1727 1501 1774 praedecessores
1525 1735 1660 1770 nostros,
1688 1727 1866 1762 successive
1881 1726 2001 1762 confir-

1244 1786 1372 1821 matam⁷
1395 1785 1424 1811 et
1447 1776 1484 1810 ad
1498 1788 1720 1823 quaecumque
1748 1775 1828 1817 loca,
1851 1788 1930 1824 qnae
1958 1777 2003 1812 ei-

1243 1827 1313 1860 dem
1330 1826 1565 1872 congregationi
1582 1825 1691 1860 donari
1715 1826 1924 1873 contingeret,
1939 1838 2004 1861 am-

1246 1876 1386 1922 pliatam,
1410 1883 1501 1923 prout
1531 1876 1560 1909 in
1590 1875 1665 1910 dicti
1689 1875 1916 1923 archiepiscopi
1945 1888 2003 1910 au-

1245 1925 1393 1960 thenticis
1406 1933 1433 1959 et
1449 1925 1606 1959 dictorum
1625 1924 1904 1972 praedecessorum
1930 1936 2004 1972 apo-

1245 1974 1364 2010 stolicis
1392 1975 1504 2009 litteris
1529 1975 1655 2020 plenius
1670 1975 1862 2020 continetur,
1878 1974 2002 2010 illarum

1247 2025 1364 2071 rigore,
1388 2037 1444 2071 pro
1481 2024 1598 2059 salubri
1633 2024 1808 2059 directione
1831 2024 2004 2060 heremita-

1247 2087 1313 2109 rum
1338 2074 1510 2118 societatis,
1524 2074 1675 2108 nonnulla
1693 2073 1790 2108 divini
1809 2075 1915 2109 cultus
1930 2086 2005 2120 aug-

1248 2132 1388 2159 mentum
1413 2132 1441 2158 et
1467 2125 1645 2158 animarum
1660 2123 1845 2158 eorumdem
1871 2124 2002 2158 salutem

1249 2175 1276 2208 iu
1307 2174 1513 2220 beneplacitis
1535 2173 1658 2208 divinae
1674 2173 1853 2216 voluntatis„
1872 2181 1901 2207 et
1925 2174 2003 2208 vitae

1249 2224 1451 2258 heremiticae
1467 2223 1649 2258 huiusmodi
1671 2223 1948 2268 perseverantiam,
1974 2231 2005 2257 et

1248 2286 1355 2308 eorum
1381 2273 1597 2320 prosperitatis
1615 2273 1734 2306 votivae
1750 2284 1918 2307 successus
1932 2284 2005 2307 eon-

1248 2324 1419 2362 cernentia,
1447 2322 1543 2357 sacris
1565 2321 1743 2356 canonibus
1759 2334 1820 2356 uon
1837 2322 2004 2362 contraria,

1252 2377 1280 2410 in
1305 2376 1456 2411 tredecim
1480 2376 1627 2423 capitulis
1660 2384 1808 2410 contenta
1843 2375 1949 2410 statuit
1974 2383 2006 2410 et

1249 2431 1429 2470 ordinavit,
1463 2442 1543 2476 quae
1568 2430 1663 2464 soluit
1692 2438 1721 2464 et
1757 2429 1915 2464 mandavit
1951 2442 2006 2476 per

1250 2486 1391 2520 eiusdem
1431 2485 1591 2519 societatis
1635 2484 1803 2518 heremitas
1845 2483 2004 2530 perpetuis

1252 2540 1364 2575 suturis
1388 2538 1587 2586 temporibus
1609 2538 1780 2573 observari.

1301 2595 1321 2639 ξ
1343 2596 1376 2628 ΕΞ.
1399 2593 1517 2636 Quare,
1543 2605 1598 2640 pro
1617 2601 1702 2639 parte
1723 2592 1884 2627 Francisci
1901 2600 1931 2626 et
1954 2592 2006 2628 he-

1254 2640 1436 2683 remitarum
1458 2647 1702 2694 pr·.n¹dictoruin⁷
1728 2645 1818 2681 uobis
1834 2645 1890 2680 suit
1905 2628 2203 2681 liumi-?b⁸'ffi¹2⁶1?„‹l’f2¹‚¹¹

2045 848 2162 870 Exordium.

2034 2593 2108 2615 Earum
2123 2594 2204 2615 contir-
