2281 3251
254 283 306 312 An.
324 284 351 312 c.
370 285 438 313 ¹320
502 271 572 307 74⁶2

288 395 400 421 nerogaito

267 427 428 448 eontrartoruml

1027 280 1215 305 ntuamrm

501 339 521 387 g
542 341 574 374 8.
596 337 667 373 Non
695 335 894 372 obstantibus
916 335 1017 370 felicis
1054 335 1200 371 recorda·
1219 342 1221 347 ’

453 389 545 424 tionis
567 387 718 423 Bonisacii
741 386 830 430 vlll,
855 385 1106 433 praedecessoris
1137 398 1198 420 no-

453 440 528 477 stri,
551 438 590 473 de
612 449 693 476 una,
721 448 781 483 qua
804 444 932 470 cavetur
959 447 998 470 ne
1021 435 1091 483 quis
1113 443 1199 469 extra

453 501 541 523 suam
565 487 756 525 dioecesim,
781 486 839 520 nisi
876 486 904 519 in
942 485 1036 520 certis
1062 486 1201 531 exceptis

453 538 589 581 casibus,
602 544 642 578 et,
661 536 690 570 in
708 535 780 575 illis,
805 535 883 570 ultra
908 547 999 569 unam
1023 534 1159 569 diaetam
1185 548 1200 569 a
1222 556 1223 560 =

453 588 513 621 {ine
535 598 609 621 suae
632 585 786 620 dioecesis
799 585 836 620 ad
861 584 1013 619 iudicium
1040 593 1200 625 evocetur;

451 650 506 672 seu
527 649 565 671 ne
589 636 719 679 iudices,
734 647 750 670 a
764 634 848 670 Sede
871 635 1026 682 praedicta
1050 634 1201 681 deputati,

451 695 534 721 extra
570 686 725 721 civitatem
749 685 795 720 vel
820 684 1003 724 dioecesim,
1032 683 1061 718 in
1085 684 1202 731 quibus

452 736 591 782 deputati
616 735 744 774 suerint,
766 743 873 770 contra
897 745 1117 782 quoscumque
1134 745 1203 781 pro-

452 786 576 830 cedere,
603 793 655 820 aut
677 785 726 820 alii
750 784 797 819 vel
821 785 889 819 aliis
912 784 996 819 vices
1017 796 1091 819 suas
1114 796 1204 818 com-

453 835 575 870 mittere
603 843 816 881 praesumant;
831 843 859 869 et
874 833 912 869 de
935 833 1061 869 duabus
1079 833 1202 878 diaetis,

452 886 482 919 in
506 885 642 920 concilio
661 885 796 932 generali
819 884 915 925 edita,
937 896 972 920 ac
986 884 1055 919 aliis
1082 883 1202 919 eonsti-

454 934 628 970 tutionibus
658 943 688 970 et
721 933 973 969 ordinationibus
1000 933 1202 981 apostolicis,

453 997 576 1020 necnon
603 985 726 1020 statutis
742 1012 751 1028 ,
774 983 1060 1020 consuetudinibus
1075 1011 1084 1027 ,
1111 984 1202 1018 etiam

454 1036 651 1079 iuramento,
686 1034 924 1070 confirmatione
951 1033 1121 1082 apostolica
1157 1033 1203 1068 vel

452 1085 563 1133 quavis
585 1085 731 1120 firmitate
754 1084 812 1119 alia
838 1085 1004 1128 roboratis,
1032 1083 1204 1132 privilegiis

453 1147 601 1183 quoque,
635 1134 765 1170 indultis
797 1146 834 1170 ac
861 1134 958 1169 literis
979 1134 1161 1181 apostolicis
1188 1145 1203 1167 a

454 1185 536 1220 dicta
572 1184 679 1225 Sede,
709 1185 802 1220 etiam
839 1193 925 1219 motu
956 1184 1081 1231 proprio
1107 1191 1138 1218 et
1166 1195 1205 1218 ex

455 1243 538 1270 certa
560 1235 690 1270 scientia
712 1246 749 1270 ac
770 1234 809 1269 de
830 1233 1021 1282 apostolieae
1044 1233 1206 1281 potestatis

456 1284 663 1333 plenitudine,
690 1293 720 1319 et
746 1284 785 1319 de
820 1283 919 1319 dictae
955 1283 1116 1318 Romanae
1143 1282 1206 1317 Ec-

455 1335 568 1370 clesiae
590 1334 796 1370 cardinalium
821 1333 954 1369 consilio
989 1342 1020 1368 et
1047 1345 1204 1368 consensu

455 1385 548 1420 etiam
571 1384 834 1420 concistorialiter
857 1384 988 1427 habitis,
1005 1395 1041 1418 ac
1055 1396 1108 1430 per
1127 1384 1205 1417 viam

455 1443 634 1470 contractus
661 1442 691 1468 ot
713 1433 913 1480 obligationis
936 1434 1112 1468 iuramento
1141 1432 1208 1467 val-

456 1485 547 1526 latis,
571 1496 692 1520 necnon
726 1484 871 1531 perpetui
895 1483 1001 1518 statuti
1024 1492 1055 1518 et
1078 1481 1207 1517 ordina-

456 1534 561 1580 tionis,
583 1542 613 1570 et
631 1546 703 1569 cum
726 1533 889 1581 quibusvis
908 1534 1002 1568 etiam
1021 1532 1207 1579 exceptivis,

457 1593 706 1632 praeservativis,
733 1592 849 1619 mentis
876 1584 1074 1622 attestativis,
1099 1581 1206 1616 irrita—

456 1635 539 1679 tivis,
561 1633 774 1673 annullativis,
798 1633 1011 1673 restitutoriis,
1041 1633 1210 1667 innovato-

457 1685 510 1719 riis
531 1697 566 1720 ac
594 1684 862 1731 derogatoriarum
887 1683 1093 1729 derogatoriis
1121 1682 1208 1717 aliis-

456 1747 519 1783 que
531 1734 771 1778 efficacioribus,
786 1732 1011 1768 efficacissimis
1026 1742 1055 1767 et
1075 1733 1208 1766 insolitis

457 1785 608 1820 clausulis
624 1792 654 1819 et
668 1793 963 1832 quantumcumque
978 1782 1208 1830 urgentissimis

455 1835 559 1872 causis
573 1862 582 1879 ⁷
604 1846 640 1869 ac
662 1834 840 1869 necessario
869 1833 1096 1880 exprimendis,
1120 1845 1208 1879 quo—

456 1884 630 1921 modolibet
645 1884 798 1918 emanatis
815 1891 844 1918 et
859 1883 1056 1922 emanandis,
1079 1882 1209 1929 quibus,

456 1937 549 1971 etiam
565 1935 589 1970 si
607 1946 662 1981 pro
677 1933 800 1968 illorum
816 1932 1209 1978 sufficientiderogatione⁷

457 1987 496 2021 de
513 1985 573 2019 illis
587 1996 761 2031 eorumque
783 1983 857 2018 totis
877 1982 1039 2017 tenoribus
1064 1982 1209 2029 specialis

457 2043 487 2071 et
514 2033 674 2069 individua
697 2045 733 2068 ac
755 2033 794 2068 de
819 2032 913 2068 verbo
933 2032 969 2067 ad
988 2031 1208 2076 verl›um‚n0n

457 2093 560 2120 autem
584 2096 638 2131 per
659 2083 816 2118 clausulas
843 2083 1005 2129 generales
1037 2081 1118 2116 idem
1149 2082 1210 2115 im-

458 2146 641 2187 portantes,
669 2137 787 2172 mentio
821 2149 874 2171 seu
911 2136 1040 2184 quaevis
1066 2135 1126 2170 alia
1154 2147 1210 2170 cx-

460 2192 581 2240 pressio
606 2191 748 2226 habenda
771 2199 825 2226 aut
851 2191 1004 2238 exquisita
1027 2189 1126 2224 forma
1142 2201 1210 2224 sor-

459 2246 558 2282 vanda
575 2246 664 2287 foret,
679 2246 803 2281 illorum
817 2245 960 2280 omnium
977 2254 1104 2280 tenores
1121 2255 1210 2291 prae-

461 2301 604 2337 sentibus
628 2314 682 2349 pro
704 2301 895 2337 sufficienter
925 2299 1083 2348 expressis
1115 2312 1148 2333 ac
1173 2299 1210 2333 de
1231 2320 1232 2327 κ

461 2357 556 2392 verbo
583 2355 619 2391 ad
645 2356 772 2390 verbnm
797 2355 934 2397 insertis,
958 2367 1078 2390 necnon
1100 2353 1210 2388 modos

461 2421 491 2447 et
515 2412 628 2447 turmas
651 2410 688 2445 ad
713 2410 741 2445 id
765 2410 946 2455 servandos,
971 2422 1026 2456 pro
1049 2408 1211 2443 individuo

461 2467 591 2502 servatis
607 2465 770 2510 babentes,
786 2465 897 2499 barum
912 2465 1004 2504 serie,
1027 2463 1056 2497 in
1073 2475 1110 2497 co
1125 2461 1208 2510 quod

464 2519 682 2569 praesentibus
704 2518 945 2567 quomodolibet
972 2517 1115 2557 obstent,
1138 2528 1212 2563 spe-

464 2574 583 2610 cialiter
603 2582 634 2609 et
655 2586 801 2621 expresse
826 2573 1037 2620 derogamus,
1065 2571 1212 2607 cacteris-

464 2641 525 2676 que
547 2628 711 2663 contrariis
733 2627 999 2675 quibuscumque.

514 2683 535 2732 g
556 2687 587 2718 9.
611 2683 676 2719 Nos
697 2684 780 2719 enim
804 2691 985 2732 praesentes
1008 2682 1112 2718 literas
1134 2691 1162 2716 et
1183 2680 1210 2714 in
1232 2708 1237 2731 λ

1242 280 1403 304 Romanum

1242 337 1287 371 eis
1302 343 1446 371 contenta
1462 347 1692 383 quaecumque,
1715 334 1774 370 sub
1788 333 1883 369 bullis
1897 334 1991 369 etiam

1243 386 1272 420 in
1297 385 1433 420 favorem
1458 385 1602 420 basilicae
1638 385 1798 432 Principis
1830 384 1993 432 apostolo-

1244 448 1310 470 rum
1337 435 1375 470 de
1398 434 1483 470 Urbe
1516 447 1552 469 ac
1590 434 1674 470 illius
1701 435 1834 470 fabricae
1861 443 1890 469 et
1913 446 1992 469 cru-

1243 487 1342 520 ciatae
1364 493 1490 520 sanctae
1517 484 1755 532 quomodolibet
1783 484 1936 520 emanatis
1963 492 1991 519 et

1243 535 1440 579 emanandiQ
1468 534 1722 569 revocationibus
1738 563 1746 575 ,
1769 534 1993 580 suspensioni-

1222 615 1223 624 ,
1246 585 1315 625 bns,
1333 583 1620 627 annullationilms‚
1643 584 1896 628 limitationibus7
1925 596 1993 619 rno-

1244 635 1476 670 ‹lificationibus
1498 634 1545 669 vel
1568 633 1826 680 derogationibus
1847 646 1994 681 compre·

1246 685 1364 728 liensis,
1394 685 1519 732 illisque
1541 684 1633 719 etiam
1658 683 1780 718 illorum
1805 692 1868 718 toto
1884 693 1992 718 tenore

1246 735 1380 779 inserto,
1408 735 1502 769 etiam
1531 733 1561 768 in
1589 733 1694 780 aliquo
1717 733 1860 779 derogari
1886 733 1994 768 nulla-

1245 792 1337 819 tenus
1365 796 1473 831 posse;
1495 791 1526 818 et
1549 784 1696 831 quotiens
1718 795 1797 829 opus
1818 782 1922 823 fuerit,
1946 791 1994 818 to-

1223 861 1225 869 .
1246 834 1327 869 tiens
1346 847 1375 868 in
1394 834 1560 880 pristinum
1577 841 1607 868 et
1620 833 1680 867 sub
1695 845 1896 879 quacumque
1911 833 1994 874 data,

1245 883 1284 919 de
1295 897 1355 932 qua
1371 883 1560 919 officialibus
1569 882 1923 918 arcbiconfraternitatis
1939 881 1995 917 ltu-

1248 934 1384 969 iusmodi
1411 946 1466 982 pro
1493 942 1634 980 tempore
1663 932 1829 980 placuerit,
1852 933 1994 967 restituta

1246 996 1315 1019 esse
1336 993 1366 1019 et
1388 983 1525 1024 censeri,
1553 995 1588 1017 ae
1610 983 1716 1017 literas
1738 983 1925 1029 apostolicas
1939 981 1996 1017 de-

1246 1046 1342 1081 super
1363 1033 1507 1082 expediri
1531 1045 1622 1080 posse
1645 1032 1855 1067 decernimus.

1295 1084 1315 1131 ἓ
1336 1086 1391 1119 10.
1420 1084 1459 1119 Et
1476 1083 1547 1130 quia
1571 1082 1696 1117 dillieile
1721 1082 1799 1117 soret
1815 1089 1996 1130 praesentes

1248 1134 1352 1169 literas
1385 1134 1424 1168 ad
1460 1144 1681 1181 quaecumque
1715 1132 1804 1177 loca,
1827 1131 1880 1168 ubi
1918 1144 1997 1179 opus

1248 1193 1344 1228 esset,
1367 1184 1489 1219 deferre
1511 1191 1564 1218 etc.

1297 1233 1382 1268 Nulli
1406 1246 1479 1280 ergo
1500 1242 1553 1268 etc.

1298 1283 1331 1318 Si
1355 1284 1427 1331 quis
1454 1291 1558 1319 autern
1587 1291 1640 1318 etc.

1297 1333 1414 1368 Datum
1437 1333 1558 1368 Romae
1581 1332 1663 1381 apud
1680 1332 1832 1367 Sanctum
1856 1331 1999 1375 Petrum,

1249 1396 1331 1418 anno
1366 1383 1594 1418 Inearnationis
1628 1382 1804 1417 dominicae
1833 1381 1999 1416 millesimo

1249 1434 1503 1481 quingentesimo
1532 1433 1700 1479 vigesimo,
1727 1444 1747 1466 v
1768 1430 1919 1466 kalendas
1953 1429 2000 1466 fe-

1252 1483 1386 1528 bruarii,
1409 1483 1608 1531 pontificatus
1632 1482 1729 1517 nostri
1757 1493 1840 1516 anno
1862 1492 1922 1515 vu.

1288 1544 1349 1576 Dat.
1367 1546 1414 1576 die
1428 1545 1466 1576 28
1480 1544 1605 1576 ianuarii
1623 1543 1708 1579 1520,
1726 1548 1804 1584 pont.
1821 1552 1898 1573 anno
1914 1550 1962 1573 vn.

1571 1704 1682 1741 XLIII.

1252 1789 1407 1824 Institutio
1434 1789 1613 1822 monasterii
1645 1788 1679 1821 in
1703 1788 1780 1821 Urbe
1808 1798 1868 1832 pro
1894 1787 2006 1821 mulie-

1300 1840 1385 1873 ribus
1407 1839 1445 1872 ab
1468 1839 1627 1872 inhonesta
1648 1839 1712 1871 vita
1738 1838 1781 1871 ad
1802 1838 1957 1870 honestam
1974 1848 2004 1870 se

1300 1889 1550 1926 convertentibus,
1579 1889 1634 1922 sub
1661 1887 1851 1921 invocatione
1871 1887 2005 1921 Sanctae

1302 1939 1427 1973 Mariae
1462 1939 1670 1983 Maydalenae
1696 1950 1732 1971 ac
1764 1937 1882 1981 Reqttla
1908 1937 2006 1970 sancti

1302 1990 1481 2034 Auyustini,
1503 1995 1528 2022 et
1549 1989 1604 2021 snb
1622 1988 1767 2032 reqimine
1788 1986 2004 2030 archi'confra-

1301 2039 1450 2072 cernitatis
1476 2038 1633 2076 Caritatis,
1647 2049 1713 2071 cunt
1731 2037 1918 2070 indultorum
1936 2047 2005 2069 con-

1302 2089 1430 2122 cessione
1451 2100 1486 2122 ac
1507 2088 1675 2133 spoliorum
1695 2087 1922 2132 impudicarum
1935 2097 2005 2119 ntu-

1301 2140 1409 2172 lierttm
1431 2138 1646 2183 applicatione.

1522 2216 1738 2248 suililtltlml

1254 2286 1443 2316 Prooemium.
1465 2302 1504 2308 —-
1522 2286 1548 2314 l.
1571 2284 1708 2314 Mulieres
1732 2283 1948 2313 incontinentes
1976 2285 2005 2311 et

1294 2332 1465 2361 meretrices
1484 2335 1566 2360 erant
1589 2330 1617 2359 in
1640 2328 1727 2365 Urbe;
1746 2329 1811 2358 ideo
1831 2337 1880 2367 pro
1900 2335 2001 2357 earum

1294 2376 1485 2406 conversione
1507 2376 1552 2405 liic
1575 2373 1706 2404 Pontifex
1725 2373 1872 2412 quoddam
1896 2381 2002 2402 mona-

1294 2421 1416 2450 sterium
1436 2415 1548 2458 erigere
1568 2418 1667 2455 voluit⁷
1689 2435 1727 2439 —
1743 2417 1770 2447 ⁶2.
1789 2416 1822 2446 Et
1844 2426 1922 2446 nune
1945 2417 2004 2446 eri-

1295 2466 1345 2504 git3
1362 2482 1401 2488 —-
1422 2466 1449 2495 3.
1468 2464 1654 2494 Alibatissain
1674 2463 1872 2503 praelici13—
1888 2462 1917 2492 4.
1936 2460 2001 2491 Mu-

1294 2511 1400 2540 lierum
1426 2509 1662 2548 recipiendarum
1685 2508 1850 2547 qualitates,
1869 2506 2002 2536 habitum

1294 2560 1321 2584 et
1340 2554 1481 2592 Regulam
1501 2553 1638 2590 declarat3
1661 2569 1701 2574 —
1718 2553 1744 2582 5.
1768 2550 1933 2582 lilonasterii
1951 2558 2003 2580 re-

1294 2599 1391 2637 gimen
1423 2597 1741 2627 arcliiconfraternitati
1763 2595 1897 2625 Caritatis
1917 2603 2003 2623 com-

1295 2644 1391 2680 mittit,
1404 2660 1443 2665 -
1457 2643 1486 2673 ὓ.
1507 2642 1636 2672 ,ὶΙοηὶιιΙυε
1658 2641 1690 2671 Β.
1706 2640 1808 2671 Mariae
1823 2639 2001 2678 illaydalenae

1295 2690 1390 2719 vocari
1413 2688 1503 2726 iubet;
1521 2705 1559 2709 —
1583 2687 1607 2716 7.
1627 2685 1722 2726 Spolia
1748 2685 1935 2716 meretricum
1951 2682 2007 2715 Ur·-

2007 276 2059 305 Αη.
2079 277 2109 305 C.
2124 273 2191 305 ¹520

2041 340 2152 361 clausulae

2011 373 2192 400 praeservativa.
2245 390 2252 400 ,

2071 1085 2133 1107 riae·

2031 1116 2181 1144 exemplorum.
