2281 3251
245 268 295 295 An.
318 266 346 293 C.
361 268 428 294 tnta

257 767 294 789 ute
309 768 356 789 ideo
367 767 427 788 Puni.

242 799 296 820 nuc
310 800 380 819 οιιιιιιι
391 805 429 825 np—

242 830 324 854 proban

254 2350 377 2379 Utcumque
386 2355 435 2371 eou-

249 2384 395 2408 [renuentem
403 2386 436 2402 re-

375 2413 434 2432 vie--

249 2413 322 2438 ‘tinini
338 2412 356 2432 d.

248 2443 275 2463 ιιι
291 2443 408 2463 caniniumv

494 259 538 290 7⁶.)-

443 322 589 358 salutaria
624 320 775 368 praedicti
812 319 942 355 Ordinis
984 319 1141 372 instituta,
1165 319 1194 351 in

444 371 626 406 liuiusmodi
643 370 837 404 obsonaniia
854 369 1075 415 exemplariter
1090 367 1197 400 siren-

443 429 501 460 tes
526 421 620 455 uariis
642 429 672 454 et
695 419 825 453 diversis
865 419 1016 452 hactenus
1039 415 1197 463 multipli-

441 471 580 505 caverint
607 469 666 503 sul)
685 469 822 503 caritatis
845 477 874 502 et
903 467 1002 514 ipsius
1025 467 1197 500 observan-

443 520 502 553 tiae
529 519 676 553 unionem
692 519 838 552 virtutum
859 519 914 559 (l),
932 516 1068 550 Domino
1084 515 1198 557 ingiter

443 568 637 608 famul-iudo,
659 567 697 602 ad
733 567 827 600 dixin}
857 566 994 600 nominis
1020 565 1143 599 laudem
1167 572 1197 598 et

443 617 603 663 singulare
627 626 656 652 et
685 617 887 663 praecipuum
911 614 1020 648 salutis
1049 615 1198 662 plurimo-

444 680 511 701 rum
541 666 734 713 exemplum.

492 716 512 762 ,ξ
539 720 571 750 6.
600 715 665 750 Nos
687 715 753 761 qui,
777 727 812 748 ex
833 714 974 748 iniuncto
997 713 1100 753 nobis,
1124 713 1196 748 licet

445 766 623 808 immeritis,
656 764 846 811 apostolicae
885 763 1047 797 servitutls
1081 762 1196 803 ol'licio,

443 815 577 849 sinceris
605 813 824 848 desideramus
860 812 1043 855 affectibus,
1076 821 1107 846 ιιι
1143 824 1198 858 pet

445 873 568 898 nostiae
602 862 796 910 operationis
832 862 1041 896 ministerium
1073 862 1196 907 singula

445 913 645 957 Religionum
664 912 729 946 loca
739 924 811 946 cum
828 923 937 946 eorum
955 912 1110 958 personis,
1124 924 1195 945 eum

442 962 636 997 exultatione
645 962 786 1008 spiritus,
796 960 856 995 sub
868 959 975 994 debito
993 960 1198 1008 professionis

442 1011 607 1066 obsequio,
614 1010 751 1045 culmina
763 1010 945 1044 meritorum
958 1010 1196 1050 scandentibus

444 1062 542 1094 totixa
583 1061 612 1094 in
639 1059 864 1114 spiritualibus
899 1068 929 1094 et
971 1059 1198 1115 temporalibus

442 1110 615 1156 suscipiant
639 1109 845 1146 increnunta,
866 1108 1047 1148 directioni
1063 1117 1154 1144 statui
1169 1117 1199 1144 et

443 1159 674 1195 consertationi
691 1159 820 1193 fratium
837 1158 997 1194 societatis
1011 1158 1197 1194 huiusmodi

445 1208 608 1256 providere
653 1209 803 1252 tolentes,
838 1220 874 1242 ac
911 1216 1075 1255 sperantes
1113 1208 1197 1256 quod

443 1271 553 1293 eorum
576 1258 634 1292 rita
664 1257 811 1292 laudabili
838 1266 867 1291 et
892 1258 1064 1293 fructuosis
1091 1258 1199 1305 operi-

444 1308 503 1342 bus
527 1307 705 1354 praedietis,
729 1307 807 1342 aliae
829 1307 875 1341 eis
899 1308 1002 1342 forsan
1032 1308 1070 1342 de
1093 1316 1199 1342 cetero

443 1356 664 1392 concedendae
679 1356 804 1399 domus,
833 1356 861 1389 ιιι
878 1357 996 1391 eisdem
1025 1356 1201 1404 spirituali-

445 1407 543 1441 bnst·t
560 1406 795 1454 temporalibus
810 1415 1080 1454 prosperosatque
1093 1405 1201 1441 felices

443 1457 726 1500 successus,‹tame
742 1455 891 1494 Domino
903 1464 1150 1503 consequantur
1168 1464 1200 1490 ut

446 1507 504 1552 ipsi
523 1507 644 1551 priores
662 1514 692 1539 et
715 1505 825 1539 fratres
842 1516 880 1539 eo
896 1505 1068 1540 ferientius
1084 1505 1200 1540 divinis

446 1554 654 1601 bem-placitis
681 1566 714 1589 se
736 1563 896 1602 coaptent,
919 1568 982 1602 quo
1007 1568 1041 1590 se
1065 1567 1121 1602 pei
1143 1568 1201 1590 nos

445 1614 475 1638 et
501 1604 616 1639 Sedent
644 1605 863 1659 Apostolicam
893 1604 1084 1651 specialibus
1115 1605 1200 1640 favo-

447 1654 532 1689 ribus
553 1662 583 1688 et
603 1655 711 1700 gratiis
737 1654 950 1689 communitos
977 1654 1043 1689 sore
1065 1667 1201 1702 conspe·

447 1704 560 1742 xeriut
588 1703 771 1738 eorumdem
803 1704 917 1750 prioris
950 1713 979 1738 et
1007 1705 1136 1739 fratrum
1170 1718 1199 1739 m

447 1753 505 1788 bac
529 1761 615 1800 parte
627 1752 915 1800 supplicationibus
929 1753 1082 1797 inclinati,
1097 1763 1200 1789 aueto-

444 1803 534 1837 ritate
556 1803 727 1849 apostoliea
741 1811 771 1837 et
785 1815 822 1836 ex
836 1810 918 1837 certa
933 1803 1076 1843 scientia,
1092 1812 1200 1838 tenore

445 1853 673 1899 praesentium,
700 1853 932 1899 exemptiones,
959 1853 1200 1898 assignationes,

445 1901 682 1941 concessiones,
710 1901 825 1946 gratias
847 1910 876 1935 ct
899 1901 1018 1935 indulta
1043 1902 1198 1947 praedicta

445 1962 480 1984 ac
502 1950 607 1984 omnia
630 1959 661 1984 et
691 1951 814 1996 singula
839 1951 868 1984 iu
901 1950 1070 1997 praedictis
1103 1951 1201 1986 literis

445 2007 590 2034 contenta
606 2008 637 2034 et
654 1998 728 2033 inde
742 2009 888 2046 sequuta⁷
904 2013 975 2034 cum
993 2000 1201 2048 infrascriptis

446 2057 549 2083 tamen
573 2048 789 2083 additionibus
810 2057 840 2083 et
863 2049 1134 2084 moderationibus
1149 2062 1201 2097 ap-

446 2098 619 2145 probamus
642 2107 672 2132 et
695 2099 934 2139 confirmamus,
956 2110 991 2133 ac
1023 2101 1200 2146 praesentis

445 2148 553 2194 scripti
569 2147 741 2194 patrocinio
751 2149 1000 2189 communinms3
1013 2148 1200 2196 supplemus

446 2209 574 2244 quoque
597 2209 707 2231 omnes
729 2206 757 2232 et
777 2197 919 2243 singulos
935 2197 1088 2238 defectus,
1103 2198 1196 2246 siqui

448 2247 551 2281 forsan
581 2247 808 2281 intervenerint
832 2247 862 2281 in
886 2246 1020 2282 eisdem.

497 2300 512 2340 ξ
536 2298 568 2330 7.
585 2295 624 2330 Ει
646 2296 864 2336 nibilominus,
879 2297 972 2332 etiam
992 2309 1047 2344 pro
1071 2297 1200 2344 potioris

448 2347 588 2380 cautelae
609 2345 772 2392 suffragio,
799 2358 911 2381 omnes
938 2355 968 2381 et
1002 2347 1145 2391 singulos
1170 2347 1198 2381 in

448 2395 483 2430 S.
511 2394 693 2436 salvatoris,
721 2396 755 2430 S.
779 2395 949 2437 Leonardi,
972 2395 1008 2430 Β.
1032 2396 1148 2431 Mariae
1171 2407 1200 2431 et

447 2445 481 2480 S.
505 2445 632 2479 Antonii
660 2444 808 2480 domibus
835 2446 1003 2493 praedietis
1031 2458 1086 2493 pro
1113 2454 1199 2480 tem-

450 2506 524 2541 pore
547 2494 709 2541 degentes,
726 2495 846 2541 priores
860 2504 889 2530 et
906 2496 1027 2540 fratres,
1041 2507 1078 2530 ac
1088 2495 1200 2530 domos

450 2545 545 2591 ipsas,
581 2544 772 2591 illorumque
810 2544 1040 2591 possessiones,
1070 2545 1135 2580 iura
1170 2553 1200 2579 et

484 2615 524 2649 (t)
542 2615 619 2642 Deest
635 2614 750 2650 aliquid3
768 2614 855 2642 forsan
873 2615 1013 2650 legendum
1030 2617 1128 2642 unione
1147 2618 1201 2642 rtr-

450 2657 537 2681 tutum
553 2656 667 2687 meritis,
686 2655 726 2681 vel
743 2654 813 2682 aliud
830 2655 916 2682 simile
933 2655 976 2690 (ιι.
994 2655 1049 2690 τ.).

1028 266 1064 287 Βῑ
1071 266 1086 286 Ι
1091 265 1106 287 Ι.
1111 265 1187 286 Alli(
1193 265 1214 286 ὶί
1239 264 1399 287 ΗΟΜᾹΝὊΜ

1240 318 1320 352 bona
1352 318 1478 352 mobilia
1510 327 1540 352 et
1574 318 1746 353 immobilia
1769 317 1929 366 quaelibet
1956 316 1996 352 ab

1239 366 1388 402 omnibus
1423 367 1577 407 dominio,
1617 376 1781 414 potestate,
1816 367 1997 413 superiori-

1240 424 1312 458 tate,
1331 416 1431 451 aliena
1451 417 1669 451 iurisdictione
1693 416 1897 464 provincialis
1920 428 1996 463 pro-

1240 466 1374 505 vinciae,
1398 466 1427 500 in
1452 478 1514 512 qna
1554 466 1670 501 domus
1699 466 1878 512 praedictae
1917 477 1996 500 con-

1239 515 1366 558 sistunt,
1389 523 1419 549 et
1437 516 1571 549 aliorum
1595 516 1669 549 dicti
1692 515 1826 549 Ordinis
1849 516 1996 558 fratrum,

1239 564 1498 611 quibuscumque
1521 565 1621 611 ipsius
1642 564 1774 600 Ordinis
1788 564 1997 610 dignitatibus

1240 613 1284 646 vel
1315 613 1426 647 officiis
1467 613 1686 661 fungentium,
1719 614 1932 660 praesentium
1966 621 1997 649 et

1241 663 1418 697 futurorum
1435 690 1443 700 ,
1482 663 1624 708 generali
1674 663 1825 710 praedicti
1865 662 1997 698 Ordinis

1240 713 1342 758 priore
1362 711 1524 746 dumtaxat
1543 720 1688 758 excepto,
1711 721 1864 760 perpetuo
1883 711 1998 747 eximi-

1241 774 1321 805 mus,
1350 770 1377 794 et
1408 762 1535 808 penitus
1563 762 1746 804 liberamus,
1783 773 1906 796 necnon
1937 761 1998 796 sub

1239 823 1325 866 rura,
1363 810 1535 865 tegimine,
1569 810 1798 857 gubernatione
1828 819 1858 845 et
1889 821 1998 845 eorre-

1239 861 1342 895 ctione
1367 860 1470 894 xicarii
1493 859 1650 906 generalis
1674 872 1730 906 per
1757 872 1810 895 eas
1834 871 1890 907 pro
1917 868 1999 894 tem-

1241 922 1315 964 poie
1338 909 1398 955 “¹1¹0
1391 910 1473 943 endi
1498 909 1717 944 submittimus
1741 910 1855 956 pariter
1870 917 1900 944 et
1919 908 1998 943 sul)-

1240 959 1372 1020 iicinms.

1288 1010 1360 1052 §.8
1383 1009 1428 1043 Ac
1452 1007 1537 1055 quod
1561 1020 1674 1043 omnes
1696 1017 1726 1043 et
1748 1008 1862 1054 singuli
1886 1007 1998 1043 fratres

1239 1057 1407 1092 domorum
1425 1057 1658 1105 praedictarum,
1672 1058 1700 1091 in
1715 1057 1818 1112 aliqua
1829 1070 1866 1092 ex
1877 1057 1996 1092 eisdem

2014 262 2064 289 Au.
2082 261 2112 287 C.
2127 260 2197 288 ¹143

2021 1016 2139 1045 enpitutun
2149 1022 2200 1038 con-

2013 1048 2114 1076 ςτεμιιΔι
2123 1051 2144 1069 οι
2153 1049 2200 1070 olna

2013 1081 2134 1108 praestum
2158 1078 2200 1100 ιιι-

1240 1106 1389 1142 domibus
1411 1107 1449 1142 ad
1474 1107 1533 1142 lioc
1557 1119 1612 1154 per
1636 1107 1787 1142 uicarium
1812 1106 1997 1142 huiusmodi
2013 1111 2076 1137 fflss
2107 1108 2201 1131 ‘mm‘-

1240 1156 1435 1204 deputauda‚
1444 1157 1578 1203 singulis
1593 1157 1739 1192 trienniis
1752 1156 1799 1192 vel
1811 1157 1887 1192 alias
1900 1169 1999 1204 quan·

1240 1205 1281 1241 do
1314 1215 1343 1241 et
1375 1207 1515 1253 quoties,
1540 1207 1752 1252 negotiorum,
1777 1218 1997 1253 personarum,

1241 1256 1382 1291 locorum
1412 1265 1441 1291 et
1469 1264 1647 1303 temporum
1675 1256 1826 1303 qualitate
1855 1264 1997 1303 pensata,

1243 1306 1355 1340 vicario
1379 1315 1408 1340 et
1438 1306 1654 1341 visitatoribus
1677 1306 1805 1340 fratrum
1829 1305 1931 1340 dictae
1944 1317 1998 1340 so-

1241 1355 1362 1390 cietatis
1387 1368 1442 1401 pro
1470 1364 1612 1401 tempore
1646 1355 1856 1390 existentibus
1877 1367 1999 1402 oppor-

1243 1412 1353 1439 tunum
1379 1404 1443 1440 fore
1467 1404 1636 1448 videbitur,
1651 1405 1782 1439 serratis
1797 1405 1874 1439 alias
1886 1404 1999 1439 solem-

1243 1455 1393 1489 nitatibus
1421 1463 1451 1489 et
1485 1455 1695 1490 caeremoniis
1728 1455 1757 1488 in
1794 1452 1998 1500 generalibus

1241 1504 1390 1549 capitulis
1423 1503 1552 1539 fratrum
1597 1504 1671 1538 dicti
1711 1503 1842 1538 Ordinis
1880 1503 1997 1538 servari

1242 1553 1355 1594 solitis,
1390 1553 1548 1600 generalia
1580 1553 1714 1600 capitula
1744 1553 1872 1588 fratrum
1898 1552 1998 1600 ipsius

1242 1603 1411 1643 societatis,
1434 1603 1471 1638 ad
1495 1616 1575 1651 quae
1597 1603 1702 1638 dietus
1726 1603 1859 1638 vicarius
1881 1611 1910 1637 et
1931 1602 1998 1637 sin·-

1241 1653 1306 1699 guli
1325 1654 1446 1700 priores
1458 1653 1626 1688 domorum
1639 1652 1822 1688 earumdem
1830 1652 1868 1687 ad
1879 1653 1998 1697 minus,

1242 1703 1267 1736 si
1291 1702 1356 1737 fieri
1381 1703 1507 1749 poterit,
1521 1715 1593 1737 cum
1611 1702 1747 1748 singulis
1762 1701 1999 1747 definitoribus,

1243 1751 1360 1798 illoque
1377 1752 1585 1799 personaliter
1599 1752 1750 1787 accedere
1764 1752 1826 1786 sint
1842 1751 1997 1792 adstricti,

1242 1800 1452 1841 celebrare,et
1470 1802 1499 1836 in
1516 1801 1700 1837 huiusmodi
1716 1801 1875 1848 capitulis,
1890 1813 2000 1848 quam·

1244 1850 1380 1896 primum
1411 1851 1485 1885 inibi
1514 1850 1624 1885 fratres
1656 1850 1779 1885 vocales
1817 1850 1999 1897 congregati

1242 1899 1371 1940 fuerint,
1395 1913 1492 1934 unum
1517 1900 1546 1934 in
1571 1900 1803 1947 praesidentem
1822 1908 1897 1934 tuuc
1919 1899 1999 1934 cele-

1243 1948 1352 1983 brandi
1397 1949 1537 1996 capituli,
1572 1950 1663 1984 cuius
1702 1949 1840 1984 officium
1877 1957 1996 1984 tantum

1242 1997 1346 2032 triduo
1375 1998 1479 2039 duret,
1509 1999 1538 2034 in
1572 2000 1708 2047 eiusque
1732 1998 1879 2034 manibus
1914 1999 1999 2033 anti-

1241 2059 1323 2094 quus
1351 2049 1485 2083 vicarius
1520 2048 1660 2084 osticium
1699 2048 1863 2083 vicariatus
1902 2047 1998 2083 libere

1242 2097 1392 2143 resignet,
1414 2107 1444 2133 et
1465 2110 1481 2132 a
1504 2110 1566 2145 quo
1590 2099 1655 2145 ipse
1679 2099 1813 2133 vicarius
1830 2097 1869 2133 ab
1892 2097 1999 2133 liuius-

1242 2147 1327 2181 modi
1350 2146 1452 2182 officio
1468 2148 1660 2193 absolvatur,
1675 2149 1793 2196 quique
1811 2147 1997 2183 electionem

1243 2196 1312 2230 novi
1338 2197 1441 2232 vicarii
1465 2198 1618 2232 canonice
1646 2198 1835 2233 celebratam
1870 2197 1998 2232 insimul

1242 2258 1313 2279 cum
1339 2247 1552 2282 ιι5ιι3ιοιιιιιι5
1574 2248 1676 2283 dictae
1697 2248 1854 2282 societatis
1881 2246 1999 2283 confir-

1242 2307 1327 2330 mare
1348 2297 1466 2343 possit,
1482 2306 1510 2331 et
1533 2297 1649 2333 deinde
1664 2298 1789 2353 aliquos
1812 2297 1997 2339 visitatores,

1241 2358 1277 2380 ac
1299 2346 1532 2394 subseqtnnter
1547 2360 1645 2382 unum
1665 2360 1702 2382 ex
1725 2361 1782 2387 eis,
1803 2347 1833 2381 in
1854 2347 1996 2394 ipsorum

1241 2407 1277 2430 ac
1291 2397 1433 2431 omnium
1456 2405 1486 2431 et
1501 2397 1698 2444 singularum
1724 2397 1891 2432 domorum
1913 2409 1997 2445 prae-

1241 2445 1394 2480 dictarum
1428 2447 1608 2493 generalem
1638 2447 1800 2490 vicarium,
1832 2447 1871 2482 de
1904 2447 1997 2482 cuius

1243 2495 1301 2529 vita
1329 2503 1358 2529 et
1382 2495 1560 2542 prudentia,
1591 2507 1646 2542 per
1673 2508 1745 2531 eum
1770 2496 1799 2530 in
1827 2496 1930 2541 officio
1951 2496 1998 2531 vi-

1241 2545 1378 2579 cariatus
1413 2545 1625 2580 huiusmodi
1620 2558 1649 2579 m
1678 2546 1825 2592 sequenti
1845 2545 1995 2593 capitulo,

1243 2603 1407 2641 postquam
1431 2607 1447 2629 a
1472 2594 1556 2630 dicto
1577 2593 1680 2630 officio
1707 2593 1800 2629 fuerit
1820 2594 1998 2639 absolutus,

1242 2644 1317 2679 alias
1333 2645 1417 2679 iuxta
1432 2644 1676 2681 constitutiones
1689 2642 1822 2679 Ordinis
1837 2644 1997 2687 antedicti,

2013 1145 2055 1163 ten
2071 1141 2150 1163 inbuti
