2281 3251
286 267 336 295 An.
355 266 466 296 (3.1513

534 258 603 291 592

483 324 665 372 quindecim
689 322 736 358 vel
761 323 868 370 viginti
892 322 964 358 solia
979 334 1034 370 pro
1052 322 1179 368 ducato,
1196 323 1234 357 ita

485 383 516 409 ut
545 385 708 430 personae,
727 385 800 408 cum
819 372 935 420 quibus
958 380 1067 420 agunt,
1089 372 1128 408 de
1146 373 1235 408 lucro

484 425 691 473 participent,
720 423 781 458 sub
815 435 915 470 poena
944 423 1154 470 privationis,
1181 423 1234 458 sed

483 483 595 518 totum,
608 451 770 529 quidquid
800 482 869 520 post
891 485 1018 508 causam
1033 474 1234 509 commissam

483 523 699 567 convenietur,
723 535 753 558 in
778 523 873 570 partis
897 522 1084 558 beneficium
1110 524 1235 570 penitus

482 573 582 614 cedat,
605 582 634 609 et
667 572 706 608 de
740 573 801 608 boc
828 585 884 621 per
906 573 1016 608 notarii
1041 573 1159 621 publici
1188 574 1235 608 in-

483 631 695 659 strumentum
709 631 842 658 constet.
866 623 1029 671 Pauperes
1044 636 1155 659 omnes
1168 623 1235 672 qui,

483 674 565 709 iuxta
589 673 849 708 constitutionum
869 673 1013 718 sormam,
1035 674 1159 710 admitti
1177 674 1236 709 de-

483 724 555 759 bent
582 723 621 759 ad
650 724 862 758 iuramentum
901 725 1112 771 paupertatis,
1141 725 1234 759 etiam

483 786 538 822 per
560 781 795 821 procuratorem
812 773 989 816 admittant;
1003 784 1032 809 et
1052 775 1077 809 si
1102 774 1165 815 ille,
1181 787 1236 822 pro

482 836 544 872 quo
573 824 706 865 iuratur,
729 835 880 872 praescus
908 836 970 858 non
999 825 1070 866 erit,
1089 824 1167 859 ultra
1185 837 1237 859 no-

483 875 552 909 tarii
567 874 614 909 vel
625 874 838 922 procuratoris
849 875 1070 919 assertionem,
1086 887 1140 922 per
1154 874 1236 910 duos

482 933 575 959 testes
599 924 636 959 de
665 931 845 972 paupertate
869 924 975 959 doceri
1001 925 1180 969 conveniet,
1197 925 1236 960 ita

483 983 599 1014 tamen,
620 983 651 1009 ut
668 975 861 1022 quicumque
885 975 980 1010 fuerit
1007 954 1236 1020 admittendus,

484 1037 545 1060 non
561 1025 629 1060 sine
651 1025 826 1059 iuramento
843 1033 872 1059 et
888 1024 1081 1072 obligatione
1096 1025 1237 1073 pignoris

483 1075 638 1119 fortunae,
666 1083 698 1109 ut
721 1075 817 1110 moris
839 1083 896 1120 est,
920 1075 1113 1120 admittatur,
1129 1084 1159 1110 et
1177 1075 1237 1111 boc

482 1125 540 1160 nisi
565 1124 696 1160 evidens
717 1125 756 1159 sit
783 1133 875 1172 atque
897 1126 1067 1165 notorium,
1090 1125 1143 1173 qui
1164 1138 1236 1173 pau-

483 1184 635 1223 pertatem
660 1175 763 1210 iurare
782 1175 890 1210 volens
917 1175 957 1211 sit
974 1175 1159 1223 opulentus,
1173 1188 1235 1224 quo

484 1237 556 1260 casu
585 1225 671 1259 illum
688 1224 854 1260 admittere
869 1237 932 1260 non
948 1234 1123 1261 teneantur.
1146 1225 1236 1268 Quae

483 1275 589 1310 omnia
616 1283 647 1310 et
679 1274 802 1322 singula
835 1274 1062 1310 inxiolabiliter
1077 1274 1234 1311 observari

483 1325 680 1370 mandamus,
698 1325 757 1360 sub
781 1337 881 1372 poena
903 1325 1157 1374 vigintiquinque
1176 1326 1236 1360 du-

482 1384 623 1411 catorum
651 1374 851 1422 supradictae
879 1374 1013 1410 sabiicae
1048 1375 1236 1411 inserendo-

482 1438 564 1465 rum,
588 1424 668 1460 ultia
692 1437 809 1472 poenas
832 1437 1010 1473 expressas,
1027 1437 1148 1460 necnon
1164 1439 1237 1461 sus-

483 1476 648 1523 pensionis
669 1475 706 1510 ad
730 1487 783 1509 sex
807 1487 933 1510 meuses
951 1488 1007 1523 pro
1031 1476 1130 1522 prima
1159 1476 1236 1516 vice;

481 1534 511 1560 et
533 1525 559 1561 si
587 1525 729 1560 secundo
743 1527 931 1570 erraverint,
957 1538 994 1560 eo
1019 1526 1098 1572 ipso,
1122 1525 1152 1559 in
1167 1538 1238 1573 poe-

482 1588 553 1610 nam
589 1575 774 1622 privationis
809 1575 902 1610 officii
925 1583 954 1610 et
981 1576 1057 1611 alias
1092 1575 1122 1609 in
1151 1575 1236 1611 hulla

481 1626 557 1661 dicti
583 1625 656 1660 Iulii
681 1625 936 1681 praedecessoris
965 1633 1127 1661 contentas
1156 1626 1237 1660 inci-

482 1676 581 1718 dant3
616 1688 680 1732 quo
707 1675 788 1711 circa
823 1675 904 1711 duos
927 1675 1020 1710 etiam
1043 1684 1238 1712 correctores

482 1727 652 1774 quotannis
683 1725 721 1760 ab
755 1725 953 1761 auditoribus
994 1725 1164 1773 praedictis
1198 1740 1237 1762 ex

483 1777 624 1824 ipsorum
648 1775 782 1822 collegio
805 1775 877 1823 eligi
901 1775 1061 1820 volumus,
1083 1776 1120 1811 ad
1144 1789 1237 1824 quos,

484 1826 563 1861 ultra
585 1825 761 1861 defensoris
783 1825 976 1861 notariorum
993 1826 1153 1873 querelae,
1169 1839 1238 1861 om-

484 1889 539 1912 nes
563 1888 736 1924 pauperum
760 1884 790 1912 et
801 1887 1024 1924 oppressorum
1045 1875 1237 1923 deserantur,

483 1935 513 1962 et
534 1926 584 1962 his
607 1925 754 1962 omnibus
781 1925 969 1974 opportunis
996 1926 1145 1961 remediis
1169 1940 1239 1974 pro-

484 1976 621 2021 videant,
643 1986 710 2012 tum
734 1988 774 2012 ne
792 1977 1014 2024 opprimantur
1037 1984 1151 2024 partes,
1172 1985 1236 2012 tum

485 2035 518 2062 ut
533 2028 714 2075 opprimere
732 2027 798 2061 ausi
818 2027 1238 2074 puniantur‚etsupradicta

483 2086 592 2113 exacte
606 2085 780 2112 serventur.
805 2076 847 2112 Ut
869 2085 976 2112 autem
1001 2076 1136 2112 vicissim
1152 2078 1238 2125 ipso-

485 2145 554 2168 rum
569 2144 695 2180 quoque
711 2132 836 2167 iniustis
847 2131 1000 2167 oneribus
1021 2141 1238 2175 succurratur,

484 2187 522 2222 ad
536 2187 726 2222 solutionem
746 2199 802 2235 pro
817 2186 912 2221 domo
934 2185 1098 2226 auditoris,
1122 2186 1239 2222 invitos

484 2241 632 2290 compelli
654 2241 816 2287 nolumus,
845 2252 902 2276 nec
929 2240 1022 2276 etiam
1046 2240 1082 2275 ad
1112 2241 1239 2277 solutio-

485 2309 557 2333 nem
586 2297 692 2344 viginti
727 2296 915 2332 ducatorum
939 2294 1075 2331 auditori
1105 2308 1160 2343 pro
1182 2296 1238 2331 ad-

485 2352 636 2387 missione
659 2351 812 2394 facienda,
841 2363 898 2386 nec
931 2350 968 2386 ad
991 2351 1048 2385 alia
1070 2350 1238 2398 quaelibet,

486 2415 558 2442 ante
594 2407 694 2442 felicis
730 2405 956 2441 recordationis
995 2404 1075 2441 Sixti
1111 2407 1212 2453 quarti
1232 2435 1237 2448 ,

487 2461 740 2510 praedecessoris
759 2460 869 2506 nostri,
892 2468 1030 2507 tempora
1055 2460 1190 2499 insueta:
1210 2469 1239 2495 et

485 2517 524 2558 si,
539 2528 594 2564 per
607 2515 727 2550 obitum
743 2515 907 2560 auditoris,
924 2515 1062 2562 provisio
1075 2516 1145 2549 novi
1159 2514 1238 2550 ultra

487 2571 645 2606 trimestre
671 2569 789 2605 differri
817 2571 992 2618 contingat,
1015 2569 1162 2605 volumus
1184 2582 1240 2617 per

488 2634 648 2674 regentem
677 2626 721 2661 eis
748 2625 786 2661 de
821 2625 1099 2661 commissionibus
1125 2625 1238 2660 distri-

486 2680 624 2716 buendis
653 2688 772 2728 partem
807 2680 943 2729 aliquam
977 2680 1043 2716 lieri
1073 2692 1128 2728 per
1161 2679 1239 2716 alios

1049 267 1236 291 nouatum!
1261 267 1425 291 nouaxm

1277 323 1436 358 auditores
1445 323 1623 368 audiendis,
1638 323 1748 359 saltem
1762 323 1914 371 protertia
1932 332 2030 372 parte,

1278 373 1379 408 donec
1402 373 1440 408 de
1466 385 1546 409 novo
1568 373 1711 409 auditore
1733 373 1938 420 subrogando
1956 387 2031 422 pro-

1280 423 1431 465 videatur3
1461 431 1493 458 ut
1512 435 1622 459 eorum
1646 424 1843 459 indemnitati
1866 424 2032 460 subvenia-

1279 481 1341 518 tur,
1364 474 1513 508 ducatum
1537 474 1604 508 auri
1627 485 1740 521 capere
1768 487 1829 510 non
1854 482 2032 521 teneantur,

1279 524 1337 557 nisi
1361 522 1398 558 ad
1428 523 1527 558 instar
1549 522 1774 569 Cancellariae,
1797 524 1941 560 videlicet
1956 525 2032 560 dno-

1279 573 1380 608 decim
1404 573 1548 608 carlenos
1563 585 1619 620 pro
1636 573 1790 621 quolibet,
1809 582 1840 609 et
1859 586 1922 609 non
1940 574 2030 611 ultra.

1327 626 1342 667 ξ
1365 625 1423 657 51.
1449 623 1493 658 Ex
1512 622 1716 658 subdiaconis
1738 625 1856 659 nostris
1878 636 1976 660 unum
2000 625 2031 660 in

1279 672 1411 708 Camera
1427 672 1610 720 Apostolica
1632 672 1743 709 sedere
1765 682 1795 709 et
1822 673 2032 711 divisionibus

1279 723 1444 763 interesse,
1467 735 1540 758 cum
1565 722 1668 757 bullae
1691 723 1927 760 concistoriales
1941 736 2033 773 expe-

1279 773 1410 808 diuntur
1437 781 1467 808 et
1489 773 1662 808 divisiones
1685 773 1776 816 fiunt,
1800 775 2033 822 permittimus,

1279 825 1302 858 si
1317 823 1375 858 boc
1387 823 1489 870 ipsum
1506 823 1536 858 in
1553 835 1611 857 usu
1626 823 1795 871 aliquando
1811 824 1907 860 fuisse
1918 824 2035 860 docue-

1279 873 1351 908 rint.
1370 873 1407 907 Et
1429 886 1502 909 cum
1527 873 1679 908 hacteuus
1699 874 1828 921 praefati
1847 874 2032 910 subdiaconi

1279 925 1430 971 quinque,
1455 936 1512 980 pro
1533 924 1728 965 centenario,
1756 936 1812 972 pro
1828 924 1922 972 pallio
1938 925 2034 961 unius

1279 974 1432 1009 ecclesiae
1451 974 1592 1020 recipere
1607 984 1852 1018 consueverunt,
1868 983 1899 1010 et
1914 974 2032 1022 aliquid

1279 1023 1344 1059 dari
1374 1036 1430 1071 pro
1459 1023 1552 1072 pallio
1580 1036 1716 1059 canones
1737 1024 1961 1072 prohibebant,
1977 1037 2034 1060 va-

1279 1074 1406 1122 riaeque
1424 1073 1570 1122 querelae
1593 1074 1630 1108 ad
1649 1086 1705 1109 nos
1716 1083 1879 1122 propterea
1899 1074 2035 1123 perlatae

1279 1124 1404 1166 fuerint⁷
1420 1125 1456 1159 ad
1475 1123 1649 1159 tollendum
1673 1124 1858 1160 huiusmodi
1875 1124 2035 1173 querelas,

1279 1174 1398 1209 eisdem
1426 1173 1640 1219 subdiaconis,
1668 1186 1708 1209 ne
1735 1174 1774 1209 de
1795 1183 1900 1210 cetero
1915 1175 2034 1223 aliquid

1280 1237 1334 1272 pro
1357 1223 1452 1272 pallio
1475 1232 1581 1271 petere
1603 1232 1654 1259 aut
1672 1224 1796 1271 exigere
1820 1231 2034 1273 praesumant,

1279 1274 1338 1308 sub
1355 1275 1467 1322 poenis
1483 1274 1511 1308 in
1530 1274 1614 1309 bulla
1637 1274 1870 1310 reformationis
1882 1274 2034 1310 Iuliicon-

1280 1325 1385 1366 tentis‚
1401 1325 1530 1360 omnino
1550 1324 1765 1373 probibemus3
1777 1333 1806 1359 et
1822 1337 1860 1360 ne
1871 1332 2035 1373 propterea

1279 1387 1386 1410 eorum
1411 1374 1563 1414 officium,
1582 1374 1665 1422 quod
1685 1387 1740 1421 pro
1764 1375 1872 1410 maiori
1897 1383 1984 1423 parte
2004 1375 2033 1410 in

1279 1424 1461 1460 huiusmodi
1477 1424 1699 1459 emolumentis
1713 1424 1880 1459 fundatum
1894 1432 1971 1470 erat,
1983 1424 2035 1459 ni-

1279 1475 1379 1509 mium
1402 1474 1555 1519 foedatur,
1579 1474 1702 1522 ipsique
1725 1474 1910 1510 subdiaconi
1924 1487 2034 1510 eorum

1279 1532 1395 1560 statum
1412 1525 1576 1559 decentius
1595 1536 1714 1569 tenere,
1733 1534 1763 1559 et
1785 1524 1877 1560 nobis
1903 1532 1934 1560 et
1959 1536 2036 1560 suc-

1280 1574 1461 1610 cessoribus
1487 1575 1604 1609 nostris
1633 1574 1833 1610 commodius
1855 1575 1971 1610 servire
1987 1587 2037 1609 va-

1279 1626 1372 1666 leant,
1396 1625 1465 1660 loco
1488 1624 1644 1660 dictorum
1674 1625 1817 1673 quinque
1833 1625 2034 1666 ducatorum,

1280 1675 1332 1723 qui
1357 1687 1413 1723 pro
1437 1674 1532 1722 pallio
1554 1674 1738 1710 huiusmodi
1753 1676 1798 1711 eis
1821 1675 1886 1711 dari
1901 1687 2036 1711 consue-

1281 1733 1400 1770 verant,
1413 1725 1608 1773 infrascripta
1622 1725 1836 1761 emolumenta
1851 1726 1908 1771 eis,
1918 1737 1974 1773 per
1983 1737 2037 1761 eos

1282 1775 1441 1824 perpetuis
1455 1775 1570 1810 suturis
1586 1775 1781 1822 temporibus
1801 1775 1899 1811 libere
1912 1775 2037 1823 exigen-

1281 1826 1331 1870 da,
1349 1825 1559 1872 assignamus
1583 1825 1729 1861 videlicet
1750 1838 1822 1861 cum
1844 1825 1964 1861 fructus
1989 1837 2038 1861 ec·

1280 1875 1407 1919 clesiae,
1420 1876 1512 1910 cuius
1528 1875 1647 1911 ratione
1662 1876 1790 1924 pallium
1805 1875 1870 1910 dari
1885 1875 1989 1917 debet,
2005 1875 2035 1910 in

1280 1926 1370 1961 libris
1383 1925 1536 1961 Gamerae
1552 1938 1650 1973 usque
1666 1925 1703 1961 ad
1720 1933 1856 1974 quatuor
1869 1925 1964 1961 millia
1974 1925 2037 1962 du-

1281 1985 1422 2011 catorum
1443 1975 1533 2010 taxati
1551 1975 1677 2021 suerint,
1693 1984 1773 2018 tres;
1794 1975 1908 2011 abinde
1923 1988 2036 2025 supra,

1284 2038 1382 2074 usque
1395 2025 1433 2060 ad
1450 2038 1686 2074 quamcumque
1701 2038 1871 2068 summam,
1884 2025 1965 2061 duos
1981 2039 2036 2074 pro

1281 2076 1422 2124 quolibet
1443 2076 1625 2111 centenario
1644 2088 1756 2125 capere
1780 2076 1913 2124 possint,
1927 2077 1967 2112 ita
1987 2084 2036 2112 ta-

1283 2143 1353 2166 men
1382 2130 1466 2178 quod
1495 2131 1616 2166 ratione
1645 2132 1738 2166 unius
1765 2131 1927 2177 ecelesiae,
1953 2131 2034 2167 ultra

1282 2184 1437 2221 ducentos
1465 2185 1595 2221 ducatos
1619 2186 1739 2221 similes
1763 2186 1886 2233 exigere
1903 2197 1964 2220 non
1980 2197 2036 2220 va-

1282 2239 1380 2281 leant;
1396 2239 1581 2275 mandantes
1594 2240 1760 2276 venerabili
1784 2240 1867 2275 fratri
1881 2240 2033 2288 Rapliaeli

1282 2295 1433 2344 episcopo
1455 2294 1786 2336 Ostien.‚Camerari0
1810 2303 1928 2340 nostro,
1942 2303 1971 2330 et
1984 2295 2035 2331 di-

1281 2349 1369 2385 lectis
1388 2350 1459 2385 liliis
1473 2349 1683 2386 Thesaurario
1698 2357 1728 2384 et
1742 2349 1862 2385 clericis
1871 2349 2035 2396 Gamerae,

1283 2414 1315 2439 ut
1334 2405 1446 2446 bullas,
1468 2417 1548 2453 quae
1570 2405 1601 2440 in
1619 2404 1761 2440 futurum
1777 2417 1874 2452 super
1894 2405 2034 2441 ecclesiis

1281 2459 1464 2495 huiusmodi
1488 2459 1708 2508 expedientur,
1733 2459 1875 2507 partibus
1901 2471 1964 2495 non
1983 2472 2034 2496 re-

1281 2515 1425 2556 stituant,
1445 2526 1502 2550 nec
1517 2514 1638 2550 restitui
1663 2513 1787 2558 saciant,
1810 2514 1869 2549 nisi
1893 2514 1981 2562 prius
1995 2513 2034 2550 de

1282 2581 1406 2604 summa
1428 2569 1523 2605 trium
1546 2569 1593 2604 vel
1612 2568 1747 2604 duorum
1770 2568 1956 2604 ducatorum
1978 2581 2034 2617 pro

1283 2624 1424 2672 quolibet
1439 2624 1619 2660 centenario
1637 2623 1757 2659 eisdem
1773 2623 1976 2660 subdiaconis
1990 2623 2034 2659 in·

1284 2687 1369 2726 tegre
1395 2679 1601 2725 satisfactum,
1623 2687 1675 2714 aut
1697 2678 1773 2715 alias
1795 2690 1866 2714 cum
1889 2678 1936 2714 eis
1956 2690 2033 2715 con-

2044 270 2096 298 An.
2116 270 2227 299 (2.1513

2272 558 2281 586 ,ἵ

2268 591 2281 615 i

2072 637 2206 659 Subdiaeoni.
2260 617 2281 1375 ἐ

2253 2869 2266 2894 ⁸-
2255 2837 2265 2859 ³-
2254 2815 2264 2831 ··’
2252 2644 2268 2804 Ὰὸῆυάύι-Α·
2252 2192 2274 2638 -Λίνὸϊῦώφ-ωψζω-ιὴοω
2255 1764 2279 2186 Μυαιῖἁΰωκοωὲυμὰῑὴὲ
2259 1642 2279 1755 ’.κ-,ἦρ’
2260 1612 2262 1614 ’
