2281 3251
482 246 553 281 499.

432 320 575 347 cerantes
596 318 627 345 et
647 309 824 344 detinentes
848 307 1050 355 patriarchas,
1065 307 1188 342 archie-

434 362 593 408 piscopos
609 359 774 406 episcopos
787 369 962 403 eorumque
978 356 1186 391 mandatores.

484 412 548 453 §9
568 409 658 448 ltem,
681 407 995 441 excommunicamus
1011 405 1188 441 etanathe-

312 464 417 514 ἭῊΠᾸῚ
436 460 619 494 matizamns
633 469 743 492 omnts
757 456 826 490 illos
840 456 909 503 qui,
924 455 1075 502 persevel
1090 455 1186 489 alium

233 530 266 546 2..-
272 503 319 545 ni..
329 531 354 546 ω
375 521 489 545 1.1.-sen
513 508 602 550 alios,
618 517 836 554 quascumque
866 516 1016 549 personas
1039 505 1187 539 ecclesia-

306 559 354 577 ⁰¹¹¹·
356 559 403 577 Μ’·
408 560 528 593 sticas
544 558 588 591 vel
605 555 793 599 saeculares,
810 555 846 589 ad
866 554 1042 589 Romanam
1058 553 1186 589 Curiam

1022 253 1208 277 aftumista
1237 253 1398 276 noussen
2001 251 2052 278 An
2071 247 2177 278 (2.1511

1325 310 1379 341 ¹2.
1403 307 1493 347 Item,
1515 306 1830 342 excommunicamus
1851 314 1880 340 et
1907 314 2086 340 ana-C·titt
2091 313 2134 332 0*
2160 312 2182 332 ¹¹

1232 356 1470 391 thematizatnns
1492 368 1603 392 omnes
1627 356 1707 400 illos,
1723 356 1788 404 qui,
1806 368 1860 403 per
1883 367 1915 390 se
1938 345 2026 390 1’“””31
2000 382 2080 396 ΜΠ,
2044 345 2184 396 ''ngf'fiu'ss'fi

1233 417 1289 452 per
1311 406 1406 439 alium
1429 418 1483 440 seu
1507 405 1598 450 alios,
1621 405 1738 441 directe
1759 406 1805 440 131
1822 404 1986 445 indirecte,

1232 454 1291 489 suh
1305 466 1510 502 quocumque
1529 455 1618 490 titulo
1630 455 1675 490 vel
1687 455 1804 499 colore,
1819 462 1987 501 occupant,

1232 504 1374 539 detinent
1403 504 1448 539 131
1486 504 1638 539 hostiliter
1664 504 1831 539 destruunt
1857 516 1915 539 seu
1939 503 1988 538 in-

1233 553 1361 598 vadunt,
1375 562 1427 588 aut
1444 566 1612 600 occupare,
1624 553 1763 589 detinere
1780 553 1827 589 vel
1843 553 1989 588 destrue-

235 257 285 283 Αη.
303 256 332 283 C.
347 256 411 283 ¹5¹¹

242 464 307 515 [lenur

256 1057 414 1083 impedientium

233 1091 381 1110 executionem
395 1089 416 1108 li-

279 1127 322 1139 rum
333 1124 416 1146 aposso-

433 620 528 654 snper
541 619 650 641 eorum
666 606 772 641 causis
787 613 815 639 et
828 604 963 650 negotiis
975 612 1187 643 recurrentes

435 657 485 692 illa
511 657 540 691 iu
555 656 664 691 eadem
689 654 783 689 Curia
802 662 1032 701 prosequentes
1046 661 1097 688 aut
1114 665 1188 701 pro-

434 714 592 746 curantes,
621 705 885 751 negotiorumque
912 713 1071 749 gestores,
1098 703 1190 737 adro-

434 765 519 791 catos
542 755 589 790 vel
615 762 836 802 procuratores
859 753 999 800 ipsorum
1028 752 1075 787 131
1095 753 1187 787 311331

434 806 593 840 auditores
620 817 674 839 seu
699 803 820 838 iudices
850 814 948 850 super
969 803 1061 837 dictis
1087 803 1190 837 causis

433 867 488 890 seu
505 854 641 901 negotiis
653 854 833 900 deputatos,
848 853 1014 887 occasione
1023 864 1188 887 causarum

432 905 480 939 131
504 904 704 950 negotiorum
729 902 911 937 huiusmodi
931 902 1106 946 verberant,
1121 914 1191 937 mu-

432 955 520 989 tilant
544 955 589 988 131
613 952 777 997 occidunt,
799 965 853 988 sen
879 952 972 986 bonis
993 951 1140 998 spoliant.

481 1004 501 1051 g
530 1006 584 1038 10.
616 1003 663 1037 Ae
687 1002 768 1043 illos,
791 1003 844 1049 qui
869 1014 907 1036 ne
935 1001 1034 1036 literis
1057 1009 1086 1036 et
1106 1012 1192 1035 man-

432 1053 514 1088 datis
535 1052 738 1100 Apostolicae
761 1051 874 1095 Sedis,
901 1059 931 1086 et
960 1052 1133 1097 legatorum
1156 1063 1191 1086 ac

432 1103 634 1146 nunciorum,
653 1110 683 1137 et
701 1101 841 1136 iudicum
866 1101 1079 1147 delegatorum
1108 1101 1192 1135 eins-

432 1152 522 1198 dem,
559 1153 690 1199 gratiam
715 1151 761 1186 vel
791 1151 940 1185 iustitiam
967 1151 1191 1186 concernenti-

433 1202 504 1247 bus,
527 1202 727 1248 decretisque
749 1213 845 1247 super
866 1200 927 1234 illis
947 1208 976 1235 et
992 1213 1024 1235 re
1044 1200 1191 1244 indicata,

434 1251 637 1307 processibus
659 1259 689 1285 et
704 1249 983 1293 executorialibus,
999 1262 1061 1285 non
1085 1250 1192 1285 habito

434 1302 522 1348 prius
537 1313 644 1336 eorum
669 1300 770 1346 benep
774 1299 866 1334 lacito
881 1308 911 1334 et
927 1311 1069 1344 assensu,
1083 1312 1122 1334 ne
1138 1312 1192 1346 pa-

434 1359 548 1391 reatum
565 1362 642 1385 neve
658 1349 844 1384 tabelliones
857 1357 887 1383 et
902 1350 1013 1383 notarii
1030 1349 1190 1384 literarum

433 1409 463 1435 et
497 1411 703 1447 processuum
738 1400 956 1443 executiones,
985 1399 1191 1434 iustrumenta

433 1449 481 1483 vel
499 1457 566 1484 acta
582 1448 748 1492 conficere,
764 1457 817 1483 aut
839 1448 979 1483 confecta
996 1448 1086 1503 parti,
1099 1449 1192 1483 cuius

436 1500 583 1542 interest,
607 1498 749 1542 tradere,
771 1497 831 1532 sub
850 1498 1044 1544 gravissimis
1072 1498 1191 1544 poenis,

436 1547 616 1595 prohibere,
643 1555 781 1582 statuere
814 1559 868 1582 seu
897 1547 1058 1588 mandare;
1087 1547 1192 1594 quir,e

436 1599 466 1632 in
491 1597 667 1632 animarum
691 1596 872 1632 earumdem
903 1575 1097 1643 periculnin,
1120 1609 1153 1631 se
1177 1609 1191 1631 a

435 1655 541 1681 nostra
560 1654 590 1681 et
614 1646 748 1681 Romani
778 1646 943 1681 Pontificis
972 1658 1028 1692 pro
1051 1654 1192 1693 tempore

435 1696 614 1731 obedientia
624 1697 827 1743 pertinaciter
837 1695 1034 1737 subtrahere
1045 1708 1101 1730 seu
1116 1708 1193 1743 quo-

435 1745 609 1780 modolibet
623 1745 771 1780 recedere
791 1753 1016 1792 praesumunt3
1037 1745 1131 1792 quive
1150 1759 1193 1779 iu-

435 1795 650 1830 risdictionem
680 1807 734 1829 seu
758 1795 878 1830 fructus
902 1794 939 1829 ad
963 1795 1193 1830 ecclesiasticas

435 1856 588 1892 personas
598 1844 792 1891 pertinentes
806 1852 959 1891 usurpant
970 1844 1014 1879 101
1026 1845 1192 1891 arripiunt;

435 1894 483 1928 vel
499 1894 567 1941 qui,
584 1905 640 1940 per
654 1906 688 1929 se
711 1894 756 1929 131
774 1906 829 1941 per
845 1893 940 1928 alium
959 1906 1013 1928 sen
1030 1894 1122 1939 alios,
1144 1894 1194 1928 di-

437 1951 521 1978 recte
548 1944 594 1977 131
629 1943 783 1978 indirecte
812 1943 968 1990 praedicta
1001 1944 1113 1990 exequi
1147 1945 1192 1978 vel

438 2004 619 2038 procurare,
641 1993 740 2027 autin
760 1993 879 2027 eisdem
903 1993 1194 2037 consilinm,auxi-

438 2043 513 2076 lium
537 2042 584 2077 vel
608 2042 744 2077 savorem
774 2051 930 2089 praestare
954 2055 1015 2076 non
1033 2051 1193 2086 verentur,

439 2092 672 2138 cuiuscumque
686 2091 956 2139 praeeminentiae,
966 2092 1194 2137 dignitatis,or-

438 2141 534 2185 dinis,
550 2141 744 2176 conditionis
758 2149 919 2176 autstatus
935 2141 1061 2185 fuerint,
1080 2142 1193 2176 etiam-

437 2190 462 2223 si
492 2190 686 2237 pontificali,
716 2190 825 2237 regali,
853 2191 981 2236 reginali
1010 2191 1056 2226 rel
1083 2191 1194 2238 quavis

438 2239 497 2273 alia
528 2240 745 2287 praefulgeant
767 2240 932 2286 dignitate.

487 2288 508 2335 g
537 2291 593 2323 11.
622 2289 712 2334 Item,
734 2289 1049 2324 excommunicamus
1072 2297 1102 2323 ct
1124 2301 1195 2324 ana-

351 2348 368 2389 ,f
387 2337 678 2390 i...tltematizamus
709 2351 820 2374 omnes
848 2339 1052 2383 mutilantes,
1081 2339 1195 2373 vulne-

440 2395 545 2422 rantes
571 2396 602 2422 et
630 2388 872 2431 interficientes,
901 2401 957 2423 seu
981 2388 1140 2435 capientes
1163 2397 1191 2423 et

440 2437 635 2481 detinentes,
653 2449 708 2471 seu
729 2437 956 2484 depraedantes
973 2438 1144 2484 romipetas
1165 2446 1194 2472 et

442 2486 624 2532 peregrinos
637 2486 674 2521 ad
688 2485 818 2528 Urbem,
829 2499 923 2521 causa
947 2487 1123 2522 devotionis
1138 2499 1193 2521 sen

442 2536 700 2581 peregrinationis
735 2536 921 2571 accedentes
943 2545 973 2571 et
997 2538 1026 2571 in
1056 2548 1091 2571 ea
1126 2549 1195 2571 mo—

443 2593 545 2619 rantes
568 2585 614 2620 vel
639 2585 821 2620 recedentes
848 2587 886 2620 ab
908 2587 984 2633 ipsa,
1013 2586 1058 2620 vel
1088 2587 1117 2620 in
1147 2586 1195 2619 his

441 2634 554 2669 dantes
580 2634 750 2680 auxilium,
779 2635 948 2670 consilium
973 2635 1019 2670 131
1044 2635 1192 2670 favorem.

1233 615 1264 638 re
1286 613 1338 637 aut
1361 603 1507 638 invadere
1528 603 1682 638 hostiliter
1706 611 1931 650 praesumunt,
1957 603 1988 637 in

1233 661 1330 687 totum
1348 653 1395 687 vel
1415 654 1443 687 in
1462 661 1593 699 partem,
1609 653 1722 687 almam
1745 653 1878 692 Urbem,
1895 664 1988 699 regna

1233 702 1360 737 Siciliae
1385 703 1429 737 rel
1449 702 1631 737 Trinacriae
1647 729 1656 746 ,
1685 702 1803 736 insutas
1824 701 1989 736 Sardiniae

1233 761 1263 787 et
1281 752 1440 796 Corsicae,
1458 760 1557 787 terras
1574 753 1650 786 citra
1666 751 1818 792 Pharum,
1834 750 1991 786 Patrimo-

1235 802 1322 836 nium
1346 801 1383 836 Β.
1408 802 1493 837 Petri
1519 802 1548 836 in
1572 801 1723 845 Thuscia,
1740 800 1890 835 ducatum
1905 800 1990 848 Spo-

1234 852 1384 896 letanum,
1401 852 1585 887 comitatum
1599 851 1811 893 Venusinum,
1822 849 1992 895 sabinen„

1234 901 1391 936 Marchiae
1411 902 1641 941 Anconitanae,
1665 901 1786 936 Massae
1807 899 1992 944 Trebariae,

1233 951 1677 1007 Romandiolae,Campaniae
1693 960 1722 985 et
1733 949 1909 984 Maritimae
1925 962 1993 997 pro-

1235 1002 1365 1046 vincias,
1392 1001 1583 1048 illorumque
1611 1009 1708 1035 terras
1726 1008 1756 1035 et
1783 1000 1862 1044 loca,
1881 1008 1911 1034 et
1929 1008 1991 1034 ter-

1235 1064 1284 1087 ras
1312 1051 1459 1098 specialis
1473 1050 1707 1086 commissionis
1732 1049 1992 1096 Arnulphorum,

1235 1100 1424 1145 Bononien.,
1446 1100 1673 1139 Fetrariensis,
1688 1099 1915 1143 Benevqentan
1932 1098 1994 1134 Ρ3-

1235 1151 1323 1194 rusii,
1350 1128 1560 1193 Α131110333.3
1588 1148 1732 1184 Civitatis
1753 1147 1893 1189 Castelli,
1915 1148 1988 1183 Tu-

1234 1200 1323 1235 ‹lertii
1352 1210 1381 1235 et
1404 1200 1479 1235 alias
1501 1200 1651 1240 civitates,
1675 1207 1773 1233 terras
1795 1206 1825 1233 et
1853 1198 1919 1233 loca
1943 1198 1989 1233 131

1236 1250 1300 1284 iura
1328 1250 1365 1284 ad
1390 1249 1488 1296 ipsam
1513 1248 1688 1283 Romanam
1720 1248 1896 1283 Ecclesiam
1924 1260 1993 1295 spe-

1234 1307 1354 1334 ctantes
1375 1308 1405 1334 et
1433 1299 1646 1346 pertinenteS,
1668 1306 1697 1332 et
1719 1298 1928 1333 adhaerentes
1957 1310 1992 1333 ac

1235 1349 1371 1384 fautores
1392 1356 1422 1383 et
1449 1348 1631 1383 defensores
1652 1360 1779 1387 eorum,
1808 1360 1863 1383 seu
1887 1348 1918 1382 in
1942 1347 1993 1382 1115

1235 1398 1346 1433 dantes
1367 1398 1487 1433 eisdem
1506 1397 1670 1442 auxilium,
1693 1397 1860 1432 consilium
1884 1396 1930 1431 vel
1946 1396 1992 1431 fa-

1237 1460 1353 1483 vorem.

1284 1502 1299 1541 ξ
1329 1501 1383 1532 15,
1412 1497 1483 1532 Non
1512 1496 1711 1532 obstantibus
1738 1495 1991 1544 quibuscumque

1237 1547 1408 1593 privilegiis
1422 1556 1451 1582 et
1470 1546 1674 1593 indulgentiis
1696 1554 1726 1581 et
1749 1546 1848 1581 literis
1862 1554 1992 1593 aposto-

1238 1597 1304 1631 licis
1330 1596 1531 1643 generalibus
1559 1596 1604 1631 vel
1632 1595 1849 1642 specialibus,
1876 1595 1922 1630 eis
1944 1595 1990 1630 vel

1236 1658 1344 1680 eorum
1373 1646 1464 1681 alicui
1493 1646 1539 1680 131
1562 1646 1732 1693 aliquibus,
1761 1645 1992 1692 cuiuscumque

1236 1695 1368 1736 ordinis,
1391 1704 1505 1739 status,
1527 1695 1644 1742 gradus
1662 1694 1707 1729 131
1728 1695 1930 1735 conditionis,
1950 1695 1994 1729 di-

1236 1745 1365 1791 gnitatis
1381 1746 1426 1780 101
1441 1745 1699 1792 prreeminentiae
1715 1744 1842 1788 fuerint,
1856 1745 1992 1784 etiamsi,

1238 1803 1271 1829 ut
1293 1795 1515 1842 praemittitur,
1535 1794 1721 1842 pontificali,
1737 1794 1844 1840 regali,
1861 1793 1991 1840 reginali

1237 1857 1294 1879 seu
1318 1845 1429 1891 quavis
1451 1844 1509 1879 alia
1533 1844 1747 1879 ecclesiastica
1770 1843 1818 1878 vel
1834 1843 1992 1878 mundana

1238 1894 1454 1940 praefulgeant
1481 1893 1646 1939 dignitate,
1669 1905 1684 1927 a
1713 1892 1874 1939 praedicta
1895 1891 1992 1933 Sede,

1236 1943 1297 1978 sub
1324 1944 1436 1990 quavis
1474 1943 1572 1977 forma
1601 1942 1647 1977 rel
1676 1950 1785 1977 tenore
1819 1942 1992 1982 concessis,

1237 1992 1323 2039 quod
1357 1992 1627 2028 excommunicari
1657 1992 1704 2032 131
1737 1991 1992 2026 anathematizari

1237 2054 1298 2076 non
1329 2042 1453 2089 possint
1488 2054 1544 2090 per
1570 2042 1678 2076 literas
1712 2040 1901 2088 apostolicas
1930 2053 1991 2075 non

1237 2095 1385 2131 facientes
1409 2096 1533 2144 plenam
1550 2104 1580 2131 et
1595 2107 1776 2143 expressam
1796 2107 1830 2130 ac
1844 2095 1884 2130 de
1899 2095 1993 2130 verbo

1236 2150 1273 2184 ad
1302 2150 1433 2184 verbum
1463 2150 1502 2185 de
1526 2150 1648 2185 indulto
1672 2149 1854 2185 huiusmodi
1883 2161 1919 2184 ac
1941 2162 1993 2185 or-

1237 2204 1376 2249 dinibus,
1397 2205 1487 2249 loeis,
1503 2204 1686 2239 nominibus
1703 2204 1855 2252 propriis,
1879 2215 1993 2250 cogno—

1238 2259 1380 2294 minibus
1401 2267 1431 2293 et
1454 2259 1605 2305 dignitate
1632 2270 1741 2292 eorum
1770 2257 1964 2292 mentionem
1983 2270 1991 2297 ;

1238 2325 1360 2347 necnon
1384 2311 1671 2348 consuetudinibus
1706 2319 1736 2346 et
1770 2311 1992 2355 observantiis,

1236 2367 1363 2414 scriptis
1384 2375 1414 2401 et
1437 2379 1498 2401 303
1520 2365 1647 2412 scriptis
1675 2374 1705 2400 et
1732 2364 1800 2399 aliis
1823 2365 1992 2400 contrariis

1237 2420 1513 2467 quibuscumque,
1543 2431 1598 2467 per
1616 2431 1712 2466 quae,
1736 2427 1844 2454 contra
1868 2427 1992 2454 nostros

1239 2486 1408 2520 processus
1431 2473 1612 2508 huiusmodi
1636 2485 1672 2508 ac
1693 2474 1884 2519 sententias,
1906 2485 1991 2520 quo-

1240 2529 1345 2563 311335
1382 2527 1582 2563 includantur
1611 2528 1641 2562 in
1670 2528 1728 2571 eis,
1754 2539 1788 2562 se
1811 2527 1918 2562 iuvare
1937 2539 1991 2562 va-

1239 2582 1321 2617 leant
1344 2591 1374 2617 et
1397 2582 1492 2622 tueri,
1515 2592 1544 2618 et
1573 2594 1667 2629 quae,
1697 2581 1801 2628 quoad
1839 2582 1910 2625 hoc,
1935 2593 1992 2627 pe-

1240 2637 1323 2671 nitus
1350 2637 1491 2671 tollimus
1518 2645 1547 2670 et
1575 2637 1705 2671 onutino
1729 2648 1924 2671 revocamus.
1951 2636 1989 2670 Et

2015 1507 2126 1533 Deroeatiu
2137 1513 2191 1535 quo-

2006 1546 2120 1566 rnmrumq.
2146 1540 2191 1566 pri-

2005 1572 2130 1596 wit-giorum
2155 1573 2190 1590 nul

2006 1603 2093 1622 aliorum
2103 1602 2191 1622 obstan-
