2281 3251
125 258 185 301 ain,
203 259 233 287 c.
250 260 316 288 uias

151 319 299 346 Aggregandns

132 355 195 377 supra
210 352 229 372 d.
245 357 317 373 nume-

131 387 176 402 rum
187 383 316 403 emolumen-

132 414 199 433 torum
216 418 300 440 expers.

142 562 260 583 »lunanum
277 568 314 583 cn-

127 594 228 619 menrto,
248 593 315 614 clert-

126 625 208 653 enque,
229 628 252 645 ut
273 629 314 645 ue-

126 656 205 676 minem
219 661 283 682 supra
294 655 312 675 d.

126 691 236 707 numerum
255 686 315 706 recl-

126 717 193 743 plant.

954 269 1112 293 EUGuNttts
1136 272 1167 294 lv
1197 273 1245 296 ΙΨ.

332 319 376 354 rel
392 319 526 366 aliquos,
542 320 619 355 ultra
636 322 805 368 praefatum
828 336 1008 365 numerum,
1030 339 1082 360 ‹u›-

331 368 473 402 runtdem
507 369 693 405 clericorum
717 374 874 407 consortio
901 377 1080 421 aggregari,

329 416 398 451 illos
420 430 489 452 esse
509 418 711 455 deceruimus
739 423 841 456 omnis
870 425 1081 471 perceptionis

328 465 613 503 emolumentorum
641 477 797 517 expertes.

377 515 397 562 ἓ
434 519 464 550 4.
498 516 684 553 Mandantes
718 519 833 554 dilecto
874 521 935 556 filio
974 533 1080 558 nostro

328 562 497 600 Francisco
520 567 599 600 tituli
615 566 722 602 Sancti
746 568 930 615 Clementis,
951 573 1080 620 presby-

329 621 394 647 tero
427 614 588 655 cardinali,
611 618 782 652 camerario
810 627 927 663 nostro,
955 629 985 655 et
1012 623 1080 658 eius

331 662 360 695 in
384 661 467 697 dicto
489 663 591 699 officio
613 667 863 709 successoribus,
889 670 1079 718 reliquisque

329 711 469 746 eiusdem
490 711 641 748 Gamerae
663 715 799 761 clericis,
822 726 913 765 atque
932 721 1079 765 gentibus

330 761 548 806 praesentibus
569 771 598 797 et
622 763 745 808 tuturis,
769 778 806 800 ne
825 779 1015 814 quemquam
1040 770 1078 804 de

329 818 432 844 evici-0
447 810 485 844 ad
506 811 686 847 ltuiusntodi
710 816 993 851 emolumentorum
1012 831 1078 864 per-

329 859 505 904 ceptionem
515 861 685 896 admittant
700 863 800 898 donec
816 866 1000 900 eorumdem
1019 867 1078 902 ele·

327 907 463 942 rit-orum
493 921 642 945 numerus
668 911 704 945 ad
730 925 895 947 numerum
924 924 1077 962 septi-na—

329 956 419 1000 rium,
444 965 477 991 ut
505 960 725 1005 praemittitur,
747 962 788 996 sit
810 962 968 997 reductus.
1003 965 1075 1000 Sta-

329 1012 527 1054 tnentesque,
551 1017 716 1056 postquam
741 1010 890 1046 reductus
917 1013 1019 1052 fuerit,
1046 1024 1076 1049 ut

327 1055 511 1100 prat-fertur,
524 1065 555 1092 ut
569 1058 698 1094 Camera
709 1059 865 1107 praedicta
881 1069 1001 1109 septem
1012 1063 1076 1098 ele-

327 1104 463 1140 ricorum
487 1118 631 1148 numero,
653 1109 755 1155 quoad
787 1110 1074 1147 emolumentorum

326 1155 583 1202 perceptionem,
612 1159 829 1194 tantummodo
851 1160 889 1194 sit
917 1170 1073 1204 contenta,

325 1214 419 1249 quem
438 1216 605 1240 numerum
621 1218 657 1240 ex
674 1214 748 1242 tunc
767 1207 797 1242 in
812 1208 921 1244 eadem
940 1210 1074 1247 Camera

325 1262 490 1298 perpetuo,
517 1255 701 1291 auctoritate
724 1257 831 1300 simili,
855 1258 1040 1296 stabilimus.

371 1300 455 1336 Nulli
478 1314 554 1350 ergo
586 1312 640 1339 etc.

370 1350 404 1385 Si
427 1352 499 1398 quis
520 1361 625 1388 autem
660 1363 714 1390 etc.

370 1399 441 1435 Dat.
458 1400 634 1449 Ferrariae,
650 1416 701 1439 an.
715 1404 808 1440 Dom.
821 1418 1072 1455 mccccxxxviu,

310 1455 338 1481 ‘v
365 1448 406 1483 id.
431 1450 508 1493 iulii,
532 1461 617 1500 pont.
644 1455 742 1490 nostri
772 1468 856 1490 anno
882 1469 956 1492 vm.

142 2487 262 2512 Exordium.

360 1509 420 1542 Dat.
439 1512 486 1543 die
502 1513 534 1544 11
558 1515 624 1546 iulii
643 1516 729 1555 1438,
745 1519 847 1558 pontif.
870 1530 946 1551 anno
968 1530 1030 1552 vttt.

634 1693 750 1729 XVlll.

319 1770 411 1810 Quod
430 1772 553 1807 abbates
582 1774 712 1809 Ordinis
732 1776 945 1823 Ci'sterciensis‚
960 1783 1068 1825 quavis

364 1822 555 1862 auctoritate,
577 1824 667 1858 etiam
695 1826 884 1870 Apostoli'ca,
909 1831 952 1862 acl
964 1832 1068 1864 abba-

365 1869 423 1903 tias
442 1873 588 1914 promoti,
609 1875 656 1907 vel
668 1876 856 1920 confirmati,
878 1879 917 1912 ab
935 1880 1068 1914 eiusdem

367 1918 497 1953 Ordinis
519 1922 627 1956 abbate
643 1926 792 1967 generali,
814 1927 1024 1963 visitatoribus
1042 1938 1067 1963 et

363 1969 615 2012 reformatortbus
640 1984 702 2006 non
721 1974 783 2008 sint
808 1978 941 2022 exempti
961 1980 1016 2022 (t).

583 2049 797 2083 SUMMARIUM

313 2104 481 2138 Exordium.
497 2125 538 2132 -
553 2111 579 2140 1.
597 2110 710 2142 Causae
729 2113 818 2145 huius
836 2116 1065 2150 constitutionis.

352 2168 390 2173 —
405 2151 433 2181 Ξ.
449 2151 625 2185 Constitutio
645 2157 691 2194 (de
712 2166 764 2196 qua
784 2159 813 2188 in
830 2160 964 2200 rubrica).
983 2180 1022 2186 —-
1038 2164 1064 2195 3.

353 2195 450 2228 Poena
481 2200 776 2233 contravenientium.
800 2220 838 2227 —
870 2205 898 2244 4,
924 2206 953 2237 5.
977 2207 1066 2240 Dero-

352 2241 431 2279 gatio
453 2244 680 2275 contrariorum.

356 2311 490 2349 sugemus
513 2316 656 2353 episcopus
683 2325 779 2348 servus
797 2327 936 2351 servorum
958 2323 1018 2358 Dei,

463 2365 497 2394 ad
530 2365 657 2396 futuram
675 2369 717 2398 rei
743 2371 911 2401 memoriam.

360 2436 409 2470 Ad
434 2438 620 2475 universalis
641 2440 802 2478 Ecclesiae
827 2446 1064 2492 regimeu,licet

311 2483 577 2524 insufficientibus
599 2491 732 2533 meritis,
754 2492 858 2528 divina
874 2494 1063 2543 disponente

311 2533 491 2578 clementia,
519 2537 682 2585 deputati,
711 2553 772 2576 non
807 2555 978 2590 possumus
1001 2559 1061 2581 non

347 2604 386 2640 (t)
402 2604 510 2634 Ordinis
529 2607 609 2636 huius
633 2610 844 2640 Constitutiones
864 2613 924 2641 vide
939 2616 1064 2650 superius

310 2643 336 2677 in
353 2644 471 2680 Eugenio
488 2646 533 2680 ttt,
551 2648 664 2676 Constit.
692 2657 717 2683 1„
739 2651 792 2678 vol.
810 2660 839 2685 u,
858 2661 916 2688 pag.
934 2655 996 2682 582.

378 2686 464 2720 'Butt
487 2689 565 2722 Rom.
587 2692 642 2723 Vot.
668 2693 696 2724 V.
897 2698 915 2728 5

1780 275 1826 306 35

1123 329 1254 368 tui-bari,
1279 342 1348 365 cum
1373 336 1560 369 monasteria
1588 344 1618 370 et
1641 338 1697 372 alia
1728 338 1793 373 loca
1819 354 1873 376 re—

1122 379 1238 423 gularia
1262 381 1416 416 sentimus
1439 383 1467 416 in
1491 384 1590 430 aliqua
1609 394 1694 432 parte
1711 388 1803 429 lacdi3
1819 391 1872 424 sed

1124 435 1197 461 tunc
1221 428 1357 474 profecto
1370 432 1520 466 acerbiori
1538 434 1646 469 dolore
1660 436 1873 479 confodimur,

1122 489 1193 510 cum
1218 477 1270 511 ubi
1286 480 1475 525 speciosiora
1490 494 1559 517 esse
1574 484 1689 529 solent,
1710 489 1874 523 enormius

1121 525 1346 563 deformantur.

1169 580 1184 618 ξ
1215 580 1244 610 1.
1272 576 1356 613 Sane
1377 591 1433 625 pro
1461 589 1547 626 parte
1567 581 1670 617 dilecti
1701 584 1753 618 lilii
1779 585 1871 620 loan—

1122 625 1180 661 nis.
1203 625 1325 660 abbatis
1358 631 1540 664 monasterii
1564 631 1783 669 Cisterciensis
1811 636 1873 670 Ca-

1122 672 1295 708 bilonensis
1311 676 1477 722 dioecesis,
1497 679 1632 715 exhibita
1658 683 1748 717 nobis
1773 697 1874 732 nuper

1122 723 1230 767 petitio
1254 725 1446 770 coiitinebat,
1469 729 1552 774 quod
1578 731 1721 765 nonnulli
1751 732 1874 768 Cister-

1120 772 1237 806 eieusis
1259 772 1387 807 Ordinis
1401 775 1540 822 abbates,
1555 777 1604 812 alii
1629 780 1771 815 videlieet
1787 795 1820 817 se
1833 783 1871 817 ad

1119 819 1290 856 abbatiales
1322 822 1501 868 dignitates,
1540 840 1619 873 quas
1641 828 1794 871 obtinent,
1819 845 1874 879 per

1119 868 1333 915 Apostolicatn
1357 873 1473 907 Sedent
1499 886 1681 920 promotos,
1724 880 1774 914 alii
1799 893 1872 916 vero

1118 917 1289 954 electiones
1331 921 1369 955 de
1397 923 1441 955 eis
1484 925 1520 958 ad
1558 926 1725 972 dignitates
1752 930 1872 964 similes

1119 966 1225 1006 factas,
1249 977 1276 1002 et
1301 981 1356 1015 per
1388 970 1502 1007 Sedent
1538 975 1635 1009 fuisse
1672 978 1871 1014 confirmatas

1118 1017 1259 1050 eamdem
1300 1030 1487 1058 asserentes.
1524 1031 1553 1056 et
1576 1036 1613 1058 eo
1642 1035 1801 1071 praetextu
1838 1041 1871 1063 se

1119 1064 1183 1099 fore
1205 1076 1379 1114 exemptos,
1399 1071 1436 1103 ad
1460 1072 1594 1116 capitula
1618 1076 1772 1118 generalia
1796 1078 1869 1112 dicti

1116 1114 1246 1148 Ordinis
1269 1118 1431 1157 accedere,
1455 1120 1668 1158 visitatoribus
1691 1138 1820 1173 quoque
1842 1135 1871 1161 et

1117 1163 1376 1201 reformatoribus
1409 1168 1541 1204 Ordinis
1576 1172 1718 1208 eiusdem
1763 1188 1870 1221 parere

1117 1213 1282 1260 negligunt
1299 1224 1328 1250 et
1343 1226 1500 1263 recusant,
1515 1223 1708 1266 praedictum
1726 1223 1869 1260 abbatem

1114 1264 1307 1308 generalem,
1331 1265 1507 1303 visitatores
1519 1277 1549 1304 et
1572 1271 1791 1308 reformatores
1808 1274 1870 1309 bu—

1115 1312 1251 1348 iusmodi
1288 1323 1542 1363 contemnentes,
1566 1320 1595 1354 in
1632 1321 1771 1368 ipsorum
1800 1324 1871 1358 vili—

1116 1361 1279 1408 pendium,
1302 1376 1337 1398 ac
1359 1366 1541 1403 scandalum
1556 1370 1650 1404 totius
1666 1369 1795 1407 Ordinis
1808 1385 1868 1408 nou

1113 1411 1274 1447 modicum
1303 1421 1332 1448 et
1357 1414 1520 1452 iacturam.

1162 1463 1236 1504 52.
1265 1462 1371 1504 Quare
1414 1477 1470 1512 pro
1507 1475 1594 1514 parte
1627 1468 1702 1504 dicti
1746 1470 1868 1507 abbatis

1113 1510 1205 1545 nobis
1233 1510 1290 1546 fuit
1314 1512 1474 1550 humiliter
1495 1517 1706 1564 supplicatum
1724 1528 1755 1554 ut
1773 1533 1869 1568 super

1113 1559 1161 1594 bis
1187 1569 1366 1608 opportune
1410 1566 1574 1610 providere
1602 1567 1640 1602 de
1674 1568 1868 1616 benignitate

1111 1610 1280 1655 apostolica
1321 1612 1536 1658 dignaremur.
1573 1615 1636 1651 Nos
1665 1618 1781 1666 itaque,
1815 1621 1867 1667 qui

1111 1657 1270 1694 Ordinum
1295 1670 1323 1695 et
1352 1665 1613 1700 monasteriorum
1654 1669 1867 1714 quorumlibet

1111 1721 1218 1743 curam
1261 1711 1402 1756 gerimus
1435 1715 1629 1759 generalem,
1664 1729 1866 1766 quorumque

1111 1757 1241 1793 interest
1263 1772 1361 1807 super
1378 1761 1492 1797 talibus
1512 1765 1686 1811 providere,
1702 1768 1867 1814 cupientes

1110 1807 1195 1854 quod
1223 1807 1311 1843 Ordo
1340 1810 1406 1857 ipse
1429 1820 1460 1847 et
1484 1813 1567 1848 illius
1584 1826 1750 1861 personae,
1774 1830 1866 1864 prae-

1110 1858 1215 1891 sertim
1234 1858 1263 1891 in
1288 1858 1498 1904 dignitatibus
1514 1865 1717 1906 constitutae,
1737 1866 1765 1900 in
1785 1869 1865 1902 cari-

1110 1907 1182 1941 tatis
1204 1914 1234 1941 et
1261 1907 1462 1945 obedientiae
1493 1913 1619 1947 vinculo
1653 1926 1724 1949 cum
1753 1916 1864 1951 abbate

1110 1955 1248 2002 praefato
1283 1965 1313 1991 et
1336 1958 1405 1993 aliis
1438 1973 1548 1995 eorum
1583 1964 1804 2010 superioribus
1831 1979 1864 2000 se

1109 2005 1320 2047 conforment,
1336 2008 1455 2055 eisque,
1480 2010 1563 2045 iuxta
1587 2020 1700 2047 statuta
1725 2021 1754 2048 et
1777 2015 1864 2049 ordi-

1109 2055 1266 2096 nationes,
1292 2066 1321 2091 et
1336 2057 1512 2095 laudabiles
1527 2062 1773 2097 eonsuetudines
1787 2063 1861 2099 dicti

1107 2102 1249 2148 Ordinis,
1274 2116 1400 2152 pareant
1423 2117 1452 2143 et
1475 2109 1650 2150 intendant,
1677 2113 1862 2148 auctoritate

1107 2154 1290 2200 apostoliea,
1306 2163 1414 2192 tenore
1428 2159 1653 2205 praesentium,
1664 2160 1861 2199 declaramus

1107 2216 1325 2252 quoscumque
1339 2205 1468 2243 Ordinis
1484 2209 1612 2256 praefati
1635 2210 1775 2252 abbates,
1790 2224 1862 2260 apo-

1106 2253 1214 2289 stolica
1232 2254 1278 2289 vel
1294 2255 1351 2291 alia
1363 2258 1472 2304 quavis
1486 2259 1672 2295 auctoritate
1688 2270 1860 2308 promotos,

1107 2302 1233 2338 illorum
1256 2305 1349 2340 etiam
1373 2319 1506 2353 quorum
1541 2309 1712 2345 electiones
1745 2311 1782 2346 ad
1805 2312 1861 2347 ab·

1107 2352 1237 2389 batialcs
1265 2354 1434 2402 dignitates
1456 2367 1530 2392 suut
1553 2359 1663 2394 eadem
1688 2361 1858 2407 apostolica

1107 2402 1152 2437 vel
1164 2405 1349 2440 auctoritate
1364 2405 1420 2440 alia
1435 2407 1647 2449 confirmatae,
1668 2410 1858 2451 nullatenus⁷

1106 2461 1232 2500 propter
1277 2457 1491 2500 promotiones
1532 2458 1578 2492 vel
1606 2458 1858 2494 confirmationes

1106 2501 1299 2543 huiusmodi,
1312 2503 1351 2538 ab
1365 2504 1476 2540 abbate
1489 2505 1629 2547 Ordinis,
1647 2507 1857 2543 visitatoribus

1105 2558 1134 2585 et
1163 2551 1420 2588 reformatoribus
1444 2554 1624 2590 huiusmodi
1666 2556 1762 2590 fuisse
1810 2557 1856 2592 vel

1105 2612 1173 2635 esse
1196 2609 1371 2647 exemptos.
1396 2602 1613 2639 Decernentes
1640 2617 1694 2639 eos
1717 2613 1745 2638 et
1760 2618 1857 2652 quos-

1104 2661 1242 2697 cumque
1264 2650 1342 2686 alios
1377 2653 1548 2700 apostolica
1587 2653 1631 2688 vel
1659 2654 1716 2688 alia
1747 2655 1857 2703 quavis

1889 285 1940 311 An.
1958 285 1986 312 C.
2007 287 2073 314 ¹¹13ss

1901 599 1979 621 Carene
2011 601 2072 622 butus

1888 634 2054 653 constitutionis.

1896 1486 2023 1510 Constituti»)
2034 1489 2066 1510 tde

1884 1523 1924 1545 qua
1934 1519 1954 1538 ln
1964 1519 2064 1547 rubrica).
