2281 3251
222 253 272 280 An,
287 253 313 279 Γ..
339 252 404 280 1509

234 919 297 938 (ilem.
316 917 341 937 {Y
359 925 403 944 pri<

222 950 283 975 vileg.
296 952 403 969 conci-§stt

221 982 292 1001 unum
309 981 322 999 S
343 979 403 1000 t'mn-

230 1912 288 1938 Quod
301 1911 336 1931 fnit
347 1918 405 1931 roin-

222 1947 348 1963 muntt'tttttm
364 1943 405 1963 0·-

223 1974 264 1994 dini
288 1974 307 1992 S.
336 1973 405 1993 Domi-

223 2005 271 2024 utri.

237 2432 300 2453 (Ἄρηι,
319 2432 342 2452 tt·
357 2433 406 2453 illud

225 2466 305 2485 wttnit
334 2468 408 2484 Γιιιιιτει

224 2498 262 2515 ὼν,
277 2497 376 2515 Ordinem
386 2495 407 2515 S.

227 2527 325 2546 llnmtnii'i
384 2527 408 2546 ad

241 2566 250 2578 ιι
261 2566 280 2578 ιιι
290 2567 304 2574 ¹⁸
322 2556 377 2578 CXL.

470 242 540 276 478

460 308 561 336 Ordini
584 306 612 336 S.
636 306 789 336 Dominiei.
812 321 851 328 —
873 306 900 336 2.
929 306 1019 336 Clvm.
1045 307 1076 335 tv
1102 308 1172 337 illud

461 352 575 382 reduxit
600 356 700 381 contra
730 351 785 380 dic.
811 350 950 380 Ordinem
975 349 1004 379 S.
1030 350 1173 380 Dominici

460 397 494 426 ad
515 406 599 426 cann.
615 404 676 425 cxc.
695 412 734 417 —
752 395 778 425 3.
792 394 872 424 L'nde
898 395 951 424 fuit
971 395 1135 424 dubitatum
1151 396 1174 425 si

461 441 593 471 reductio
626 445 703 469 esset
735 440 822 469 etiarn
853 444 952 469 contra
983 439 1121 469 Ordinem
1147 439 1174 469 S.

461 484 620 514 Francisci.
651 501 690 506 —
716 484 744 513 4.
767 483 818 513 llic
843 484 906 513 ideo
937 484 1069 513 Pontifex
1098 484 1173 513 idem

461 529 643 569 privilegium
672 529 748 558 dicto
771 528 873 558 Ordini
892 528 919 558 S.
943 528 1093 558 Francisri
1118 530 1174 558 itc-

460 580 520 603 rato
553 574 698 604 concedit.
726 591 765 596 -·
792 574 820 603 5.
845 573 1089 612 Quibuscnmque
1118 583 1174 603 non

459 618 656 648 obstantibus.

419 695 504 723 lulius
515 695 586 730 Papa
599 695 621 723 ΙΙ
634 694 735 722 dilecto
757 694 812 723 filio
832 693 934 722 vicario
951 694 1072 729 generati
1088 694 1175 722 ultra·

464 745 592 773 montano
612 743 717 772 ordinis
739 743 864 772 fratrum
883 743 1016 772 Minoi-um
1036 743 1176 779 regularis

464 794 666 822 observantiae.

468 865 593 912 Expoui
619 877 721 912 nuper
744 865 834 899 nobis
858 865 955 899 fecisti
979 864 1076 911 quod,
1097 865 1176 899 inter

420 914 477 949 alia
496 915 653 962 privilegia
673 927 687 948 a
707 914 850 950 Summis
863 914 1071 949 Pontificibus
1089 926 1174 961 prae-

419 964 639 999 decessoribus
666 965 782 999 nostris
817 964 928 998 Ordiui
959 964 1087 998 fratrum
1116 964 1175 997 Mi-

420 1026 532 1049 norum
562 1026 724 1055 concessa,
747 1026 783 1048 ac
807 1026 861 1060 per
889 1013 940 1047 fel.
966 1013 1088 1048 record.
1106 1012 1176 1048 Six-

422 1072 487 1098 tunt
511 1062 565 1108 IV,
590 1064 684 1098 etiam
715 1062 988 1110 praedecessorem
1020 1071 1174 1101 nostrum,

419 1125 454 1148 ac
484 1125 540 1160 per
567 1125 623 1147 nos
646 1113 819 1160 respective
846 1112 1041 1152 confirmata,
1074 1124 1109 1147 ac
1136 1113 1174 1146 de

420 1175 501 1197 novo
523 1174 672 1197 concessa
701 1175 716 1196 a
753 1162 805 1197 fel.
833 1162 987 1197 recordat.
1010 1162 1174 1197 Clemente

419 1212 505 1260 Papa
531 1211 572 1246 lV
603 1212 761 1260 praedicto
783 1212 895 1246 Ordiui
913 1239 920 1248 ,
949 1212 1016 1246 eius
1039 1223 1175 1258 pauper-

420 1262 500 1296 rimo
523 1269 603 1296 statu
628 1261 838 1300 considerato,
865 1269 897 1295 ut
925 1261 1006 1295 idem
1031 1261 1119 1295 Ordo
1143 1262 1172 1295 iu

420 1311 529 1346 eadem
553 1312 728 1346 arctissima
760 1319 945 1358 paupertate
980 1323 1015 1345 ae
1053 1310 1175 1357 profes-

420 1361 518 1395 sionis
539 1373 614 1396 suae
641 1361 776 1407 puritate
799 1369 829 1394 et
853 1360 1043 1406 integritate,
1059 1360 1095 1394 ad
1116 1359 1173 1393 Dei

420 1410 582 1445 servitium
605 1418 636 1445 et
658 1410 726 1445 eius
748 1409 911 1444 Ecclesiae
932 1410 1069 1444 fructum
1088 1417 1174 1443 tran-

420 1459 518 1507 quille
545 1467 772 1503 conservetur,
812 1471 1001 1494 concessum
1031 1459 1088 1493 fuit
1118 1466 1172 1497 ut,

422 1521 520 1556 prope
553 1508 666 1543 domos
694 1508 823 1543 fratrum
853 1509 1001 1555 praedicti
1031 1508 1174 1551 Ordinis,

419 1559 495 1593 certi
525 1559 701 1605 utriusque,
730 1559 866 1593 maxime
890 1558 1050 1599 foeminei,
1078 1570 1174 1592 sexus

420 1607 559 1655 religiosi
589 1608 619 1642 in
659 1608 771 1643 codem
813 1607 976 1655 privilegio
1014 1607 1174 1652 contenti,

421 1657 501 1692 infra
523 1657 665 1705 spacium
689 1666 900 1692 trecentarum
917 1669 1102 1700 cannarum,
1123 1657 1175 1691 do-

421 1719 490 1742 mos
523 1719 579 1742 seu
615 1707 804 1742 monasteria
840 1707 1004 1742 aedificare
1043 1707 1174 1741 minime

421 1757 555 1805 possint,
577 1757 638 1791 sub
660 1757 757 1792 certis
783 1757 927 1792 censuris
949 1766 979 1792 ct
1008 1757 1120 1805 poenis
1144 1757 1173 1790 in

419 1807 530 1842 eodem
560 1806 723 1853 privilegio
745 1807 914 1842 contentis.

468 1856 488 1903 S
517 1859 547 1890 1.
571 1855 663 1898 Quod
693 1855 821 1903 quidem
847 1856 1045 1903 privilegium
1070 1855 1174 1890 fratri-

421 1905 479 1940 bus
501 1904 632 1940 Ordinis
654 1905 911 1940 praedicatorum
936 1906 1028 1940 etiam
1048 1917 1175 1940 conces-

420 1968 488 1990 sum
507 1954 576 1999 fuit,
593 1963 625 1990 ut
641 1955 745 1990 onmia
763 1955 922 2002 privilegia
941 1955 1092 1989 omnibus
1108 1955 1175 1988 aliis

420 2004 673 2040 Mendicantium
702 2004 891 2044 Ordinibus,
915 2004 1077 2051 praedicto
1101 2016 1175 2038 ma-

420 2055 504 2089 xime
519 2053 775 2089 Praedicatornm
794 2053 908 2088 Ordini
933 2066 1098 2093 concessa,
1113 2052 1176 2087 Or-

420 2104 485 2139 dini
506 2103 635 2139 fratrum
658 2103 817 2138 Illinorum
835 2103 967 2137 fuissent
980 2103 1175 2146 communia,

420 2163 449 2188 et
487 2153 672 2188 huiusmodi
707 2153 867 2188 Minorum
896 2152 1028 2187 Ordinis
1065 2153 1176 2187 fratres

421 2207 481 2242 illis
508 2215 686 2247 uterentur,
711 2207 889 2254 potirentur
916 2215 946 2241 ct
975 2207 1174 2253 gauderent,

419 2274 454 2297 ac
477 2262 503 2297 si
527 2262 587 2297 illis
610 2261 788 2309 specialiter
811 2269 841 2296 ct
860 2272 1009 2308 expresse
1025 2272 1174 2295 concessa

421 2315 564 2351 fuissent.

469 2370 489 2417 g
515 2372 548 2404 2.
585 2369 750 2405 Praeterea
783 2369 935 2404 Clemens
962 2368 1015 2413 lV,
1043 2368 1176 2415 praede-

421 2435 527 2459 cessor
541 2424 812 2472 praenominatus,
824 2423 864 2459 ob
878 2423 1047 2458 nonnullas
1063 2434 1176 2457 causas

421 2478 561 2513 animum
576 2490 668 2512 suum
686 2485 860 2521 moventes,
875 2477 1071 2525 privilegium
1090 2488 1177 2522 prae-

422 2532 554 2578 dictum,
575 2531 661 2580 quod
691 2531 842 2579 praedicti
871 2531 1003 2567 Ordinis
1041 2530 1175 2565 Praedi-

423 2595 562 2622 catorum
587 2585 734 2621 fratribus
757 2594 967 2629 concesserat,
983 2585 1019 2619 ad
1037 2584 1174 2631 spatium

1020 253 1117 276 nsua
1124 254 1206 277 ΙΠΠΙ
1234 254 1397 277 nmmwu

1218 319 1309 356 prout
1334 311 1363 343 iu
1387 310 1528 345 omnium
1552 310 1758 346 Summorum
1774 311 1968 347 Pontificum

1218 359 1428 406 praefatorum
1453 359 1549 394 literis
1571 361 1708 409 desuper
1735 361 1886 396 confectis
1901 362 1970 409 ple-

1219 421 1289 443 mus
1311 416 1501 443 continetur.

1266 462 1281 501 ἕ
1310 462 1341 493 5.
1375 457 1438 492 Sed
1466 459 1537 506 quia
1559 471 1575 494 a
1604 460 1767 496 nonnullis
1795 461 1970 497 haesitatur

1216 519 1253 541 an
1271 520 1308 542 ex
1322 519 1359 542 eo
1375 508 1459 554 quod
1477 509 1706 554 praedictorum
1727 510 1856 545 fratrum
1872 511 1970 546 Prae-

1216 557 1391 592 dicatorum
1409 558 1570 605 privilegia
1586 559 1731 604 praefatis
1750 560 1898 595 fratribus
1910 561 1971 595 Mi-

1218 607 1350 642 noribus
1372 609 1605 643 communicata
1639 618 1739 654 sunt,
1769 610 1968 657 privilegium

1219 657 1392 704 praefatum
1418 665 1629 692 trecentarum
1653 671 1826 694 cannarum
1849 660 1972 707 praedi-

1217 716 1336 741 ctarum
1360 706 1479 741 eisdem
1509 707 1658 742 fratribus
1685 707 1861 744 Minoribus
1895 721 1970 756 spe-

1217 758 1335 792 cialiter
1361 768 1561 801 eoncessum,
1583 757 1620 791 ad
1646 758 1822 804 praedictas
1843 767 1970 794 centum

1216 807 1423 853 quadraginta
1441 807 1650 847 cannas,sine
1665 807 1725 842 alia
1743 808 1872 855 speciali
1887 820 1972 843 coar-

1217 857 1352 891 ctatione
1375 868 1431 891 seu
1455 856 1654 897 reductione,
1676 866 1759 892 esset
1778 866 1970 893 coarctatum

1218 907 1263 940 vel
1292 906 1471 941 reductum.
1499 898 1619 950 Quare,
1648 919 1703 953 pro
1720 915 1806 954 parte
1823 914 1886 952 tua,
1914 919 1972 942 no-

1217 955 1263 990 bis
1286 956 1343 990 suit
1366 955 1526 990 humiliter
1547 956 1761 1003 supplicatum
1777 964 1812 991 ut
1827 957 1858 991 in
1878 968 1972 1004 prae-

1217 1005 1322 1040 missis
1349 1013 1528 1052 opportune
1563 1006 1730 1052 providere
1758 1006 1797 1041 de
1825 1006 1972 1053 benigni—

1217 1063 1278 1089 tate
1305 1054 1477 1102 apostolica
1503 1054 1720 1101 dignaremur.

1265 1108 1280 1147 ἕ
1304 1108 1336 1139 4.
1368 1104 1433 1139 Nos
1461 1104 1564 1150 igitur,
1579 1117 1686 1140 sacrae
1706 1105 1882 1151 Religionis
1910 1104 1972 1140 fra-

1217 1163 1299 1188 trum
1323 1154 1481 1189 Minorum
1507 1154 1740 1201 praedictorum
1761 1154 1971 1199 honestatem,

1218 1212 1433 1250 paupertatem
1457 1215 1492 1237 ac
1521 1205 1689 1249 puritatem
1720 1204 1971 1249 considerantes,

1218 1253 1328 1288 merito
1348 1253 1531 1288 inducimur
1562 1262 1595 1288 ut
1618 1266 1686 1287 cam
1710 1253 1903 1301 specialibus
1931 1253 1972 1288 fa-

1217 1303 1344 1337 voribus
1379 1311 1407 1338 et
1435 1302 1544 1348 gratiis
1580 1315 1820 1350 prosequamur,
1844 1303 1904 1338 tuis
1940 1303 1970 1337 iu

1218 1352 1274 1386 bac
1298 1361 1385 1399 parte
1402 1352 1694 1399 supplicationibus
1714 1353 1869 1397 inclinati,
1887 1364 1974 1400 prac-

1216 1402 1331 1436 dictam
1371 1401 1615 1436 coarctationem
1656 1414 1714 1437 seu
1754 1402 1971 1437 reductionem

1216 1461 1324 1486 eontra
1349 1451 1546 1498 praedictum
1568 1451 1695 1486 fratrum
1713 1451 1971 1486 praedicatorum

1218 1501 1415 1547 privilegium
1440 1500 1566 1545 factam,
1583 1501 1730 1548 praefatis
1750 1500 1899 1536 fratribus
1911 1500 1974 1535 Mi—

1218 1555 1349 1589 noribus
1377 1566 1491 1589 nocere
1516 1567 1578 1590 non
1607 1555 1737 1599 debere,
1760 1567 1818 1590 nec
1841 1554 1973 1602 praefa-

1217 1616 1278 1643 tam
1314 1608 1552 1656 privilegiorum
1589 1609 1912 1645 communicationem
1942 1609 1970 1643 iu

1216 1663 1382 1708 damnum,
1404 1663 1457 1699 sed
1488 1663 1519 1698 in
1557 1663 1693 1699 favorem
1735 1663 1972 1711 praedictorum

1218 1718 1346 1753 fratrum
1369 1718 1528 1753 Minoi-um
1547 1729 1617 1753 esse
1632 1729 1827 1753 concessam.
1844 1717 1885 1752 Et
1903 1717 1974 1753 ideo

1217 1773 1488 1808 confirmationem
1517 1781 1547 1808 et
1584 1785 1695 1807 novam
1731 1772 1972 1808 concessionem

1218 1839 1272 1873 per
1308 1827 1502 1874 praedictum
1531 1827 1656 1862 Sixtum
1690 1826 1731 1861 lV
1765 1834 1795 1861 et
1831 1838 1886 1873 per
1917 1838 1974 1861 nos

1218 1882 1391 1928 respective
1420 1881 1531 1916 factam
1556 1881 1584 1915 in
1609 1893 1667 1916 suo
1696 1880 1809 1916 robore
1839 1892 1973 1928 perma-

1218 1947 1291 1970 nere
1315 1935 1431 1971 debere
1466 1936 1650 1970 auctoritate
1677 1935 1851 1982 apostolica
1875 1934 1972 1970 decla-

1218 2001 1334 2033 ramus,
1357 2001 1392 2023 ac.
1421 1989 1531 2035 potiori
1557 2001 1612 2036 pro
1635 1989 1757 2024 cautela
1787 1989 1870 2023 idem
1901 1989 1973 2036 pri-

1219 2042 1365 2089 vilegium
1412 2050 1441 2077 et
1482 2042 1555 2077 inde
1598 2050 1706 2077 secuta
1750 2053 1973 2089 quaecumque

1219 2097 1385 2143 praedictis
1414 2097 1562 2131 fratribus
1595 2096 1773 2131 Minoribus
1803 2096 1973 2131 coufirma-

1219 2163 1341 2185 mamus
1360 2158 1390 2185 et
1412 2151 1640 2198 approbamus.
1664 2150 1704 2185 Et
1723 2159 1881 2197 quatenus
1894 2161 1974 2195 opus

1217 2205 1268 2249 sit,
1298 2205 1529 2251 praedictarum
1559 2212 1771 2240 trecentarum
1800 2215 1971 2239 cannarum

1219 2258 1428 2305 privilegium,
1449 2267 1557 2294 tenore
1580 2258 1804 2306 praesentium,
1827 2258 1972 2292 auctori—

1219 2320 1279 2348 tate
1308 2313 1456 2360 praefata,
1479 2313 1597 2348 eisdem
1621 2312 1769 2348 fratribus
1793 2310 1973 2347 Minoribus

1217 2367 1256 2402 de
1285 2379 1365 2402 novo
1393 2366 1611 2402 concedimus.

1266 2421 1345 2467 §5-
1382 2421 1451 2456 Non
1488 2420 1690 2455 obstantibus
1726 2419 1908 2467 praemissis
1935 2431 1971 2454 ac

1217 2475 1496 2511 constitutionibus
1508 2474 1702 2523 apostolicis,
1714 2474 1887 2522 privilegiis
1895 2485 1971 2521 quo-

1218 2542 1279 2576 que
1302 2538 1332 2565 et
1359 2529 1488 2564 indultis
1522 2541 1557 2564 ac
1583 2529 1839 2576 quibuscumque
1873 2527 1972 2563 literis

1218 2584 1400 2631 apostolicis
1423 2584 1454 2618 in
1480 2584 1674 2619 contrarium
1703 2582 1876 2626 concessiS,
1898 2593 1971 2617 cae-

423 2648 548 2675 centum
573 2639 780 2687 quadraginta
818 2651 989 2675 cannarum
1024 2637 1174 2673 reduxit.
1220 2638 1356 2685 terisque
1380 2638 1544 2673 contrariis
1571 2637 1838 2685 quibuscumque.

1987 260 2034 284 Αιι.
2053 257 2081 285 C.
2105 258 2170 284 1509

2001 474 2057 493 indi*
2078 474 2114 493 luit
2133 475 2171 494 du-

1985 505 2070 525 tumtum
2095 512 2111 524 si
2132 510 2169 524 re-

1985 536 2054 555 durtio
2071 538 2129 556 esset
2144 542 2170 554 e-

1986 571 1998 586 ti
2009 573 2034 586 im
2046 566 2171 587 conti-³01-

1985 599 2054 618 dmem
2070 597 2083 617 S
2109 597 2171 617 Fran-

1986 635 2045 649 fisci.

2001 1119 2036 1140 llic
2053 1120 2100 1140 ideo
2116 1119 2173 1140 Pon-

1987 1152 2036 1171 tifex
2057 1152 2110 1171 idem
2127 1152 2172 1178 pri-

1987 1183 2084 1206 vilegium
2114 1183 2171 1202 dicto

1986 1215 2058 1234 Ordim
2074 1213 2094 1233 S.
2106 1213 2173 1234 Fran—

1986 1245 2109 1264 visitarat-1
2121 1250 2170 1263 con-

1986 1276 2050 1296 vertit.

2001 2439 2170 2466 Quibuscumque

1987 2477 2027 2490 uon
2044 2470 2156 2491 obstantia,

2260 350 2281 1447 m.‹⁴sffifflfflhQ.nuffl-ffls
2274 309 2278 314 -
2276 280 2277 283 „
2264 223 2273 251 “-
