2281 3251
113 251 162 282 An.
180 252 209 279 C.
229 252 295 282 ¹512

961 250 1066 274 IULIUS
1087 249 1112 273 11
1132 249 1182 273 1²1².

309 307 347 343 ad
369 318 463 342 suum
487 305 622 341 iudicem
646 305 804 351 remittat,
826 314 855 341 et
881 305 920 340 sit
940 318 1052 353 super-

309 357 488 397 intendens,
513 364 546 390 ut
568 356 700 403 quilibet
722 356 751 390 in
776 356 956 403 praemissis
983 357 1052 391 offi-

307 408 364 442 ciis
395 418 468 441 suos
491 407 639 441 terminos
660 405 817 449 observet,
845 414 875 441 et
896 406 1052 441 contrafa-

305 457 440 492 cientem
463 455 571 503 puniat
605 463 657 490 aut
679 455 769 490 nobis
792 456 914 496 referat,
937 464 966 490 et
996 455 1052 490 de-

306 506 376 541 beat
398 517 537 540 carceres
559 505 701 540 omnium
732 505 976 552 praemissorum
1006 505 1052 539 vi-

306 556 422 599 sitare,
449 567 509 589 una
532 567 603 589 cum
626 554 694 589 aliis
715 554 753 588 ad
784 555 812 589 id
841 567 895 601 per
916 567 973 589 nos
996 567 1052 602 per

306 606 381 640 alias
407 612 529 639 nostras
556 604 661 639 literas
677 604 846 650 deputatis,
869 613 898 639 et
919 604 958 639 de
985 605 1052 640 ossi-

306 654 432 689 cialium
455 653 596 689 omnium
613 654 757 697 (maxime
780 654 973 689 notariorum
992 667 1053 689 ma-

306 704 492 748 leficiorum)
520 703 824 750 transgressionibus
850 716 1050 750 cognoscere.

305 754 339 788 In
363 753 632 789 concernentibus
654 761 758 788 autem
785 761 900 788 statum
923 761 976 787 aut
998 766 1052 799 pa-

305 816 373 838 cem
395 811 426 839 et
447 804 583 850 quietem
603 803 736 838 civitatis
756 812 786 838 et
809 803 970 838 Romanae
988 803 1052 837 Cu-

305 853 368 888 riae
384 882 392 894 ,
418 861 577 901 quantum<
594 853 694 888 videat
722 865 851 888 necesse
873 865 960 893 esse,
983 854 1053 887 ossi-

306 903 416 939 cialem
439 902 478 938 ad
500 915 596 950 quem
612 911 744 950 spectat,
766 903 885 947 iuvare,
903 911 932 937 et
947 903 1051 937 omnia

307 966 363 1000 pro
396 965 488 1001 posse
517 952 554 987 ad
588 965 695 1000 pacem
738 953 888 987 reducere
931 964 1052 987 necnon

306 1015 415 1038 causas
437 1002 635 1050 querelarum
658 1011 764 1038 contra
783 1002 927 1043 barones,
950 1014 986 1036 ac
1000 1014 1053 1037 ca-

306 1052 417 1100 pitales
432 1079 442 1097 ,
465 1052 610 1087 videlicet
633 1053 742 1087 mortis
764 1052 914 1087 naturalis
941 1059 971 1086 et
991 1051 1053 1085 bri—

305 1114 435 1148 garum,
457 1115 516 1137 una
539 1114 610 1136 cum
634 1102 788 1149 paceriis,
816 1102 899 1136 iuxta
922 1101 1051 1136 formam

306 1160 492 1187 statutorum
520 1151 616 1186 Urbis
631 1179 639 1191 ,
667 1160 697 1186 et
719 1160 899 1198 treguarum
921 1163 976 1185 seu
1004 1162 1054 1185 se-

309 1201 475 1236 curitatum
503 1209 556 1235 aut
577 1201 664 1248 pacis
682 1209 843 1248 rupturam
859 1227 868 1244 ,
891 1200 983 1234 etiam
999 1212 1055 1247 per

307 1251 459 1297 seipsum.
472 1250 748 1294 Item,mercedem
764 1250 961 1294 salariorum,
976 1262 1054 1296 quas

307 1312 416 1335 causas
430 1300 697 1344 mercedum‚sine
708 1300 940 1345 triennali(1)et
954 1300 1054 1347 scrip-

307 1358 387 1391 tura,
413 1350 595 1390 summarie,
623 1362 718 1384 manu
741 1350 837 1397 regia,
863 1361 1054 1396 cognoscere

307 1400 406 1447 possit
428 1407 458 1435 et
483 1400 665 1443 terminare,
692 1401 775 1434 iuxta
799 1399 930 1434 formam
954 1399 1055 1435 dicto-

307 1462 378 1485 rum
400 1458 588 1486 statutorum
613 1449 659 1485 vel
687 1450 764 1485 iuris
786 1449 978 1494 communis,
999 1449 1053 1484 ubi

307 1507 421 1536 statuta
444 1500 632 1541 deficerent,
659 1508 689 1534 et
711 1500 741 1534 in
765 1499 880 1547 quibus
906 1499 1055 1535 omnibus

307 1550 396 1585 locus
418 1550 457 1584 sit
483 1550 697 1597 praeventioni
727 1550 807 1585 inter
830 1550 934 1596 ipsum
957 1557 988 1584 et
1004 1562 1055 1584 se-

308 1608 460 1642 natorem,
483 1608 513 1635 et
534 1601 560 1635 si
587 1609 789 1644 concurrant,
815 1607 941 1634 senator
964 1611 1054 1645 prae-

309 1650 437 1685 feratur.
452 1649 571 1685 Notarii
586 1662 657 1685 vero
679 1649 900 1695 gubernatoris
927 1650 982 1683 soli
1000 1662 1055 1696 per

309 1712 341 1735 se
364 1700 458 1747 ipsos,
477 1708 508 1736 et
526 1712 589 1735 non
616 1712 671 1746 per
692 1699 892 1745 substitutos,
914 1698 1052 1734 officium

308 1757 476 1784 exerceant
498 1750 565 1785 sine
586 1749 755 1794 tribunali,
777 1757 870 1796 prout
896 1749 970 1784 alias
990 1749 1055 1784 Lu-

309 1799 438 1834 dovicus
451 1798 588 1834 Sabinus
604 1808 634 1834 et
645 1800 763 1834 Marius
782 1798 967 1844 Ceretanus,
982 1807 1056 1834 tem-

309 1862 384 1898 pore
405 1849 548 1885 eiusdem
571 1849 648 1884 Sixti
673 1848 937 1896 praedecessoris,
966 1861 1056 1884 exer-

308 1911 379 1935 cere
405 1899 570 1941 solebant3
598 1899 651 1947 qui
674 1900 767 1935 etiam
797 1900 926 1946 registra
954 1899 1056 1947 aliqua

308 1961 371 1985 non
386 1949 513 1991 faciant;
528 1950 658 1997 ipseque
672 1950 863 1996 gubernator
876 1962 972 1984 unum
988 1958 1057 1984 tan-

309 2007 376 2034 tum
402 1999 642 2034 comestabilem
666 2012 723 2034 seu
750 1999 951 2047 capitaneum
974 2000 1056 2034 reti—

309 2057 381 2085 neat
407 2061 479 2084 cum
501 2061 572 2084 xxv
593 2049 779 2084 satellitibus
794 2076 803 2093 ,
825 2056 857 2084 et
883 2049 952 2084 sine
974 2049 1057 2084 dicto

310 2098 521 2144 comestabili,
543 2099 747 2134 executiones
769 2099 871 2145 ipsius
898 2099 1057 2145 guberna-

309 2149 386 2184 toris
424 2149 490 2184 fieri
529 2161 592 2183 non
622 2148 751 2196 possint.
782 2147 938 2184 Volumus
965 2149 1057 2184 etiam

309 2199 395 2247 quod
423 2199 508 2234 idem
530 2198 737 2245 gubernator,
761 2198 868 2245 vigore
890 2198 1058 2246 obligatio-

309 2262 386 2284 num
408 2248 439 2283 in
462 2249 561 2284 forma
583 2248 736 2283 Gamerae
762 2248 974 2296 Apostolicae,
995 2261 1058 2284 non

311 2299 408 2347 possit
428 2299 568 2347 aliquem
590 2299 898 2333 excommunicatum
915 2298 1058 2346 publica-

310 2361 361 2390 re,
389 2360 447 2384 nec
472 2348 613 2384 censuris
643 2348 864 2384 ecclesiasticis
893 2348 924 2382 in
954 2348 1058 2395 aliquo

310 2411 384 2434 casu
408 2399 463 2443 uti,
490 2405 581 2445 prout
604 2398 722 2445 antiqui
746 2398 973 2444 gubernatores
996 2410 1059 2433 non

310 2455 384 2483 sunt
403 2448 464 2493 usi,
486 2456 516 2483 et
537 2460 689 2483 censurae
711 2460 766 2495 per
788 2460 860 2483 eum
883 2460 979 2494 super
1000 2448 1060 2483 hoc

310 2497 402 2543 latae,
423 2505 498 2532 sunt
519 2497 588 2545 ipso
610 2498 677 2532 iure
699 2497 814 2532 nullae.
838 2497 990 2532 Similiter
1004 2510 1060 2532 vo-

311 2546 417 2583 lumus
437 2547 521 2595 quod
549 2546 715 2582 baricellus
748 2547 788 2582 sit
815 2559 922 2582 merus
948 2559 1061 2582 execu-

313 2604 370 2638 tor,
390 2605 421 2632 et
447 2597 568 2632 nullum
596 2596 736 2632 iudicare
758 2597 878 2639 valeat;
907 2596 1059 2645 quodque

346 2657 385 2694 (1)
400 2657 521 2694 Legimus
539 2661 595 2685 sine
612 2661 742 2686 tribunali
758 2659 797 2694 (R.
815 2659 865 2695 Τ.).

391 2702 465 2735 Bull.
486 2702 564 2734 Rom.
585 2703 640 2734 Vol.
662 2703 690 2734 V.
904 2703 941 2734 65

1726 238 1797 271 515

1094 305 1298 341 executiones
1322 304 1352 339 in
1381 304 1565 352 capitalibus
1590 315 1645 351 per
1666 314 1740 338 eum
1763 303 1844 339 fien-

1093 356 1161 400 dae,
1190 356 1265 390 {lant
1286 356 1317 390 in
1345 354 1511 402 Capitolio,
1534 361 1626 401 prout
1652 353 1692 388 ab
1713 353 1843 400 antiquo

1092 414 1281 441 consuetum
1309 405 1377 448 suit,
1402 405 1460 439 nisi
1488 404 1588 448 aliter,
1612 415 1668 451 pro
1690 403 1843 450 temporis

1093 464 1122 490 et
1145 455 1289 490 maleficii
1313 454 1462 501 qualitate
1491 462 1520 489 et
1543 453 1713 500 gravitate,
1741 453 1842 488 visum

1094 505 1186 540 suerit
1208 504 1370 552 expedire.
1400 504 1503 539 Possit
1526 512 1628 538 tamen
1651 510 1794 550 repertos
1812 502 1842 536 in

1094 555 1234 601 flagranti
1273 553 1405 589 crimine
1439 553 1550 600 punire
1593 553 1676 588 iuxta
1707 552 1841 588 formam

1095 605 1197 639 brevis
1216 603 1370 639 facultatis
1397 615 1484 638 suae.

1141 655 1161 702 S
1185 656 1217 688 7.
1244 653 1345 698 Item,
1368 652 1513 688 volumus
1534 651 1617 699 quod
1640 663 1751 687 omnes
1773 651 1843 687 offi-

1095 704 1200 745 ciales,
1227 704 1423 750 quicumque
1445 703 1520 746 sint,
1537 702 1630 736 etiam
1652 701 1844 748 gubernato-

1095 754 1134 788 ris
1153 761 1182 788 et
1208 752 1359 788 auditoris
1377 752 1528 787 Gamerae
1550 751 1796 798 praedictorum,
1812 758 1844 786 et

1095 803 1204 850 reliqui
1226 802 1277 836 alii
1300 810 1330 837 et
1347 802 1439 836 etiam
1463 802 1530 849 ipse
1555 801 1734 846 baricellus,
1756 801 1788 835 in
1808 801 1845 835 fi-

1095 865 1133 888 ne
1154 852 1324 887 cuiuslibet
1349 851 1433 891 anni,
1452 851 1607 900 syndicari
1631 850 1767 886 debeant
1788 863 1844 898 per

1093 904 1214 950 aliquos
1228 914 1283 949 per
1297 900 1574 948 nosdeputandOS,
1600 900 1685 935 iuxta
1712 900 1843 935 sormam

1093 952 1275 987 earumdem
1310 952 1467 986 literarum
1491 957 1686 991 nostrarum3
1714 950 1845 997 ipseque

1094 1002 1284 1048 gubernator
1296 1008 1439 1036 teneatur
1456 1013 1511 1047 pro
1529 1012 1562 1034 se
1589 1007 1618 1034 et
1639 1000 1708 1034 eius
1730 999 1845 1035 officia-

1095 1052 1187 1092 libus,
1209 1058 1240 1086 et
1273 1052 1305 1085 in
1337 1050 1495 1097 principio
1517 1049 1586 1083 eius
1609 1049 1702 1084 officii
1731 1048 1844 1084 debeat

1094 1113 1189 1147 super
1211 1101 1271 1135 hoc
1297 1111 1416 1135 cavere.
1445 1098 1597 1134 Similiter
1629 1098 1752 1133 auditor
1774 1097 1844 1133 Ca-

1096 1163 1200 1186 merae
1228 1150 1393 1197 praefatae,
1421 1149 1450 1183 in
1479 1149 1541 1183 fine
1563 1147 1734 1183 cuiuslibet
1756 1148 1845 1189 anni,

1095 1208 1238 1235 teneatur
1260 1199 1391 1234 reddere
1417 1198 1583 1242 rationem,
1605 1209 1708 1233 coram
1725 1197 1845 1232 eisdem

1095 1249 1306 1298 deputandis,
1328 1249 1367 1284 de
1388 1248 1485 1296 gestis
1512 1259 1566 1295 per
1587 1259 1621 1282 se
1651 1256 1682 1282 et
1703 1248 1771 1282 eius
1792 1247 1847 1282 lo-

1095 1308 1345 1335 cumteuentem.

1143 1350 1163 1397 S
1185 1352 1217 1384 8.
1245 1349 1400 1384 Volumus
1429 1347 1521 1383 etiam
1539 1376 1547 1389 ,
1577 1356 1611 1383 ut
1638 1346 1748 1382 litibus
1774 1346 1848 1382 finis

1096 1400 1188 1435 citius
1211 1400 1416 1447 imponatur,
1444 1397 1529 1445 quod
1557 1407 1619 1434 tam
1643 1409 1659 1431 a
1688 1396 1847 1432 iudicibus

1095 1450 1283 1498 Capitolinis
1309 1461 1402 1496 quam
1423 1449 1516 1483 etiam
1540 1447 1795 1496 quibuscumque
1811 1459 1848 1482 a-

1096 1502 1164 1547 liis,
1188 1502 1218 1535 in
1247 1500 1352 1535 causis
1380 1510 1460 1545 quae
1487 1498 1563 1534 alias
1589 1504 1695 1532 essent
1716 1496 1755 1531 de
1780 1497 1847 1531 soro

1095 1550 1284 1599 Capitolino,
1312 1548 1489 1596 appelletur
1510 1548 1549 1583 ad
1567 1547 1767 1594 capitaneum
1787 1546 1848 1582 Ur-

1097 1602 1143 1636 bis
1160 1601 1207 1636 vel
1223 1600 1318 1634 alium
1344 1611 1398 1646 per
1422 1610 1478 1633 nos
1498 1596 1730 1646 deputandum,
1752 1596 1848 1631 dum-

1098 1651 1202 1692 modo,
1219 1648 1321 1697 quoad
1335 1660 1446 1684 causas
1468 1648 1541 1683 dicti
1560 1648 1629 1692 fori,
1646 1647 1676 1680 in
1691 1645 1848 1694 Capitolio

1097 1700 1231 1736 tribuual
1255 1707 1368 1740 teneat;
1395 1697 1480 1745 quod
1505 1698 1611 1737 etiam,
1629 1698 1661 1731 in
1689 1696 1794 1731 causis
1816 1696 1848 1730 in

1096 1751 1180 1786 curia
1195 1749 1415 1798 gubernatoris
1427 1747 1572 1783 eiusdem
1590 1746 1802 1795 pendentibus
1814 1753 1845 1780 et

1096 1813 1177 1849 quae
1193 1800 1331 1848 pendere
1345 1798 1523 1845 contigerit,
1538 1797 1653 1833 habere
1674 1797 1780 1832 locum
1795 1795 1850 1831 de-

1097 1852 1268 1892 cernimus,
1295 1862 1312 1885 a
1334 1861 1398 1898 quo
1420 1848 1524 1884 iudice
1551 1847 1770 1895 appellationis
1791 1858 1850 1893 ap-

1099 1902 1204 1950 pellari
1225 1913 1286 1935 non
1311 1900 1421 1947 possit,
1444 1898 1503 1933 nisi
1527 1905 1620 1946 prout
1641 1907 1671 1932 et
1697 1905 1849 1945 quantum

1097 1960 1211 1987 statuta
1234 1949 1418 1985 huiusmodi
1441 1949 1472 1984 in
1495 1948 1599 1984 causis
1617 1947 1731 1983 Curiae
1749 1946 1851 1995 Capi-

1099 2002 1163 2038 tolii
1188 2000 1384 2049 permittunt.

1146 2053 1166 2100 g
1193 2054 1225 2086 9.
1254 2050 1420 2086 Postremo
1442 2048 1630 2083 mandamus
1645 2048 1677 2082 in
1700 2046 1850 2082 omnibus

1100 2105 1196 2140 curiis
1223 2104 1389 2140 ordinariis
1410 2102 1506 2139 Urbis
1528 2110 1558 2137 et
1579 2103 1609 2136 in
1633 2101 1781 2137 omnibus
1796 2113 1851 2136 so-

1100 2159 1273 2194 lutionibus
1293 2159 1497 2203 notariorum,
1517 2164 1736 2201 executorum,
1755 2156 1851 2191 etiam

1100 2227 1156 2262 pro
1179 2213 1419 2249 executionibus
1444 2211 1556 2246 fiendis
1584 2223 1639 2258 per
1661 2211 1765 2258 ipsum
1787 2210 1850 2245 ha-

1099 2268 1255 2313 ricellum‚
1270 2280 1304 2303 ac
1323 2280 1379 2316 pro
1401 2266 1602 2302 mercedibus
1624 2277 1852 2313 quorumcum-

1099 2335 1160 2370 que
1182 2323 1313 2358 aliorum
1341 2321 1543 2365 officialium,
1571 2320 1684 2355 servari
1709 2319 1847 2355 tabulam

1100 2389 1308 2412 marmoream
1331 2376 1362 2410 in
1384 2374 1540 2422 Capitolio
1563 2375 1711 2415 affixam,
1738 2382 1768 2409 et
1795 2373 1849 2408 ubi

1100 2432 1130 2466 in
1143 2431 1300 2479 aliquibus
1315 2429 1441 2465 casibus
1463 2428 1514 2463 illa
1537 2428 1696 2469 deficeret,
1718 2427 1848 2462 manda-

1099 2498 1170 2521 mus
1184 2485 1299 2521 servari
1321 2491 1434 2519 statuta
1455 2482 1561 2518 Urbis.
1580 2482 1735 2517 Volumus
1750 2481 1846 2516 etiam

1100 2540 1184 2588 quod
1199 2551 1257 2587 pro
1279 2538 1441 2586 quibusvis
1455 2536 1650 2584 sigillation.,
1664 2535 1848 2583 praesertim

1099 2594 1236 2630 mandati
1252 2594 1291 2629 de
1312 2592 1482 2628 relaxando
1497 2592 1715 2631 incarceratos,
1730 2597 1761 2624 et
1781 2590 1850 2624 aliis

1100 2649 1261 2700 quibusvis
1274 2648 1429 2698 apodissis
1450 2647 1495 2682 nil
1517 2646 1668 2692 solvatur,
1682 2644 1740 2679 nisi
1754 2652 1847 2695 prout

1859 248 1907 275 An.
1926 249 1954 276 C.
1974 250 2040 277 ¹512

1871 661 1976 682 Officiaten
2000 660 2040 681 l'r-

1858 693 1890 713 bi·
1905 696 1962 713 stent
1972 694 2042 719 syndi-

1859 724 1921 745 cetui.

1880 1357 1999 1385 Appellatio
2022 1358 2062 1383 iu,

1861 1388 1922 1410 Curia
1945 1388 1993 1415 Cap.
2018 1389 2042 1408 td

1862 1426 1923 1449 quem
1938 1421 2007 1441 datur.

1869 2058 1946 2080 amu«
1964 2063 2047 2079 merces

1865 2090 1991 2112 declaratur.
