2281 3251
214 242 262 268 Λη.
281 242 308 268 Γ..
329 243 390 268 1501

251 1288 369 1309 cim-uiae.

460 232 530 264 302

409 295 685 342 congregationis,
709 295 778 329 lites
803 295 883 328 iuter
907 293 1016 327 fratres
1041 294 1084 326 vel
1113 306 1164 326 sn-

411 358 497 380 rores
525 353 609 379 ortas
645 344 788 379 studiose
819 343 1020 378 conabuntur
1060 343 1164 376 extin-

411 407 508 441 gnere
533 402 563 428 et
591 394 627 427 ad
653 405 761 439 paceni
790 393 955 436 reducere,
977 392 1164 427 charitatem

413 453 553 479 mutuam
577 451 749 477 servantes.
773 442 899 477 Fratres
926 450 956 476 et
985 453 1110 476 sorores
1133 453 1165 474 sc

413 505 597 540 nuncupare
626 504 687 527 non
721 500 898 529 vereantur,
926 500 954 525 et
979 492 1008 525 in
1033 490 1167 525 tribula-

413 544 496 577 tione
520 551 549 577 et
572 541 760 576 adversitate
774 554 828 576 seu
849 541 1030 575 infirmitate
1045 552 1078 574 se
1098 553 1168 574 mu-

413 602 467 627 tuo
496 592 623 626 visitent
646 599 674 626 et
689 591 879 626 consonent.
904 590 990 625 Haec
1007 597 1094 634 sunt,
1112 589 1166 623 filii

413 641 604 681 charissimi,
628 652 710 687 quac
734 641 902 675 observare
919 639 1078 674 curabitis:
1099 650 1170 686 poe-

414 691 575 726 nitentiam
601 691 695 736 igitur
711 698 905 737 assumptam
930 697 959 723 et
976 689 1056 723 bona
1074 700 1168 735 opera

415 741 512 775 nolite
541 740 702 783 deserere,
727 740 800 786 qnia
820 740 845 773 si
872 738 981 773 fideles
1003 738 1124 772 fueritis
1139 738 1168 771 iii

413 789 597 836 operando,
631 789 720 823 Deus
749 788 853 823 tidelis
880 789 939 823 erit
967 788 997 822 in
1022 799 1170 822 remune-

415 839 524 874 rando.
550 838 590 873 Et
614 850 653 872 ne
675 837 792 873 oblivio
820 845 872 872 ant
900 837 1076 883 ignorantia
1109 836 1169 871 sint

414 900 507 923 causa
542 887 772 934 delinquendi,
800 887 897 921 semel
927 888 956 920 in
989 898 1098 921 mense
1132 885 1169 920 ad

415 937 534 981 minus,
561 936 637 971 liaec
661 935 782 982 Regula
811 936 980 982 vulgariter
1003 944 1033 970 et
1061 934 1172 969 intelli-

414 986 554 1033 gibiliter
577 986 664 1020 vobis
687 986 820 1032 legatur,
843 986 902 1019 nisi
920 997 1012 1019 causa
1031 984 1171 1031 legitima

415 1049 485 1090 quis
505 1035 731 1082 impediretur3
755 1047 816 1070 non
844 1035 927 1069 enim
951 1033 1084 1080 privabit
1106 1033 1173 1067 Do-

417 1097 523 1119 ininiis
539 1085 631 1119 lionis
643 1096 696 1119 eos
711 1085 762 1131 qui
786 1084 974 1118 ambulant
969 1096 999 1117 iii
1018 1084 1064 1117 via
1084 1095 1173 1117 maii-

415 1134 562 1169 datorum
588 1146 719 1168 snorum
744 1141 775 1168 et
797 1134 848 1181 qui
873 1133 900 1167 ei
929 1132 988 1167 suli
1020 1132 1079 1167 hac
1109 1132 1174 1167 Re-

416 1184 487 1230 gula
511 1183 664 1224 militant,
680 1182 735 1218 sed
760 1183 891 1229 gratiani
914 1190 942 1217 et
966 1182 1099 1229 gloriam
1124 1181 1174 1216 da-

419 1233 462 1268 hit
485 1233 541 1267 εἰς.

466 1286 481 1325 §
503 1284 562 1317 ⁶28.
585 1281 670 1316 Nulli
697 1293 773 1328 ergo
799 1289 853 1315 etc.

469 1332 582 1365 Datum
606 1330 727 1365 Romae
750 1331 831 1377 apud
860 1330 895 1364 S.
926 1330 1070 1368 Petrum,
1092 1342 1176 1364 anuo

417 1380 646 1415 lucarnationis
673 1380 849 1414 dominicae
886 1379 1052 1414 millesimo
1079 1379 1176 1426 quiu-

417 1430 592 1475 gentesinio
608 1429 720 1476 primo,
744 1429 885 1463 kalendis
905 1429 989 1472 maii,
1013 1428 1176 1475 pontifica-

419 1487 469 1513 tus
492 1487 590 1514 nostri
613 1490 696 1513 anno
719 1490 764 1512 ix.

478 1539 539 1569 Dat.
557 1539 605 1570 die
624 1540 637 1569 *1
659 1540 729 1570 maii
750 1540 836 1577 1501,
855 1539 958 1579 pontis.
979 1548 1056 1569 anno
1075 1548 1111 1570 ix.

764 1689 834 1724 XV.

421 1763 537 1797 Contra
557 1763 754 1809 offendentes,
782 1773 838 1806 per
857 1774 887 1795 se
912 1763 958 1795 vel
978 1762 1088 1801 alium,
1112 1762 1178 1795 li'li'-

470 1819 574 1856 yantes
595 1813 629 1844 in
648 1812 742 1845 Curia
766 1812 922 1850 Romana,
945 1823 1107 1855 eorumque
1133 1813 1179 1846 t'u-

469 1862 561 1899 dices,
579 1862 754 1898 advocatos,
777 1868 1003 1904 procuratore&
1028 1861 1176 1899 notarios,

471 1917 624 1956 testesque,
657 1917 684 1943 et
710 1911 787 1942 ali'os
811 1912 871 1951 (1).

693 1978 908 2009 SUMMARF'M

421 2044 587 2074 Exordium.
609 2061 647 2065 —
672 2043 696 2072 1.
720 2043 798 2073 Licet
825 2043 853 2072 in
883 2042 961 2071 bulla
991 2042 1096 2071 Coeiim‘
1119 2042 1175 2072 Dn-

462 2089 529 2118 mim‘
547 2089 732 2119 anathemate
751 2088 966 2127 ferianturqui,
985 2088 1176 2127 quomodoli-

460 2135 508 2165 bet
524 2135 669 2173 litigantes
687 2134 714 2164 iii
734 2133 818 2163 Curia
839 2133 979 2170 Romana,
1003 2133 1116 2162 iudices
1133 2133 1175 2162 vel

461 2181 616 2210 advocatos
635 2178 789 2209 offendunt
804 2182 866 2213 eic.;
881 2194 918 2199 —
937 2177 963 2206 Ξ.
983 2177 1115 2216 Reperiri
1138 2182 1177 2206 ta-

462 2233 527 2253 nien
546 2223 585 2253 ait
603 2223 736 2252 Pontifex
754 2222 922 2257 nonnullos,
941 2223 989 2260 qui
1008 2222 1175 2251 liiiiusiiiodi

462 2269 615 2298 anatliema
631 2272 779 2307 spernant.
792 2267 866 2296 -3.
887 2266 1061 2296 lluiiismodi
1079 2267 1176 2305 itaque

462 2313 617 2342 anatliema
650 2317 823 2351 ceterasque
847 2321 955 2351 poenas
977 2315 1111 2344 renorat;
1139 2328 1177 2333 —

462 2358 489 2387 4.
512 2356 606 2386 Novas
626 2357 742 2395 inssigit3
767 2374 806 2379 —
832 2358 859 2387 5.
878 2354 1178 2387 Obstaiitibusdero-

464 2407 521 2441 μη
546 2418 586 2424 -
615 2402 642 2431 t).
666 2401 744 2431 llauc
767 2401 1007 2431 constitutionem
1032 2400 1176 2439 publicari

463 2447 590 2476 iiiaiidat.
609 2463 647 2468 —
671 2447 696 2475 7.
715 2446 832 2476 Sanctio
860 2445 1001 2485 poenalis
1022 2462 1060 2467 ——
1080 2444 1178 2474 l‘ulili-

462 2491 547 2521 catio.

459 2552 498 2588 (1)
516 2553 543 2579 lii
565 2552 670 2580 eosdem
686 2553 798 2579 Romani
819 2552 959 2579 Pontifices
978 2551 1053 2578 annis
1069 2551 1178 2585 singulis

423 2593 598 2620 anathematis
615 2593 773 2620 sententiani
792 2593 961 2628 promulgant
978 2592 1002 2618 in
1019 2591 1061 2619 die
1072 2595 1095 2619 et
1109 2591 1176 2618 bulla

422 2633 524 2661 Coenae
540 2632 656 2661 Domini.

1011 238 1108 261 RFUA
1115 239 1145 260 R!
1152 238 1196 260 ΓΜ
1225 238 1386 260 ROMANL'M

1251 296 1402 325 Alexander
1422 296 1566 331 episcopus
1585 301 1682 324 servus
1701 300 1842 323 servorum
1858 292 1919 325 Dei,

1344 345 1377 372 ad
1401 345 1564 380 perpetuam
1594 344 1635 372 rei
1657 343 1826 373 memoriam.

1259 417 1291 450 ln
1316 416 1466 450 eminenti
1490 415 1583 450 Sedis
1605 415 1806 462 Apostolicae
1822 414 1965 462 specula,

1209 466 1312 500 divina
1328 465 1514 512 disponente
1527 465 1706 508 clementia,
1722 465 1793 499 licet
1805 464 1966 507 immeriti,

1209 515 1385 558 constituti,
1414 515 1493 549 inter
1520 514 1716 562 multiplices
1739 523 1864 549 nostrae
1883 513 1965 548 soli—

1211 564 1361 599 citudinis
1384 575 1485 602 curas,
1506 563 1624 610 quibus
1638 563 1763 599 assidue
1782 564 1967 610 premimur,

1213 614 1294 647 illam
1313 625 1368 660 pio
1392 621 1498 647 nostro
1523 613 1668 659 pastorali
1691 612 1815 647 officio
1810 626 1839 647 iii
1858 613 1968 659 priniis

1212 663 1374 718 suscipere
1389 662 1556 702 debemus,
1576 673 1630 705 per
1644 674 1737 709 quam
1755 670 1878 696 nostrae
1895 674 1969 708 pro-

1214 712 1342 747 visionis
1369 723 1476 758 opera,
1504 711 1541 745 ad
1571 710 1745 746 Romanam
1769 710 1898 745 Curiam
1921 710 1969 754 (ad

1213 773 1320 809 qnam,
1330 760 1422 795 veluti
1439 760 1576 795 fidelium
1588 768 1720 795 matrem
1734 768 1764 795 et
1778 761 1970 808 magistram,

1213 823 1249 846 ac
1272 811 1410 845 iustitiae
1433 810 1565 853 sontem,
1582 822 1636 856 pro
1660 809 1710 844 illa
1733 809 1970 857 consequenda.

1214 860 1367 895 continue
1389 859 1428 894 de
1451 859 1584 894 diversis
1607 858 1718 894 mundi
1743 858 1886 906 partibus
1899 870 1973 894 coii-

1215 909 1282 944 lluit
1297 908 1477 946 multitudo)
1493 920 1548 956 pro
1563 920 1673 943 eorum
1688 909 1793 943 causis
1805 908 1972 943 tractandis

1215 959 1447 1005 confugientes,
1464 958 1594 1005 illasque
1606 958 1635 992 in
1652 957 1762 992 eadem
1779 969 1973 1004 prosequen-

1217 1017 1273 1047 tes,
1297 1008 1428 1042 snlilatis
1449 1007 1616 1054 quibusvis
1640 1007 1888 1054 impedimentis,
1907 1007 1972 1042 iura

1216 1069 1270 1092 sua
1288 1057 1489 1104 proscqui,et
1501 1056 1550 1091 illa
1569 1056 1802 1104 prosequendo,
1817 1056 1847 1090 in
1863 1056 1972 1091 eadem

1216 1106 1311 1141 Curia
1340 1107 1450 1146 libere,
1479 1114 1544 1141 tute
1578 1114 1608 1140 et
1631 1106 1738 1153 quiete
1767 1105 1974 1152 personaliter

1219 1157 1340 1191 valcant
1365 1166 1562 1203 permanere,
1592 1163 1696 1202 prout,
1714 1167 1921 1202 personarum
1944 1165 1973 1190 et

1219 1215 1394 1252 temporum
1419 1204 1600 1241 conditione
1624 1205 1778 1251 inspecta,
1799 1204 1828 1239 id
1852 1205 1882 1238 iii
1907 1203 1974 1239 Do-

1220 1255 1306 1290 mino
1333 1255 1550 1302 conspicimus
1572 1253 1740 1289 salubriter
1762 1254 1924 1301 expedire.

1267 1305 1287 1352 g
1312 1307 1341 1338 1.
1358 1304 1454 1347 Sanc,
1468 1313 1529 1338 tam
1545 1303 1730 1338 dilectorum
1746 1303 1881 1338 liliorum
1898 1315 1975 1338 cau-

1219 1365 1323 1388 sarum
1353 1353 1462 1388 Palatii
1494 1352 1670 1399 Apostolici
1703 1352 1866 1393 auditoris,
1885 1353 1975 1388 eius-

1219 1415 1281 1450 que
1304 1402 1547 1438 locatenentium
1572 1410 1602 1437 et
1625 1402 1756 1437 aliorum
1781 1401 1841 1436 fide
1863 1402 1976 1448 digno-

1220 1464 1289 1487 rum
1307 1452 1570 1498 relatione,quam
1587 1450 1758 1486 multorum
1774 1463 1887 1486 causas
1903 1463 1975 1486 suas

1221 1502 1250 1535 in
1279 1501 1359 1536 dicta
1376 1501 1473 1536 Curia
1495 1501 1977 1556 prosequentium,gravissimis

1220 1550 1371 1598 quei-elis⁷
1393 1563 1453 1585 nou
1476 1550 1545 1586 sine
1563 1550 1696 1585 maxima
1721 1550 1835 1585 mentis
1850 1558 1977 1585 nostrae

1221 1599 1458 1646 perturbatione
1475 1628 1482 1641 ,
1522 1611 1753 1647 saepenumero
1793 1599 1977 1647 accepimus

1220 1649 1318 1697 quod,
1330 1649 1481 1694 licetnos‚
1499 1648 1549 1683 sel.
1566 1648 1686 1684 record.
1703 1648 1887 1685 Innocentio
1908 1649 1977 1684 Pa-

1222 1710 1258 1746 pa
1280 1698 1363 1738 vlit,
1393 1699 1634 1746 praedecessore
1657 1705 1784 1743 nostro,
1807 1699 1890 1734 sicut
1909 1698 1978 1733 Do-

1221 1748 1306 1783 mino
1330 1748 1458 1796 placuit,
1481 1747 1605 1783 sublato
1628 1747 1667 1782 de
1690 1747 1806 1791 medio,
1829 1748 1867 1783 ad
1886 1760 1977 1782 suin-

1221 1797 1261 1831 mi
1286 1797 1481 1853 apostolatus
1495 1797 1630 1852 apicem
1655 1797 1759 1832 divina
1776 1797 1896 1832 favente
1912 1796 1978 1832 cle-

1221 1847 1347 1887 mentia,
1367 1847 1533 1894 assumpti,
1553 1855 1614 1881 tam
1637 1846 1780 1881 eiusdem
1801 1846 1976 1882 Innocentii

1219 1908 1313 1943 quam
1348 1895 1483 1931 aliorum
1512 1895 1727 1931 Romanorum
1761 1895 1978 1940 Pontificum,

1220 1945 1313 1979 etiam
1334 1945 1614 1992 praedecessorum
1633 1953 1826 1985 nostrorum,
1839 1945 1978 1992 vestigiis

1221 1994 1436 2035 inhaerentes,
1459 1994 1590 2041 singulis
1614 1994 1705 2029 annis
1723 1995 1752 2028 in
1776 1994 1827 2029 die
1851 1993 1978 2030 Coenac

1220 2043 1349 2078 Domini
1387 2056 1441 2090 per
1468 2044 1573 2079 literas
1596 2052 1730 2087 nostras,
1754 2043 1834 2078 inter
1861 2052 1977 2085 cetera,

1220 2105 1329 2128 omnes
1347 2093 1506 2140 illos,qui,
1523 2105 1622 2140 perse
1640 2093 1683 2128 vel
1704 2093 1800 2128 alium
1817 2105 1874 2128 seu
1888 2093 1976 2134 alios,

1219 2155 1436 2190 quascumque
1478 2155 1627 2190 personas
1666 2143 1896 2178 ecclesiasticas
1930 2143 1976 2178 vcl

1219 2192 1394 2227 saeculares
1407 2192 1443 2226 ad
1459 2193 1602 2226 eanideni
1619 2191 1762 2237 Curiam,
1784 2204 1883 2239 super
1901 2205 1977 2227 caii-

1219 2242 1261 2275 sis
1284 2251 1312 2276 et
1329 2242 1463 2288 negotiis
1482 2242 1550 2276 suis
1573 2250 1784 2286 recurrentes,
1808 2242 1923 2289 illaque
1947 2242 1975 2276 in

1220 2291 1329 2325 eadem
1355 2299 1584 2339 prosequentes
1608 2298 1660 2326 aut
1680 2299 1896 2338 procurantes,
1921 2303 1977 2326 nc-

1219 2345 1375 2392 gotiorum
1395 2353 1548 2392 gestoi·eS,
1569 2344 1738 2380 advocatos
1757 2345 1801 2380 vel
1824 2358 1976 2393 procura-

1220 2408 1303 2435 tores
1319 2400 1456 2447 ipsarnm
1471 2400 1626 2434 autetiam
1645 2399 1806 2434 auditores
1821 2412 1877 2435 seu
1895 2400 1974 2434 iudi-

1220 2465 1272 2489 ces
1286 2466 1382 2502 super
1399 2453 1492 2488 dietis
1506 2454 1612 2488 causis
1627 2465 1682 2488 seu
1711 2453 1848 2500 negotiis
1870 2454 1974 2501 depu-

1221 2516 1314 2547 tatos,
1331 2507 1497 2543 occasione
1513 2519 1679 2542 causarum
1703 2507 1749 2541 vel
1774 2508 1972 2554 negotiorum

1221 2561 1403 2597 huiusmodi
1428 2561 1638 2602 verberarent,
1662 2561 1842 2595 mutilarent
1858 2561 1903 2596 vel
1919 2574 1974 2597 oc-

1220 2616 1375 2661 ciderent,
1403 2624 1454 2651 ant
1472 2615 1562 2651 bonis
1583 2615 1765 2664 spoliarent:
1787 2617 1896 2664 etqui,
1920 2628 1976 2664 per

1977 233 2026 259 An.
2046 231 2073 257 Γ..
2094 232 2161 258 1502

2015 422 2131 442 Ειηιιῖιιιιιι,

2005 1310 2061 1330 Licet
2078 1310 2098 1330 in
2119 1309 2176 1330 bulla

1990 1341 2069 1361 sonim
2092 1340 2176 1361 Domini

1990 1372 2125 1392 :inathemate
2141 1371 2176 1392 le-

1991 1404 2070 1424 riantur
2123 1403 2157 1430 qui
2168 1418 2174 1427 ,

1991 1433 2132 1461 quomodolib.
2148 1434 2178 1455 ti-

1991 1465 2178 1491 tigantesinCurin

1991 1496 2090 1521 nomana,
2119 1497 2177 1517 iudi-

1991 1533 2028 1548 ces
2051 1527 2085 1548 vel
2109 1528 2177 1548 adrn-

1991 1564 2014 1579 ca
2010 1562 2051 1579 utos
2065 1558 2177 1579 offendunt

1991 1592 2029 1610 c!
2039 1595 2044 1614 3

2251 228 2281 318 ,a

2268 1808 2278 1819 Δ

2267 1826 2279 1897 ²3

2266 1903 2278 1922 ’.ἶ

2264 2621 2281 2789 -μιιέ-ι-νοζ»
2268 2573 2279 2609 «Α»
2268 2533 2269 2537 ⁴
2273 2486 2281 2514 ,μ
2271 2439 2280 2473 ›.=„.
2272 2420 2277 2426 -
