2281 3251
233 262 283 288 An.
301 262 329 288 C.
348 262 415 288 11ιέἱο

242 1172 337 1193 Pontilex
362 1177 397 1191 on

229 1205 274 1225 dem
288 1208 309 1224 et
321 1204 410 1223 maiores

229 1241 308 1284 poenaas
300 1241 308 1253 s
324 1235 356 1254 hi
373 1240 410 1254 ex-

229 1273 252 1292 pr
244 1272 289 1286 rsen
343 1267 411 1292 impo—

229 1297 259 1316 nit
269 1272 317 1318 illiss,
330 1297 363 1322 qul
375 1302 398 1321 pt
403 1302 410 1315 r

228 1328 352 1348 decennium
380 1328 410 1346 ri-

229 1358 307 1378 eruatis
317 1361 335 1378 et
345 1364 411 1385 qua«-

229 1394 317 1416 cumqne
355 1396 396 1409 nrm
401 1396 412 1409 a

228 1423 268 1440 etr,
296 1420 410 1441 detulerint

228 1454 262 1471 aut
273 1450 349 1471 deterri
361 1457 411 1478 per-

227 1483 323 1503 miserint
334 1484 357 1503 ad
368 1487 413 1503 ter-

225 1519 258 1534 run
266 1513 410 1534 Sotdanosub-

227 1550 302 1566 iectus.

482 252 550 287 106

428 331 463 353 ac
486 331 590 358 naves,
612 320 731 367 quique
768 320 798 354 ιιι
823 320 971 367 pyraticis
1004 332 1178 353 saraceno—

430 380 498 402 rum
523 369 654 404 navibus
681 381 787 403 curam
812 369 1051 415 gubernationis
1081 380 1177 403 exer-

429 426 513 462 cent,
536 418 581 453 vel
606 419 635 453 iu
660 419 814 454 machinis
834 428 863 452 et
887 417 1081 465 quibuslibet
1096 418 1177 461 aliis

428 468 472 502 eis
513 469 700 516 impendunt
735 469 884 503 auxilium
922 467 967 502 vel
1007 446 1177 502 consiliuni

430 518 474 552 vel
492 518 642 557 savorem,
660 519 689 552 in
709 518 950 552 christianorum
971 517 1176 564 dispendium

428 576 458 601 et
481 568 658 615 specialiter
679 567 794 602 Terrae
813 568 958 605 Sanctae,
984 567 1039 601 fuit
1055 579 1178 602 excom-

429 618 654 652 municationis
672 618 827 652 sententia
852 617 1059 663 promulgata.
1079 618 1178 664 ipsos-

427 680 490 715 que
518 680 621 702 rerum
650 680 779 701 suarum
809 667 983 714 privatione
1012 667 1174 706 mulctari.

427 727 457 752 et
496 730 602 751 servos
641 718 834 764 capientium
881 716 945 750 fore
983 726 1177 752 censuerunt

427 768 560 802 concilia
589 767 780 822 supradicta;
808 779 958 813 expresse
989 779 1118 814 qnoque
1147 768 1175 801 in

429 818 503 864 ipsis
527 818 726 864 praecipitur,
752 826 784 851 ut
805 816 919 850 talibus
937 818 1093 862 gremium
1115 830 1175 852 uon

426 867 583 914 aperiatur
606 865 778 910 Ecclesiae,
802 867 860 901 nisi
886 875 998 911 totum,
1025 867 1109 914 quod
1138 867 1177 901 de

426 916 619 950 commercio
650 925 710 950 tam
734 917 882 951 damnato
910 918 1120 964 ptrceperint,
1147 926 1176 952 et

427 966 621 1000 tantumdem
645 966 684 1000 de
709 979 778 1006 suo,
802 967 831 1000 iu
855 965 1031 1001 subsidium
1061 967 1176 1002 Terrae

427 1024 616 1051 memoratae
633 1016 857 1063 praestiterint,
873 1025 905 1050 ιιι
923 1029 1025 1064 aequo
1045 1017 1175 1057 iudicio.

427 1068 455 1100 in
478 1079 542 1113 quo
569 1065 774 1113 deliquerint,
803 1066 984 1114 puniantur.

473 1116 494 1163 S
514 1120 547 1151 2.
575 1115 640 1150 Nos
669 1116 771 1163 itaque
797 1124 942 1162 gerentes
964 1116 1059 1151 eorde
1083 1130 1178 1163 nego-

1004 264 1189 287 acuatur„

401 1182 410 1185 ·
425 1167 471 1201 cia
491 1166 593 1201 dictae
617 1165 742 1205 Terrae,
765 1166 916 1201 duximus
940 1166 1091 1202 hacteuus
1113 1175 1176 1202 sta-

426 1216 593 1256 tuendum,
623 1224 655 1250 ut
687 1216 793 1251 nullus
820 1228 940 1263 equos,
969 1216 1104 1258 serrum,
1131 1217 1176 1251 li—

426 1266 584 1311 gnamina,
618 1265 761 1300 victualia
785 1275 815 1301 et
848 1266 908 1301 alia
935 1278 1062 1313 quoque
1086 1279 1175 1301 mer—

426 1316 574 1359 cimonia,
611 1316 640 1349 ιιι
669 1315 893 1350 Alexandriam
932 1315 977 1350 rel
1012 1317 1069 1351 alia
1107 1316 1173 1352 loca

426 1378 646 1401 saracenorum
678 1375 779 1400 terrae
806 1365 937 1413 sEgypti
965 1366 1086 1401 deferre
1127 1367 1173 1401 vel

427 1417 563 1460 mittere,
585 1428 640 1450 seu
657 1428 673 1450 e
695 1415 835 1463 partibus
854 1428 977 1458 eorum,
1001 1425 1033 1450 ut
1054 1416 1172 1452 eisdem

425 1465 629 1506 deserantur,
657 1466 819 1500 extrahere
861 1466 906 1500 vel
943 1467 1062 1501 extrahi
1100 1479 1173 1514 per-

426 1516 559 1556 mittere,
581 1525 633 1550 aut
656 1515 826 1550 consilium
851 1515 898 1551 vel
921 1515 1056 1551 savorem
1083 1529 1173 1562 prae-

423 1574 504 1601 stare
531 1565 757 1613 quoquomodo
787 1573 977 1612 praesumat.
1008 1567 1055 1601 Ac
1091 1566 1172 1608 illos.

423 1616 476 1663 qui
499 1624 606 1651 contra
630 1615 811 1651 huiusmodi
840 1616 1099 1651 constitutionem
1121 1629 1174 1652 no-

423 1676 518 1701 stram
546 1678 621 1700 ausu
646 1675 812 1701 temerario
839 1678 945 1701 venire
975 1675 1172 1707 tentaverint,

423 1728 460 1751 eo
475 1716 556 1763 ipso,
570 1716 910 1751 excommunicationis
928 1717 1102 1752 sententiae
1117 1717 1173 1751 de-

422 1766 581 1800 cernimus
607 1766 792 1810 subiacere,
828 1778 844 1801 a
872 1778 930 1814 qua
960 1779 1022 1801 non
1051 1767 1172 1814 possint

423 1815 554 1856 absolvi,
588 1816 647 1851 nisi
685 1823 806 1851 tantum
843 1815 882 1850 de
910 1816 1001 1851 bonis
1037 1817 1173 1864 propriis

424 1866 454 1900 in
477 1864 577 1901 dictae
598 1865 715 1901 Terrae
736 1865 872 1901 Sanctae
894 1865 1071 1901 subsidium
1094 1879 1172 1902 con-

425 1915 608 1950 vertendum
631 1916 832 1961 exsolverint,
850 1923 1002 1963 quantum
1018 1915 1054 1951 ad
1069 1925 1173 1963 partes

425 1965 598 2012 praedictas
625 1965 795 2001 extulerint
818 1966 863 2000 vel
887 1966 1039 2007 miserint,
1062 1974 1093 2000 et
1114 1966 1174 2002 de-

425 2015 516 2059 ferri,
548 2016 593 2050 vel
628 2015 667 2050 de
696 2016 836 2063 ipsorum
876 2015 1019 2063 partibus
1052 2016 1171 2051 extrahi

425 2065 638 2112 permiserint,
661 2065 699 2101 ad
732 2065 860 2101 eosdem
883 2065 1100 2101 deserendum.
1133 2066 1173 2101 Et

426 2115 644 2161 nihilominus,
661 2115 686 2150 si
711 2128 862 2164 personas
878 2127 987 2151 eorum
1007 2116 1075 2163 capi
1095 2128 1174 2151 con-

425 2169 539 2215 tigerit,
562 2169 590 2204 in
614 2171 798 2206 servitutem
827 2179 856 2205 et
878 2169 1073 2218 capientium
1104 2170 1175 2206 illo-

426 2235 495 2258 rum
518 2236 589 2259 esse
619 2224 762 2260 volumus
786 2225 816 2260 in
839 2237 973 2272 quorum
1002 2224 1175 2260 ceciderint

426 2278 614 2326 captionem.
646 2278 795 2315 Volentes
817 2288 923 2315 autem
948 2279 977 2313 in
1002 2279 1059 2314 bac
1088 2288 1174 2327 parte

425 2333 572 2368 solertius
600 2334 764 2381 providere
796 2341 914 2382 quanto
936 2333 1073 2381 amplius
1101 2334 1175 2369 exi-

425 2400 500 2434 gere
525 2388 583 2423 hoc
599 2388 739 2423 noscitur
759 2401 873 2436 urgens
896 2388 1067 2424 necessitas
1085 2388 1175 2424 diciae

425 2441 559 2488 Terrae,
586 2443 753 2490 apostolica
781 2444 966 2479 auctoritate
993 2443 1173 2485 statuimus,

427 2506 460 2532 ut
488 2497 593 2532 nullus
615 2497 744 2532 omnino
766 2497 869 2545 aliqua
898 2497 1054 2543 victualia,
1075 2509 1175 2545 usque

425 2551 463 2586 ad
486 2552 688 2592 decennium,
710 2564 725 2586 a
754 2551 824 2587 data
848 2552 1060 2600 praesentium
1086 2564 1174 2587 com—

1217 264 1308 287 ROMA
1314 265 1330 287 N
1336 265 1378 287 [Μ

1219 319 1384 366 quodlibet
1407 320 1621 365 (tictualibus,
1644 321 1726 356 sicut
1749 321 1973 368 praemittitur,

1221 382 1320 416 usque
1355 369 1392 403 ad
1428 370 1622 416 praedictum
1656 379 1782 418 tempus
1809 370 1972 406 dumtaxat

1219 419 1380 467 exceptis),
1390 432 1595 475 quacumqm
1614 421 1780 455 occasione
1801 421 1845 456 iel
1866 433 1972 459 causa

1219 481 1272 502 seu
1301 482 1415 516 quotis
1444 470 1572 516 ingenio
1600 471 1646 504 vel
1675 471 1818 516 quaesito
1853 470 1972 509 colore

1219 518 1284 552 ullo
1319 532 1469 566 uinquam
1505 529 1646 567 tempori
1685 521 1713 554 ιιι
1750 515 1971 555 Alexandriam

1220 570 1264 602 iel
1304 577 1408 615 partes
1434 568 1585 623 Εξῑῃιιι,
1619 582 1673 604 seu
1712 578 1810 604 terras
1832 569 1973 605 Soldano

1219 617 1393 659 subiectas,
1420 619 1543 654 mittere
1567 619 1611 654 vel
1635 618 1757 654 desei-re
1781 628 1972 666 praesumat,

1221 667 1279 711 rel,
1306 677 1459 715 quantum
1490 669 1519 702 in
1547 681 1585 703 eo
1608 668 1714 712 suern,
1743 670 1822 704 mitti
1847 668 1893 704 vel
1917 669 1974 704 de-

1221 718 1290 752 seri-i
1328 718 1506 764 permittat.
1541 719 1725 754 anctoritate
1769 718 1973 754 decernimus

1219 767 1340 807 eadem,
1365 777 1396 802 ut
1419 768 1467 812 hi,
1495 769 1547 816 qui
1571 777 1679 803 contra
1700 768 1883 804 huiusmodi
1907 777 1973 804 sta-

1220 825 1321 851 tutum
1366 826 1508 853 nostrum
1551 818 1692 865 quolibet
1729 819 1823 853 modo
1864 819 1972 853 venire

1220 868 1505 914 praesumpserint,
1534 877 1655 914 praeter
1685 881 1802 916 poenas
1843 867 1972 916 praedi—

1218 926 1294 957 ctas,
1317 931 1396 965 quas
1419 918 1486 965 ipso
1520 918 1600 953 lacto
1629 919 1790 954 incurrere
1813 918 1972 962 volumiiS,

1220 977 1373 1014 perpetuo
1395 968 1457 1003 sint
1482 968 1626 1006 infames„
1648 976 1678 1003 et
1698 968 1892 1004 intestabiles
1913 968 1972 1003 lia-

1219 1017 1364 1058 beantur,
1389 1019 1427 1052 ita
1456 1019 1539 1065 quod
1565 1031 1622 1054 nec
1657 1019 1761 1053 testari
1791 1030 1848 1053 uec
1869 1018 1969 1065 legata

1217 1067 1262 1101 eis
1283 1080 1338 1102 seu
1369 1068 1472 1102 relicta
1502 1069 1664 1115 percipere
1693 1069 1826 1103 valeant.
1851 1068 1891 1102 Et
1915 1069 1971 1103 in-

1217 1129 1314 1164 super
1336 1118 1373 1152 ad
1393 1119 1624 1158 successiones,
1648 1129 1708 1153 tam
1725 1130 1763 1153 ex
1781 1126 1970 1153 testamento

1217 1180 1312 1214 quam
1341 1168 1380 1202 al»
1408 1168 1566 1211 intestato,
1588 1169 1650 1203 sint
1679 1181 1809 1216 prorsus
1831 1176 1862 1203 et
1895 1167 1970 1202 red-

1217 1217 1332 1252 dantur
1354 1217 1522 1258 inhabiles,
1547 1231 1604 1252 nei:
1631 1217 1668 1253 ad
1693 1217 1819 1265 publica
1847 1217 1970 1265 quaeli-

1218 1266 1269 1301 bet
1291 1267 1497 1302 admittantur
1519 1268 1632 1308 officia,
1652 1268 1777 1316 sintque
1801 1267 1862 1302 illis
1881 1275 1969 1302 actus

1218 1316 1347 1363 legitimi
1377 1327 1529 1364 perpetuo
1553 1317 1723 1358 inici-diem
1746 1327 1776 1352 et
1800 1326 1967 1365 postquam

1216 1366 1254 1401 (le
1278 1366 1459 1402 huiusmodi
1489 1369 1663 1403 temeritate.
1688 1367 1877 1410 constiterit,
1901 1367 1969 1402 die-

1216 1415 1276 1450 bus
1311 1416 1430 1452 festivis
1462 1425 1492 1451 ct
1527 1418 1694 1452 dominicis
1729 1417 1854 1465 publice
1885 1429 1968 1451 nun-

1215 1467 1350 1507 cientur,
1379 1476 1408 1502 et
1430 1467 1466 1502 ad
1492 1467 1600 1503 liscum
1626 1467 1705 1503 bona
1731 1468 1835 1502 omnia
1859 1466 1968 1502 devol-

1217 1524 1337 1551 rantur.

1263 1566 1297 1601 Si
1326 1568 1399 1614 quis
1421 1575 1527 1602 autem
1551 1576 1604 1602 etc.

1263 1615 1378 1651 Datum
1418 1617 1500 1664 apud
1537 1616 1656 1652 Urbem
1693 1616 1850 1656 Veterem,
1881 1629 1966 1652 nono

1216 1666 1364 1701 kalendas
1399 1667 1598 1714 septembris,
1631 1666 1833 1715 pontificatus
1867 1667 1964 1702 nostri

1213 1729 1297 1751 auno
1319 1729 1366 1752 lv.

1255 1778 1314 1809 Dat.
1330 1779 1377 1809 die
1394 1779 1432 1809 at
1449 1780 1566 1818 augusti
1590 1780 1672 1816 1451,
1697 1784 1775 1818 pont.
1794 1788 1869 1809 anno
1888 1787 1924 1809 tv.

1570 1957 1607 1992 V.

1218 2040 1376 2084 Bonisacii
1398 2039 1463 2073 PP.
1497 2039 1546 2072 IX
1573 2041 1678 2073 literas
1698 2051 1787 2084 super
1809 2041 1883 2084 sesto
1913 2039 1967 2072 Vi-

1263 2090 1414 2123 sitationis
1446 2090 1654 2123 sanctissimae
1685 2089 1822 2134 Virginis
1844 2089 1967 2123 Mariae

1264 2140 1424 2185 confirma!
1451 2140 1503 2183 (l).

1488 2217 1704 2249 SUMMARIUM

1216 2281 1384 2312 Exordium.
1399 2298 1435 2304 —
1453 2282 1478 2311 1.
1506 2280 1647 2312 Bonisacii
1667 2280 1721 2310 1⁵1³.
1740 2279 1773 2310 tx
1798 2280 1900 2311 literae
1919 2281 1968 2311 in-

1255 2331 1350 2357 sertae
1367 2326 1585 2366 praesentibus.
1604 2342 1643 2348 —
1664 2325 1692 2355 2.
1711 2324 1836 2356 Easdem
1855 2325 1967 2356 conflr-

1257 2376 1324 2401 mat.
1340 2388 1377 2394 —
1399 2371 1428 2402 3.
1454 2371 1564 2402 Solitae
1582 2370 1742 2401 clausulae.

1265 2439 1390 2468 Nicotaus
1416 2439 1559 2476 episcopus
1579 2445 1673 2468 servus
1698 2445 1839 2468 servorum
1853 2437 1917 2472 Det,

1351 2490 1384 2518 ad
1414 2490 1574 2525 perpetuam
1601 2488 1642 2517 ret
1665 2488 1832 2517 memoriam.

1266 2552 1482 2589 Romanorum
1502 2561 1592 2600 gesta
1619 2551 1826 2598 Pontificum,
1851 2551 1969 2600 quibus

427 2605 621 2654 putandum3
648 2606 708 2641 alia
738 2617 809 2642 vero
838 2606 1012 2654 praedicta,
1042 2615 1095 2642 aut
1117 2605 1175 2641 ali·
1218 2603 1378 2650 potissime
1399 2602 1486 2638 salus
1507 2603 1684 2638 animarum
1709 2610 1969 2650 procuratur,re-

426 2661 509 2713 quod
544 2673 600 2697 seu
627 2660 731 2709 aliqua
765 2660 803 2697 de
834 2660 973 2701 eisdem,
1001 2669 1055 2697 aut
1089 2659 1174 2697 aliud
1203 2682 1206 2686 -

1251 2674 1290 2710 (t)
1306 2674 1345 2702 Ex
1362 2675 1468 2710 Regest.
1486 2674 1512 2702 in
1527 2673 1635 2705 Archiv.
1656 2673 1742 2702 Vatic.

1990 267 2040 293 An.
2054 265 2082 292 C.
2103 267 2165 293 tuat

1994 1578 2080 1599 Sanctio
2112 1583 2152 1605 poe
2159 1588 2172 1593 -

1981 1610 2037 1630 natis

2015 2568 2134 2590 Exordium.
