2281 3251
101 296 152 327 An.
172 295 282 327 &15¹5

111 759 205 782 Liuentis
213 760 281 786 dupli-

98 799 115 813 ci
125 793 167 813 ritu
178 792 245 812 celeb.
253 790 281 810 tc-

98 826 131 844 ιιι
152 822 172 843 Β.
194 823 280 848 Agnetis

98 858 119 877 et
128 855 223 875 undecim
234 853 282 874 mil-

99 886 147 907 tium
162 886 271 912 virgiuum.

119 1499 197 1521 causae
220 1506 282 1527 prae-

99 1531 199 1552 dictarum
210 1530 281 1552 decla-

97 1562 208 1584 rationum.

117 2447 225 2474 neronuo
236 2453 285 2470 eon-

99 2479 219 2502 walorum.

974 297 1036 319 LEO
1059 297 1077 318 X
1102 297 1148 319 ΙΨ.

298 354 493 389 confessores
519 353 611 387 vestri
637 352 757 398 possint
780 352 809 386 in
838 351 1046 387 absolutioni-

298 404 356 438 bus
378 411 549 438 vestrarum
573 401 823 446 confessionum,
846 402 890 436 cis
917 402 955 437 de
979 413 1044 448 pec-

296 453 374 488 catis
397 452 507 487 vestris
529 451 678 486 factarum
695 479 703 495 ,
733 464 785 486 vos
818 452 955 498 plenarie
990 451 1046 485 ab-

297 503 428 542 solvere,
443 509 472 536 et
494 502 719 548 poenitentiam
743 501 911 536 salutarem
937 501 1045 534 iniun-

296 564 385 599 gere;
413 560 442 585 et
469 551 592 598 quoties
611 563 730 585 sacram
753 551 875 585 sumitis
901 563 1046 585 commu-

296 603 434 641 nionem,
469 613 504 635 ea
541 600 591 636 die
623 601 792 648 plenariam
817 600 1044 647 indulgentiam

297 650 461 698 consequi.

345 705 360 744 ς
388 703 418 734 7.
443 700 623 739 Praeterea,
642 700 713 747 quia
733 699 916 747 accepimus
943 698 1046 733 abba-

297 752 388 785 tissas
403 758 432 784 et
449 749 599 784 moniales
618 749 786 784 parisiens.
810 757 839 783 et
861 749 1045 783 Albianens.

297 800 557 835 monasteriorum
586 798 619 833 S.
650 799 760 833 Clarae
789 799 981 842 huiusmodi,
1008 797 1045 832 ad

298 851 418 884 beatam
431 849 584 895 Agnetem
603 856 632 883 et
647 848 888 895 gloriosissimas
900 848 1045 882 undecim

296 899 381 934 mille
404 899 544 943 virgines
571 898 762 944 singularem
778 909 887 944 gerere
904 897 1046 931 devotio-

297 949 345 984 nis
366 948 524 988 affectum,
547 949 591 982 eis
607 960 692 982 nunc
707 955 736 982 et
752 960 806 993 pro
822 956 962 993 tempore
980 947 1046 981 exi-

295 997 453 1033 stentibus
481 1005 511 1032 et
537 997 702 1045 quibusvis
731 997 798 1031 aliis
824 996 991 1031 abbatissis
1017 1004 1047 1031 et

296 1047 503 1082 conventibus
532 1047 793 1082 monasteriorum
817 1046 889 1080 dicti
918 1045 1047 1080 Ordinis

297 1097 329 1133 S.
344 1096 454 1133 Clarae
469 1097 551 1131 liunc
567 1097 658 1130 ritum
675 1096 841 1131 observare
859 1095 1047 1138 volentibus,

297 1145 531 1195 quodammodo
559 1146 588 1180 in
618 1154 707 1180 autea
731 1146 840 1179 beatae
863 1145 995 1191 Agnetis
1017 1152 1047 1178 et

299 1196 444 1232 undecim
460 1195 593 1230 millium
610 1195 763 1241 virginum
776 1194 954 1228 huiusmodi
971 1193 1047 1228 festa

299 1245 461 1294 perpetuis
475 1244 588 1278 suturis
602 1244 810 1290 temporibus,
833 1243 892 1278 sub
909 1244 967 1277 ritu
986 1243 1048 1278 du—

299 1296 389 1343 plicis
398 1293 525 1328 maioris
541 1293 698 1328 celebrare
714 1293 811 1328 libere
826 1301 855 1327 et
870 1292 952 1328 licite
969 1305 1048 1339 pos-

297 1345 361 1379 sint
381 1351 412 1377 et
427 1343 548 1377 valcant
574 1343 780 1378 concedimus
803 1343 981 1390 pariterque
997 1343 1047 1376 in-

298 1393 475 1439 dulgemuS.

345 1442 365 1489 S
392 1444 425 1477 8.
453 1441 649 1477 Praemissus
675 1449 778 1477 autem
808 1441 1046 1485 declarationes,

297 1491 521 1531 attestationes,
549 1491 687 1531 decreta,
715 1492 937 1526 concessiones
951 1499 981 1525 et
997 1491 1046 1525 in-

297 1541 383 1576 dulta
411 1540 500 1575 vobis
521 1549 551 1576 et
573 1550 710 1576 vestrum
739 1541 872 1588 singulis
896 1548 1047 1588 perpetuo

298 1591 446 1635 facimus,
475 1599 519 1634 ut,
546 1591 630 1625 omni
659 1600 776 1625 semota
799 1590 1003 1635 ambiguitate
1018 1598 1048 1625 et

300 1640 417 1688 puriori
445 1640 650 1681 conscientia,
674 1639 733 1674 sub
764 1640 849 1674 suavi
872 1639 1048 1686 Religionis

297 1691 382 1736 iugo,
409 1689 459 1724 cui
483 1689 557 1724 cstis
579 1698 730 1736 perpetuo
757 1689 911 1728 addictae,
941 1701 1048 1736 preces

298 1740 333 1775 ad
343 1738 663 1774 Dominumliberiori
679 1738 924 1774 mentefundere
934 1749 963 1773 et
976 1751 1049 1786 per-

297 1797 390 1837 petua
407 1800 482 1836 pace
504 1797 533 1823 et
555 1789 706 1835 spirituali
727 1789 942 1823 consolatione
969 1801 1048 1835 gau—

298 1839 371 1874 dere
383 1838 520 1884 possitis,
532 1846 694 1885 sperantes
712 1851 749 1873 eo
764 1838 957 1885 acceptiores
975 1851 1047 1886 pre-

297 1901 349 1923 ces
371 1895 488 1922 vestras
509 1888 594 1935 apud
617 1888 713 1927 Eum,
743 1888 792 1922 cui
817 1888 978 1935 proprium
1001 1896 1047 1922 est

297 1937 437 1972 misereri
460 1949 585 1982 semper
608 1945 639 1973 et
663 1950 802 1983 parcere,
831 1938 962 1981 futuras,
986 1950 1047 1986 quo

298 1987 382 2022 omni
401 1986 503 2022 soluto
526 1988 737 2022 fluctuationis
756 1987 931 2031 obstaculo,
949 1988 1048 2022 inten-

297 2037 360 2071 tius
373 2036 439 2071 illas
455 2037 641 2084 persolvere,
659 2046 689 2073 et
707 2049 762 2083 pro
780 2037 870 2072 nobis
885 2045 914 2071 et
932 2037 1046 2072 Sancta

297 2086 442 2122 Romana
474 2087 640 2121 universali
679 2086 823 2122 Ecclesia
850 2087 992 2121 sedulius
1019 2096 1047 2121 et

297 2136 468 2171 ferventius
489 2148 576 2171 orare
599 2137 753 2183 poteritis,
773 2145 864 2183 prout
887 2149 952 2176 vos,
969 2150 1046 2184 quas

297 2187 327 2221 iu
351 2185 524 2222 visceribus
545 2186 704 2221 charitatis
732 2186 895 2226 habemus,
921 2194 951 2220 et
967 2196 1049 2221 tam—

296 2247 389 2283 quam
404 2235 577 2283 peculiares
592 2248 626 2270 ac
643 2236 864 2270 dilectissimas
875 2237 905 2269 in
920 2235 1048 2270 Christo

297 2285 376 2321 filias
393 2294 520 2333 paterna
544 2285 758 2320 benevolentia
781 2293 811 2320 et
832 2298 906 2320 cura
921 2286 1048 2333 ample—

297 2335 424 2373 orimur,
453 2335 588 2370 facturas
610 2348 671 2369 non
696 2335 886 2370 dubitamus.

345 2389 408 2429 §9.
422 2385 492 2420 Non
508 2385 707 2420 obstantibus
734 2385 912 2431 praemissis
927 2397 962 2419 ac
977 2397 1049 2419 con-

298 2434 515 2471 stitutionibus
536 2444 566 2470 et
589 2435 842 2470 ordinationibus
858 2434 1048 2482 apostolicis,

298 2497 422 2521 necnon
449 2485 711 2520 monasteriorum
735 2493 764 2519 et
793 2484 925 2520 Ordinis
952 2497 1049 2532 prae-

298 2535 469 2576 dictorum,
497 2543 550 2570 etc.

347 2585 509 2628 Ceterum,
527 2586 599 2632 quia
623 2584 747 2619 difficile
766 2593 847 2619 essct
871 2592 1049 2630 praesentes

300 2633 406 2669 literas
429 2635 457 2668 in
481 2635 617 2681 singulis
640 2635 716 2670 locis
739 2642 767 2669 et
786 2635 981 2670 monasteriis
998 2647 1049 2669 ve-

300 2685 376 2720 stris
401 2694 432 2720 et
453 2685 538 2727 alibi,
561 2693 616 2719 etc.

1713 283 1776 315 651

1136 351 1249 385 Datum
1278 351 1396 385 Romae
1424 349 1507 397 apud
1538 350 1570 385 S.
1600 348 1748 392 Petrum,
1775 348 1833 382 sub

1086 401 1202 435 annulo
1219 400 1396 440 piscatoris,
1412 399 1517 435 dieite
1534 399 1604 433 maii
1623 400 1730 442 4515,
1746 407 1830 445 pont.

1088 458 1184 485 nostri
1212 463 1295 485 auno
1323 458 1425 485 tertio.

1135 513 1185 543 Dat
1213 513 1259 543 die
1274 513 1311 543 29
1335 512 1402 542 maii
1424 512 1508 549 1515,
1531 511 1632 551 pontif.
1651 520 1726 542 anno
1746 519 1785 541 ιιι.

1423 690 1489 724 XV.

1088 774 1255 818 Ampliatio
1276 773 1466 806 indultorum
1495 779 1520 805 et
1540 772 1716 816 gratiarum
1738 771 1834 805 colle-

1135 824 1181 867 φῖ
1201 823 1447 856 abbreviatarum
1472 822 1629 855 literarum
1651 822 1835 866 apostolica-

1137 884 1205 906 rum
1227 874 1283 914 (l).

1354 949 1567 979 SUMttAtttUit

1086 1017 1253 1048 Exordium.
1276 1034 1314 1039 -
1333 1017 1358 1046 1.
1377 1016 1554 1056 Approbatio
1574 1017 1705 1046 omnium
1729 1017 1837 1054 gratia·

1127 1071 1202 1099 rum,
1218 1063 1330 1091 etiamn
1350 1060 1627 1100 praedecessoribus
1645 1060 1836 1091 Pontificibus

1126 1107 1250 1143 collegio
1270 1106 1505 1135 abbreviatorum
1525 1115 1745 1136 concessarum.
1759 1106 1837 1136 —2

1127 1151 1297 1180 Annullatio
1324 1151 1454 1180 omnium
1484 1150 1635 1179 literarum
1658 1150 1836 1189 apostolica-

1126 1204 1190 1225 rum
1211 1204 1262 1234 per
1281 1194 1499 1224 abbreviatores
1515 1195 1668 1233 deputatos
1689 1204 1745 1224 non
1770 1195 1839 1225 sub-

1127 1240 1316 1277 scriptarum.
1343 1256 1382 1261 -
1410 1239 1437 1268 3.
1456 1238 1619 1268 Poenarum
1643 1239 1765 1269 inflictio
1789 1250 1838 1269 eas

1127 1283 1357 1313 sollicitantibus
1377 1283 1479 1322 eisque
1501 1282 1660 1312 utentibus.
1679 1300 1717 1305 —
1731 1284 1759 1314 4.
1783 1284 1838 1314 Ab·

1126 1327 1306 1358 breviatores
1332 1337 1433 1357 omnes
1452 1327 1568 1356 nobiles
1587 1328 1767 1367 comitesque
1788 1339 1839 1368 pa-

1127 1374 1209 1404 latini
1241 1374 1331 1409 fiunt,
1360 1377 1388 1402 et
1422 1372 1510 1402 etiam
1542 1371 1627 1401 Sedis
1654 1373 1838 1411 Apostolicae

1127 1418 1243 1454 notarii,
1262 1418 1286 1447 si
1300 1416 1401 1447 clerici
1420 1417 1488 1453 sint,
1506 1433 1545 1438 —
1563 1417 1589 1445 5.
1607 1416 1839 1457 Familiaresque

1127 1467 1155 1491 et
1177 1462 1308 1491 continui
1331 1461 1546 1491 commensales
1565 1465 1732 1498 censentur3
1753 1478 1792 1484 ——-
1809 1463 1837 1492 6.

1126 1507 1293 1545 Eorumque
1315 1506 1439 1536 indultis
1469 1506 1619 1544 potiuntur
1647 1509 1675 1534 et
1703 1506 1839 1543 gaudent,

1126 1568 1164 1573 —
1193 1552 1218 1580 7.
1241 1550 1378 1586 Quinimo
1409 1549 1595 1589 praeferendi
1619 1554 1698 1586 sunt,
1727 1554 1758 1579 ut
1780 1551 1838 1587 t1ic;

1126 1613 1165 1618 --
1183 1595 1210 1625 8.
1230 1594 1478 1634 Expectativarum
1500 1593 1602 1631 gratiis
1621 1593 1775 1631 donantur3
1801 1611 1839 1617 -—

1126 1642 1154 1671 9.
1169 1640 1317 1679 Exemptio
1333 1649 1347 1668 a
1364 1647 1619 1678 quorumcumque
1635 1638 1838 1669 iurisdictione

1127 1691 1154 1716 et
1173 1685 1379 1724 superioritate
1391 1684 1434 1713 eis
1447 1683 1629 1721 conceditur;
1640 1700 1678 1705 —
1692 1684 1737 1714 10.
1750 1683 1838 1714 Docto

1127 1740 1173 1760 res
1196 1730 1385 1767 notariosque
1408 1728 1538 1762 creandi,
1567 1733 1593 1758 et
1615 1727 1768 1758 bastardus
1791 1729 1837 1758 le-

1128 1774 1281 1813 gitimandi
1305 1772 1464 1802 auctoritas
1488 1773 1582 1802 datur.
1604 1788 1643 1794 —
1661 1772 1708 1802 11.
1736 1772 1837 1802 Fami-

1127 1819 1208 1848 liaris
1227 1817 1462 1847 abbreviatorum
1493 1825 1572 1846 arma
1597 1821 1711 1855 gestare
1734 1821 1839 1857 potest;

1126 1880 1165 1886 —
1190 1863 1232 1892 1⁶2.
1251 1862 1375 1891 Induitis
1399 1862 1576 1900 scriptorum
1599 1862 1841 1900 apostolicorum,

1128 1909 1213 1938 etiarn
1240 1907 1336 1946 quoad
1359 1906 1559 1945 expeditiones
1583 1906 1734 1935 literarum
1764 1916 1838 1945 apo-

1127 1952 1310 1987 stolicarum,
1333 1956 1361 1980 et
1382 1950 1592 1980 beneficiorum
1613 1951 1839 1988 assecutionem,

1127 1997 1264 2035 gaudent.
1287 2013 1325 2018 -—
1352 1996 1394 2025 13.
1417 1995 1573 2025 Clausulae
1597 1997 1839 2034 praeservativae.

1126 2043 1218 2071 -14.
1230 2041 1367 2071 Clausula
1385 2040 1498 2070 sublata
1513 2045 1562 2070 etc.
1581 2041 1676 2070 -t5.
1692 2040 1837 2071 Executo-

1128 2096 1191 2116 rum
1211 2086 1360 2124 deputatio
1383 2090 1411 2114 et
1433 2086 1600 2115 auctoritas.
1618 2102 1658 2107 —
1676 2085 1722 2115 16.
1741 2085 1836 2115 Tran-

1127 2136 1311 2169 sumptorum
1331 2130 1412 2160 sides.
1440 2146 1479 2151 —
1498 2129 1543 2158 17.
1565 2128 1722 2159 Clausulae
1748 2130 1836 2160 dero-

1127 2177 1265 2214 gatoriae.
1296 2192 1334 2196 —
1362 2175 1407 2204 18.
1430 2174 1593 2204 Declaratio
1622 2175 1836 2213 praedictarum

1128 2221 1296 2259 gratiarum.
1315 2236 1353 2242 —
1375 2220 1421 2250 219.
1444 2220 1525 2249 Aliae
1548 2220 1667 2257 gratiae.

1159 2289 1208 2317 Leo
1238 2287 1379 2325 episcopus
1410 2294 1504 2317 servus
1540 2295 1679 2317 servorum
1707 2288 1764 2321 Dei.

1236 2340 1269 2367 ad
1284 2339 1444 2374 perpetuam
1463 2338 1503 2366 rei
1521 2338 1689 2367 memoriam.

1137 2404 1264 2439 Summi
1277 2403 1432 2438 bonorum
1447 2402 1587 2437 omnium
1604 2402 1838 2449 largitorisDei,

1088 2454 1143 2502 qui
1166 2454 1306 2488 laborum
1325 2453 1504 2500 participes,
1518 2453 1728 2499 praemiorum
1745 2453 1836 2487 etiam

1089 2505 1213 2539 CenSUll
1230 2515 1299 2538 esse
1316 2511 1489 2543 CODSOI'leS,
1512 2502 1608 2538 Vffl'bO
1622 2511 1715 2550 alque
1729 2514 1838 2537 exem-

1124 2575 1162 2609 (t)
1184 2574 1382 2601 Innovationem
1403 2574 1482 2601 huius
1498 2574 1667 2609 collegiicum
1680 2573 1835 2609 privilegiis,

1089 2616 1113 2641 in
1132 2615 1198 2642 Sixti
1222 2615 1253 2641 tv
1273 2615 1379 2641 constit.
1402 2623 1470 2647 xvii,
1488 2623 1545 2650 pag.
1559 2616 1606 2642 252
1621 2614 1837 2647 huiustomi;0f-

1090 2655 1145 2681 ficia
1165 2659 1251 2680 autom
1269 2659 1295 2680 et
1311 2655 1451 2689 qualitates
1469 2655 1528 2682 side
1545 2655 1569 2681 in
1590 2654 1694 2681 Martini
1711 2654 1732 2681 V
1749 2660 1836 2683 const.

1090 2703 1130 2729 tv,
1157 2704 1215 2731 pag.
1237 2696 1287 2722 679
1306 2695 1368 2722 tomi
1395 2703 1432 2723 ιν.

1847 292 1896 318 An.
1912 292 1940 318 C.
1961 291 2028 318 nit-'5

1884 2417 2000 2439 Exordium.
