2281 3251
93 297 142 323 An.
161 296 188 321 C.
210 296 274 323 11057

906 291 1076 314 tlAtJASTL'S
1101 290 1135 313 ΙΙΙ
1161 290 1207 313 l’l'.

292 351 405 399 tyrium
445 359 475 385 ct
507 348 700 383 tolerantiam
739 347 941 394 passionum,
979 347 1037 381 boc

292 400 451 448 proposito
475 398 626 445 praemio,
649 396 732 445 quod
758 396 937 431 reformabit
965 408 1037 430 ror-

291 462 349 496 pus
371 448 556 484 humilitatis
593 456 728 489 nostrae,
764 455 793 480 ct
827 446 1035 491 configurabit

291 499 366 534 illud
390 498 511 545 corpori
534 497 683 532 claritatis
706 508 791 530 suae.
820 496 848 530 Ο
869 495 1037 541 singularis

289 557 318 583 et
345 548 503 583 excellens
535 546 705 582 Salvatoris
741 547 836 580 nostri
871 545 1035 580 doctrina!

289 597 318 633 O
340 597 498 632 ineffabile
520 604 752 631 sacramentum
768 624 775 634 ,
800 596 828 629 iu
850 607 914 642 quo
943 603 1037 636 tanta,

289 657 318 683 et
343 660 422 695 pene
446 645 687 681 innumerabilia
711 646 942 692 praecipuaque
966 653 1038 679 suut

289 697 437 732 conclusa
462 695 625 739 miracula,
643 708 697 742 pro
720 695 819 729 salute
844 703 961 737 nostra,
976 694 1037 728 alto

289 746 421 781 consilio
449 746 601 786 instituta;
620 758 712 792 quae,
727 745 751 778 si
775 745 908 792 quisque
927 744 1037 784 tidelis,

289 796 556 844 quemadmodum
584 795 732 834 deberet,
767 794 958 838 attenderet,
983 806 1038 840 pro

288 855 433 881 aeternae
456 845 574 892 gloriae
589 845 797 882 assecutione,
821 843 942 889 gaudiis
966 856 1039 890 pro-

289 896 367 931 l'usis
388 896 542 930 exultaret
565 894 672 934 simul,
696 903 725 928 ct
751 894 895 928 lacrimas
918 893 946 926 in
971 906 1039 928 me-

288 945 375 980 dium
409 944 539 979 sundere
570 952 745 991 cogeretur.
778 943 927 990 Magnum
955 942 1037 977 enim

287 1004 353 1030 erat
387 1007 423 1029 ac
451 993 642 1041 stupendum
677 993 817 1041 profecto
853 991 1036 1027 miraculum

290 1045 398 1080 faciem
423 1043 592 1079 humanam
628 1043 665 1077 ad
703 1043 800 1078 instar
826 1042 903 1077 solis
931 1042 1038 1089 splen-

289 1093 375 1138 dere,
403 1095 615 1141 vestitumque
638 1094 707 1128 eius
730 1092 900 1127 candidum
925 1100 953 1126 et
978 1091 1038 1126 fut-

289 1152 413 1189 gentem
430 1143 534 1178 subito
548 1144 611 1178 lieri
625 1150 705 1177 tauta
722 1142 1037 1188 albedine,quautam

290 1193 365 1228 fullo
391 1206 487 1241 super
511 1202 637 1232 terram,
661 1201 740 1226 teste
763 1192 967 1238 evangelista,
991 1191 1038 1226 fa-

291 1255 362 1278 cere
385 1243 589 1290 nequivisset,
612 1242 831 1288 fulgoremque
854 1243 955 1288 ipsum
982 1254 1038 1288 pro

288 1305 363 1327 suae
380 1292 549 1327 voluntatis
571 1291 660 1326 libito
679 1292 884 1338 disparuisse,
905 1300 934 1326 ιιι
956 1300 1038 1325 recte

288 1342 517 1389 significaretur
549 1354 618 1376 eam
656 1341 827 1376 claritatem
863 1341 901 1374 ab
935 1341 1036 1375 anima

290 1392 401 1439 lpsius,
430 1404 510 1439 quae
537 1391 710 1426 secuudum
744 1390 940 1438 superiorem
966 1403 1039 1437 por-

289 1444 406 1476 tionem
429 1442 566 1488 gloriosa
590 1450 667 1482 crat,
685 1450 713 1475 et
737 1440 876 1474 Verbum
902 1440 978 1474 facie
1000 1440 1037 1474 ad

290 1492 398 1526 faciem
429 1491 555 1526 videbat
578 1491 607 1524 in
635 1503 753 1537 corpus
777 1491 878 1536 ipsum
905 1503 959 1537 per
974 1502 1038 1523 sure

289 1541 459 1576 voluntatis
483 1541 651 1588 imperium
682 1540 836 1586 profluere
865 1549 892 1573 et
922 1540 1038 1574 redun-

289 1592 373 1625 dare.
395 1591 427 1625 ln
444 1591 560 1638 Moysis
590 1602 661 1624 vero
683 1598 713 1624 et
743 1590 829 1624 Eliac
853 1590 1038 1636 praesentia,

289 1653 423 1688 quorum
447 1640 524 1675 alter
553 1640 610 1674 vita
645 1640 815 1680 exciderat,
840 1640 948 1686 pulcre
972 1652 1039 1673 ma—

291 1690 467 1738 nifesteque
489 1690 666 1724 ostenditur
686 1689 774 1724 lllum
795 1689 903 1724 mortis
919 1698 946 1723 et
973 1689 1039 1724 viiae

291 1748 476 1788 potestatem
500 1740 616 1775 babere
634 1768 641 1779 ,
669 1748 697 1774 et
723 1740 860 1773 virorum
900 1739 1036 1773 iudicem

289 1803 325 1825 ac
349 1790 463 1837 pariter
499 1798 694 1824 mortuorum
723 1801 793 1824 esse
823 1789 933 1823 merito
960 1801 1038 1824 con-

289 1841 448 1883 stitutum,
469 1840 521 1887 qui
544 1848 703 1875 aeternam
721 1847 884 1886 propterea
902 1839 930 1872 in
949 1839 1039 1874 terris

291 1890 516 1924 beatitudiuem
545 1888 781 1936 quodammodo
805 1888 991 1933 designavit,
1011 1897 1039 1923 et

289 1940 390 1986 qualis
411 1940 612 1987 appariturus
634 1941 673 1973 sit
691 1940 720 1973 in
738 1939 878 1972 secundo
903 1938 1038 1973 adventu

289 1991 333 2022 eis
352 1990 498 2024 ostendit.
522 1989 607 2024 Haec
626 1988 752 2036 quidem
776 1989 893 2028 omina,
914 1997 941 2022 et
968 2002 1039 2036 pro-

291 2039 454 2085 ..betarum
484 2052 517 2073 ac
540 2038 754 2086 apostolorum
784 2037 878 2078 dieta,
903 2050 958 2072 vox
989 2050 1038 2085 pa-

291 2098 375 2123 terna
396 2089 581 2123 miraculose
601 2088 728 2123 l'ormata
746 2088 922 2131 coufirmat,
941 2087 1039 2123 nubes

290 2143 390 2178 lucida
407 2143 585 2183 obumbrat,
602 2143 761 2190 totiusque
776 2142 939 2177 Trinitatis
955 2143 1038 2177 testi-

289 2198 430 2233 monium
462 2199 491 2233 in
521 2197 605 2232 bunc
630 2197 713 2231 diem
741 2197 920 2235 concurrit,
949 2196 1040 2231 Pater

290 2253 449 2297 intonans,
470 2251 570 2286 Filius
593 2250 775 2298 splendens,
799 2249 935 2297 Spiritus
957 2250 1038 2285 San-

288 2316 358 2341 ctus
375 2307 404 2341 in
430 2306 512 2341 nube
529 2314 696 2354 protegens
718 2312 746 2337 et
769 2304 940 2345 illustrans;
960 2317 1037 2339 cou-

290 2362 431 2396 lirmatur
469 2361 605 2408 denique
639 2369 861 2394 testamcutum
904 2372 1038 2403 novum,

290 2417 336 2449 lex
362 2415 538 2462 evangelica
569 2414 752 2462 Christique.
779 2414 937 2451 doctriua.
965 2426 1036 2448 cum

291 2477 416 2516 paterna
435 2482 492 2503 vox
506 2468 661 2504 subdidit:
687 2470 789 2514 Ipsum
809 2471 922 2503 audite.
951 2468 1036 2503 Felix

290 2524 406 2569 igitur,
430 2536 464 2557 ac
488 2524 567 2558 inter
599 2522 746 2557 mortales
776 2523 884 2557 beatus
909 2522 1037 2557 iudicari

290 2578 402 2624 potuit,
431 2579 482 2612 cui
510 2587 612 2612 tantae
636 2578 679 2612 rei
714 2579 857 2625 mysteria
886 2578 945 2612 sub
977 2577 1038 2612 bu-

290 2644 382 2666 mano
404 2644 536 2679 corpore
564 2644 689 2680 capere,
713 2632 824 2666 intueri
849 2640 877 2665 et
901 2640 1036 2666 contem-

291 2686 366 2734 plari
386 2687 485 2725 licuit,
509 2699 589 2734 quac
612 2687 763 2734 angelicis
786 2686 947 2733 beatisque
971 2687 1037 2734 spi—

1716 277 1778 309 155

1080 346 1192 380 ritibus
1231 356 1344 390 magno
1392 342 1554 390 privilegio
1598 341 1827 377 conceduntur.

1079 395 1157 437 Quis
1177 395 1271 441 igitur
1297 401 1454 428 tantarum
1483 404 1586 427 rerum
1612 391 1828 438 magnitudine

1081 458 1136 492 pro
1163 444 1286 491 generis
1314 442 1441 477 bumaui
1477 441 1596 485 salute,
1631 440 1669 475 ab
1692 441 1828 475 Auctore

1081 503 1187 529 nostro
1210 494 1324 528 mirum
1350 493 1379 527 in
1409 491 1536 526 modum
1560 491 1655 537 gestis
1678 503 1739 524 uon
1761 498 1830 525 stu—

1082 553 1151 591 peat
1175 545 1202 578 in
1231 543 1403 578 hodiernae
1427 541 1601 576 festivitatis
1630 540 1828 575 institutione

1080 594 1222 629 salubri?
1243 593 1345 635 Quis,
1373 592 1402 626 iu
1432 591 1489 626 bac
1522 590 1731 625 sacratissima
1754 589 1805 624 die
1821 617 1830 634 ,

1082 645 1111 678 iu
1132 656 1192 691 qua
1210 651 1251 677 tot
1276 651 1306 678 et
1330 650 1411 677 tanta
1432 649 1503 676 sunt
1526 640 1646 686 signata
1671 640 1830 687 mysteria.

1082 695 1110 728 in
1128 706 1188 740 qua
1205 692 1353 727 Clu-istus
1365 690 1536 726 divinitatis
1553 702 1628 725 suae
1646 690 1830 737 potentiam,

1082 743 1306 790 prophetarum
1331 740 1546 776 testimonium
1564 747 1659 787 atque
1681 751 1831 787 praescn-

1081 793 1167 834 tiam,
1186 805 1282 839 seque
1306 791 1383 825 vitae
1403 798 1433 825 et
1449 789 1559 825 mortis
1574 796 1757 837 potestatem
1774 788 1833 824 lia-

1081 843 1171 882 bere,
1195 855 1230 877 ac
1254 842 1393 875 virorum
1417 849 1447 875 et
1475 848 1670 874 mortuorum
1695 838 1830 873 iudicem

1081 893 1288 927 constitutum
1310 903 1379 925 csse
1393 890 1542 933 ostendit,
1565 889 1594 923 in
1617 901 1677 936 qua
1691 888 1833 923 caelestis

1080 940 1317 989 quodammodo
1342 940 1503 975 beatitudo
1532 947 1562 973 et
1594 938 1773 973 humanitas
1801 939 1831 973 in

1082 992 1179 1026 forma
1202 991 1338 1037 gloriosa
1371 990 1502 1025 terrenis
1532 988 1714 1024 bominibus
1735 987 1833 1022 exbi—

1082 1041 1184 1080 betur,
1209 1042 1238 1075 iu
1254 1053 1314 1087 qua
1331 1040 1554 1087 prophetarum
1575 1047 1604 1073 et
1617 1037 1830 1086 apostolorum

1080 1091 1160 1126 dicta
1191 1099 1318 1138 paterna
1354 1101 1429 1124 roce
1457 1089 1642 1131 firmantur,
1676 1096 1706 1122 ct
1738 1087 1833 1122 totius

1080 1140 1240 1175 Trinitatis
1263 1148 1357 1187 atque
1381 1139 1544 1174 bominum
1571 1138 1641 1172 novi
1667 1146 1694 1172 et
1721 1138 1833 1172 veteris

1080 1190 1274 1225 Testamenti
1299 1189 1517 1225 testimonium
1548 1187 1755 1235 perbihetur,
1784 1187 1832 1221 lex

1081 1239 1258 1287 evangelica
1288 1239 1466 1276 roboratur.
1492 1239 1521 1273 iu
1551 1237 1693 1272 eiusdem
1721 1235 1833 1271 Salva-

1081 1290 1157 1324 toris
1181 1290 1300 1325 bonore
1316 1289 1435 1328 laetari,
1458 1297 1486 1322 et
1511 1287 1635 1336 bymuis
1656 1295 1684 1321 et
1701 1287 1833 1321 canticis

1080 1339 1331 1386 Redemptorem
1354 1340 1457 1386 ipsum
1482 1337 1622 1381 laudare,
1646 1336 1832 1372 benedicere

1081 1398 1110 1423 et
1135 1389 1336 1436 magnificare
1360 1401 1420 1423 non
1451 1387 1581 1427 debeat,
1604 1399 1695 1427 cum,
1719 1398 1774 1433 per
1796 1398 1831 1420 ea

1082 1452 1161 1486 quae
1185 1440 1338 1474 recensita
1363 1447 1434 1472 sunt
1456 1447 1484 1472 et
1512 1437 1569 1472 alia
1593 1436 1764 1471 hodiernae
1787 1437 1832 1470 se-

1081 1490 1223 1523 stivitatis
1243 1489 1362 1524 inclusa
1381 1488 1537 1535 mysteria,
1562 1487 1653 1534 plane
1676 1486 1832 1532 intelliga-

1082 1551 1153 1573 mus
1175 1538 1436 1585 glorificationem
1472 1537 1613 1585 corporis
1645 1535 1764 1583 mystici
1801 1536 1830 1570 iu

1083 1589 1312 1623 resurrectione
1341 1587 1529 1628 novissima,
1551 1585 1678 1634 quando
1702 1586 1832 1620 mortale

1083 1638 1360 1677 immortalitatem,
1383 1646 1412 1673 et
1435 1636 1640 1684 corruptibile
1665 1636 1832 1683 incorrup-

1084 1688 1199 1723 tionem
1229 1689 1378 1726 induerit,
1402 1697 1432 1722 et
1462 1687 1545 1734 quod
1569 1687 1759 1721 seminatum
1787 1694 1832 1720 est

1083 1738 1112 1772 in
1138 1738 1346 1785 ignobilitate,
1369 1745 1510 1784 resurget
1526 1737 1554 1771 in
1572 1735 1726 1782 gloriam?
1743 1735 1833 1770 Tunc

1083 1788 1167 1822 euim
1183 1787 1276 1823 facies
1292 1788 1395 1823 lucida
1411 1800 1480 1822 vere
1496 1785 1671 1834 apparebit,
1687 1785 1834 1820 Cbristus

1082 1838 1165 1872 cuim
1180 1846 1333 1885 estcaput
1348 1846 1489 1872 nostrum
1511 1844 1540 1871 et
1561 1835 1744 1871 vestimenta
1765 1835 1832 1869 alba

1082 1900 1162 1934 quae
1185 1888 1309 1934 signant
1331 1900 1446 1934 corpus
1465 1887 1533 1922 eius
1553 1885 1734 1933 mysticum,
1749 1884 1832 1932 quod

1082 1946 1126 1971 est
1157 1937 1341 1973 universalis
1367 1936 1526 1973 Ecclesia:
1560 1934 1724 1981 fulgebunt
1748 1935 1831 1968 euim

1083 1988 1153 2021 iusti
1177 1988 1255 2022 sicut
1279 1988 1324 2022 sol
1349 1988 1378 2022 in
1398 1994 1567 2033 conspectu
1589 1985 1665 2020 Dei:
1688 1994 1760 2019 tunc
1777 1985 1832 2018 ‹le-

1083 2037 1176 2083 nique
1192 2037 1308 2084 patebit
1321 2035 1619 2082 Transfigitrationis
1635 2034 1832 2082 mysterium,

1082 2098 1152 2121 cum
1183 2087 1282 2134 ipsius
1309 2085 1531 2134 Redemptoris
1555 2085 1649 2120 nostri
1675 2084 1833 2119 imitantes

1083 2141 1223 2188 vestigia,
1253 2142 1281 2176 in
1305 2150 1430 2177 aeterna
1446 2139 1641 2175 beatitudine
1657 2139 1755 2187 ipsius
1769 2139 1833 2186 glo-

1083 2195 1124 2230 ria
1149 2196 1355 2243 perfruemur.

1131 2256 1145 2293 3·
1173 2255 1200 2285 1.
1225 2249 1273 2284 Ad
1288 2249 1536 2285 confirmandam
1561 2249 1656 2295 igitur
1679 2248 1750 2283 fidei
1776 2261 1833 2283 no-

1081 2315 1164 2339 strae
1186 2318 1221 2339 ac
1246 2305 1336 2352 legis,
1364 2313 1392 2339 et
1417 2303 1640 2351 prophetarum
1665 2302 1834 2337 confessio-

1083 2371 1152 2393 uem
1169 2387 1176 2399 ,
1202 2372 1323 2394 necnon
1356 2358 1487 2405 plurima
1516 2366 1546 2393 et
1569 2357 1703 2393 maxima
1728 2356 1831 2392 divina

1082 2414 1226 2460 mysteria
1249 2412 1469 2460 stupendaque
1493 2411 1642 2447 miracula
1666 2411 1760 2446 buius
1782 2423 1832 2446 sa-

1081 2467 1583 2514 cratissimaeTransfigurationis
1594 2465 1831 2500 celeberrimam

1082 2522 1160 2556 banc
1189 2522 1272 2557 diem
1297 2535 1359 2556 nou
1385 2522 1541 2555 immerito
1563 2520 1667 2555 divina
1690 2520 1831 2567 inspira-

1082 2577 1165 2611 tione
1196 2577 1398 2621 inducimur,
1434 2588 1566 2623 eamque
1597 2574 1751 2609 celebrem
1775 2574 1830 2609 de-

1082 2632 1231 2666 nunciare
1255 2630 1402 2665 fidelibus
1425 2630 1605 2674 invitamur,
1629 2637 1660 2664 ut
1682 2629 1735 2676 qui
1752 2627 1830 2662 Visi-

1081 2686 1217 2720 tationis.
1233 2695 1257 2719 et
1281 2683 1428 2727 Nix-{³3:10
1444 2682 1672 2719 Purilicatiouis
1691 2681 1830 2730 Virginis

1851 287 1895 312 ln.
1915 286 1942 311 Γ..
1958 285 2022 311 tam

1857 2258 1915 2279 Ratio
1927 2259 1986 2279 butus
1996 2259 2029 2279 {e-

1848 2291 1946 2311 scavinus
