2281 3251
212 253 260 280 An.
278 252 307 280 e.
327 253 394 280 itas
420 256 425 261 ·
459 239 531 273 3¹8

221 1843 341 1866 novorum.
350 1847 399 1869 quo-

215 1875 239 1895 ad
249 1874 399 1895 benettcianon

217 1906 280 1929 etet..
297 1911 344 1926 cum
366 1906 401 1925 de-

215 1936 367 1957 ctanttontbus
379 1939 401 1956 et

217 1968 307 1988 modissc.
319 1967 353 1987 hic
367 1971 399 1988 ex-

217 1999 304 2024 prusis.

409 305 457 340 vis
484 304 713 340 reservationes
741 312 771 338 et
798 302 1024 338 concessiones
1051 302 1163 336 huius—

410 354 516 395 modi,
548 366 604 401 pro
640 353 722 388 nulla
757 364 813 388 seu
843 353 900 387 levi
929 363 1038 396 causa,
1067 351 1164 386 sactae

411 404 549 447 fuerunt)
576 403 634 437 alia
668 402 831 441 beneficia,
859 400 1025 448 hospitalia
1058 408 1087 434 et
1117 400 1163 446 pia

412 454 479 488 loca
503 451 659 500 praedicta
689 464 744 487 seu
769 451 858 486 solita
883 450 1041 497 gaudeant
1069 449 1163 483 liber-

412 511 484 542 tate,
507 501 625 545 debite,
638 510 728 548 prout
749 509 858 535 nostro
878 499 1032 534 incumbit
1051 498 1163 535 officio,

413 551 598 598 providere,
626 550 852 585 deliberatione
880 561 976 596 super
1009 548 1058 583 his
1092 560 1162 582 cum

412 600 559 635 fratribus
586 600 703 635 nostris
728 599 763 635 S.
799 599 838 634 R.
874 598 912 633 E.
950 598 1165 633 cardinalibus

413 649 593 697 praehabita
627 649 793 695 diligenti,
829 648 921 682 etiam
949 647 1108 694 expressis
1135 656 1163 682 et

412 699 507 734 certis
532 699 601 734 aliis
636 698 726 733 nobis
761 699 866 737 notis,
903 697 1050 744 legitimis
1078 705 1107 731 et
1135 697 1163 730 id

411 748 620 783 suadentibus
652 748 781 787 causis,
815 759 927 782 omnes
963 755 991 781 et
1025 746 1165 792 singulas

411 798 646 837 concessiones,
670 797 895 832 reservationes
931 805 961 830 et
984 796 1166 842 assignatio-

412 859 467 882 nes
494 847 768 893 iurispatronatus,
796 854 827 881 et
861 846 1079 892 praesentandi
1109 858 1163 880 seu

412 896 595 931 nominandi
625 908 774 942 personas
810 895 993 929 huiusmodi
1021 894 1059 930 ad
1089 908 1166 929 mo-

412 946 558 986 nasteria,
580 946 747 992 prioratus,
764 944 1012 992 praeposituras,
1036 956 1164 991 praepo-

412 996 533 1039 sitatus,
555 995 735 1041 dignitates,
752 1003 950 1041 personatus,
969 994 1166 1028 administra-

412 1045 531 1089 tiones,
559 1044 682 1088 officia,
709 1045 934 1086 canonicatus,
972 1042 1166 1089 praebendas

411 1094 535 1141 aliaque
558 1094 709 1129 beneficia
732 1106 768 1128 ac
788 1092 952 1140 hospitalia
972 1101 1001 1127 et
1026 1092 1074 1140 pia
1098 1092 1164 1127 loca

411 1144 602 1190 supradicta,
626 1155 681 1190 per
697 1143 813 1178 Sedem
836 1155 872 1177 ac
895 1143 1013 1188 legatos
1034 1151 1063 1176 et
1082 1155 1166 1176 nuu—

412 1194 479 1228 cios
507 1192 700 1240 praedictos,
730 1204 746 1227 a
769 1193 862 1227 dictis
876 1191 1050 1227 xxvannis
1076 1192 1165 1235 citra,

414 1242 553 1288 regibus,
588 1242 716 1289 reginis,
745 1242 897 1281 ducibus,
931 1240 1165 1276 marchionibus

412 1301 442 1326 et
468 1292 537 1326 aliis
562 1292 704 1338 personis
726 1291 934 1338 supradictis:
963 1302 1085 1325 necnon
1114 1290 1165 1325 ci-

414 1341 577 1380 vitatibus,
602 1341 868 1380 universitatibus,
900 1339 1165 1375 confraternitati-

414 1390 472 1424 bus
502 1398 533 1425 et
559 1389 702 1436 collegiis
724 1389 924 1430 huiusmodi,
956 1389 1049 1423 etiam
1078 1399 1165 1424 motu

414 1440 542 1486 proprio
576 1448 607 1474 et
633 1451 670 1473 ex
697 1448 780 1474 certa
814 1439 946 1474 scientia
974 1446 1005 1473 et
1032 1450 1069 1472 ex
1096 1439 1167 1485 qni-

412 1489 609 1535 buscumque
628 1489 743 1531 causiS,
765 1501 801 1523 ac
819 1489 858 1523 de
880 1487 1014 1535 apostol.
1035 1496 1167 1534 potesta-

413 1538 451 1572 tis
474 1537 670 1585 plenitudine
701 1537 807 1583 factis,
829 1538 933 1585 quoad
965 1538 1166 1581 monasteria,

412 1586 569 1628 videlicet,
584 1599 619 1622 ac
634 1587 802 1635 prioratuS,
819 1588 1065 1635 praeposituras.
1088 1599 1167 1634 prae-

413 1637 566 1684 positatus
593 1645 624 1672 et
651 1637 727 1672 alias
754 1637 922 1683 dignitates
953 1648 988 1671 ac
1017 1636 1167 1671 beneficia

413 1685 555 1730 electiva,
576 1687 668 1722 etiam
684 1687 708 1721 si
729 1699 949 1734 quascumque
968 1685 1168 1721 conditiones

415 1744 580 1783 propterea
603 1736 764 1782 impositas
785 1736 1056 1783 adimplevissent.

462 1785 483 1833 S
510 1788 543 1820 5.
580 1784 670 1827 Quae
696 1797 770 1821 vero
802 1786 839 1820 ad
873 1798 934 1820 non
969 1785 1098 1820 electiva
1133 1797 1169 1820 ac

414 1834 582 1882 hospitalia
610 1842 640 1870 et
666 1834 726 1870 alia
750 1835 799 1882 pia
822 1835 887 1870 loca
911 1835 1092 1870 huiusmodi
1121 1834 1170 1869 fa-

414 1891 482 1920 ctae
504 1883 642 1928 fuerunt,
671 1885 696 1919 si
720 1884 850 1924 fructus,
875 1884 1018 1919 redditus
1040 1892 1071 1919 et
1097 1896 1170 1931 pro-

415 1941 528 1969 ventus
555 1932 779 1969 beneficiorum
812 1946 876 1968 non
900 1934 1102 1968 electivomm
1134 1946 1191 1968 ac<

415 1983 617 2030 hospitalium
649 1991 680 2018 et
706 1983 838 2017 aliorum
875 1983 997 2029 piorum
1029 1983 1169 2017 locorum

415 2032 661 2080 praedictorum,
689 2031 727 2067 ad
756 2031 954 2067 medietatem
979 2033 1040 2066 veri
1074 2032 1170 2066 annui

417 2086 541 2127 valoris,
564 2086 699 2127 fructus,
721 2085 863 2121 redditus
885 2093 915 2120 et
933 2093 1103 2132 proventus
1123 2098 1171 2120 eo-

416 2140 574 2185 rumdem,
596 2138 775 2175 secundum
798 2151 999 2174 communem
1020 2139 1172 2174 aestima-

417 2194 547 2236 tionem,
569 2193 608 2230 de
631 2194 766 2242 propriis
789 2205 900 2229 eorum
925 2193 1017 2228 bonis
1032 2206 1093 2228 non
1117 2206 1173 2228 au-

418 2256 550 2289 xerunt,
572 2247 620 2283 vel
639 2248 789 2283 ecclesias
811 2247 851 2283 de
873 2259 953 2282 novo
977 2247 1006 2281 in
1027 2247 1087 2281 illis
1110 2260 1171 2282 non

418 2301 624 2343 aedilicarunt,
637 2314 692 2337 seu
705 2302 835 2337 omnino
849 2301 993 2336 funditus
1008 2300 1128 2336 dirutas
1144 2310 1173 2335 et

418 2355 594 2390 destructas
610 2367 672 2390 non
696 2356 938 2397 reaedificarunt3
958 2364 1009 2390 aut
1031 2355 1098 2390 loca
1117 2368 1171 2389 seu

421 2409 548 2453 l'undos,
571 2410 601 2444 in
620 2409 737 2457 quibus
752 2410 1006 2451 aedificarentur,
1023 2422 1084 2444 non
1102 2422 1174 2444 con-

420 2472 601 2503 cesserunt,
624 2464 715 2498 etiam
739 2464 764 2498 si
793 2464 1004 2504 conditiones,
1028 2463 1066 2498 atl
1096 2475 1173 2510 quas

420 2517 497 2553 alias
517 2517 622 2552 forsan
644 2529 737 2564 quam
759 2519 862 2553 modis
886 2517 1067 2564 praemissis
1090 2525 1174 2551 tent·—

992 247 1091 270 arua
1098 247 1179 270 RU'M
1208 246 1298 268 ROMA
1304 246 1320 267 N
1327 245 1369 268 [Μ

1205 301 1312 335 stolica
1343 309 1370 334 ct
1394 301 1486 334 ctiam
1515 311 1552 334 cx
1576 306 1660 334 certa
1689 306 1793 333 nostra
1817 297 1959 337 scientia,

1205 358 1313 385 tenore
1335 349 1547 396 praesentium
1568 360 1765 392 revocamus,
1788 359 1961 391 cassamus,

1206 400 1366 434 irritamus
1394 408 1423 434 et
1445 399 1677 438 annitiitamus2
1699 410 1736 433 ac
1764 410 1820 444 pro
1844 397 1960 438 nullis,

1206 450 1321 493 cassis,
1357 449 1449 483 irritis
1481 457 1511 483 et
1534 449 1658 484 insectis
1687 448 1816 482 omnino
1851 447 1958 482 haberi

1206 498 1362 533 volumus.
1398 497 1574 533 Ordinariis
1601 507 1630 533 et
1657 498 1724 532 aliis
1757 496 1961 532 collatoribus

1205 560 1240 582 ac
1262 547 1477 583 collatricibus
1499 549 1753 595 quibuscumque
1780 547 1961 582 conceden-

1206 607 1252 634 tes
1271 606 1315 641 ut,
1338 596 1536 632 cessantibus
1552 596 1816 632 reservationihus
1839 605 1961 643 aposto-

1207 648 1287 687 licis,
1311 648 1464 683 hactenus
1485 648 1531 683 sic
1555 660 1610 694 pro
1629 657 1769 694 tempore
1791 647 1894 687 factis,
1916 646 1960 681 di-

1205 698 1367 744 gnitates,
1403 706 1613 744 personatus,
1646 697 1959 735 administrationes,

1206 747 1319 790 officia,
1341 748 1545 782 canonicatus
1566 754 1595 781 et
1617 745 1816 794 praebendas
1840 758 1876 781 ac
1901 745 1958 781 alia

1207 797 1360 832 beneficia
1395 797 1587 844 supradicta,
1613 808 1684 831 cum
1720 795 1874 843 deinceps
1905 807 1960 843 pro

1207 854 1349 893 tempore
1372 847 1560 890 vacaverint,
1583 845 1667 880 nulla
1690 852 1852 893 expectata
1877 856 1961 892 prae·

1205 896 1379 930 sentatione
1406 895 1471 930 sive
1495 895 1721 937 nominatione,
1748 894 1902 934 conferre,
1925 906 1961 929 ac

1207 945 1371 992 hospitalia
1405 953 1435 980 et
1469 945 1526 980 alia
1562 945 1611 992 pia
1645 944 1710 979 loca
1739 944 1960 985 committere;

1207 994 1406 1029 monasteriis
1436 1006 1508 1029 vero
1537 994 1716 1029 huiusmodi
1745 993 1785 1029 de
1820 993 1962 1040 personis

1207 1043 1328 1079 idoneis
1357 1043 1533 1091 providere,
1560 1056 1616 1079 seu
1640 1044 1716 1078 alias
1742 1043 1781 1078 de
1814 1042 1874 1078 illis
1897 1042 1966 1077 dis-⁴

1209 1106 1338 1140 ponere;
1365 1106 1401 1129 ac
1427 1094 1638 1128 conventibus
1664 1101 1696 1128 et
1717 1092 1864 1140 capitulis
1886 1104 1963 1127 mo-

1207 1144 1429 1183 nasteriorum,
1445 1143 1654 1190 prioratuum,
1668 1143 1963 1190 praepositurarum,

1207 1193 1476 1239 praepositatuum
1518 1205 1552 1228 ac
1593 1193 1723 1227 aliarum
1751 1191 1963 1238 dignitatum,

1207 1242 1389 1288 praesertim
1414 1242 1681 1282 conventualium,
1714 1253 1837 1276 necnon
1868 1240 1963 1275 eccle-

1206 1292 1322 1326 siarum
1346 1291 1573 1327 cathedralium
1594 1292 1686 1327 etiam
1711 1290 1964 1337 metropolitana-

1208 1354 1274 1375 rum
1291 1350 1322 1376 et
1343 1341 1593 1387 collegiatarum,
1618 1349 1650 1375 ut
1674 1341 1703 1374 in
1720 1340 1874 1375 electione
1893 1350 1964 1384 per-

1207 1402 1356 1425 sonarum
1380 1390 1564 1425 idonearum
1593 1391 1630 1425 ad
1656 1389 1708 1424 illa
1736 1402 1773 1424 ex
1800 1388 1965 1423 beneficiis

1207 1440 1408 1486 supradictis,
1432 1452 1512 1487 quae
1535 1440 1664 1474 electiva
1687 1451 1755 1473 esse
1778 1438 1964 1473 consuevis-

1207 1496 1290 1533 sent,
1317 1489 1476 1524 similibus
1509 1488 1708 1524 cessantibus
1743 1487 1966 1523 reservationi-

1209 1542 1266 1576 bus
1295 1543 1466 1589 procedere
1495 1543 1593 1578 libere
1621 1542 1743 1590 possint
1770 1551 1799 1576 et
1830 1540 1965 1576 debeant

1209 1597 1238 1630 in
1262 1597 1411 1632 omnibus
1432 1605 1463 1632 ct
1492 1609 1546 1644 per
1573 1597 1692 1641 omnia,
1722 1594 1854 1643 perinde
1881 1607 1917 1630 ac
1939 1595 1964 1629 si

1209 1651 1441 1691 concessiones,
1465 1651 1694 1686 reservationes
1716 1660 1745 1686 et
1773 1649 1966 1695 assignatio-

1210 1717 1265 1740 nes
1287 1706 1550 1753 iurispatronatus
1579 1703 1761 1740 huiusmodi
1782 1704 1966 1738 nullatenus

1209 1768 1422 1801 emanassent;
1445 1772 1481 1795 ac
1502 1759 1675 1794 districtius
1698 1757 1879 1793 inhibentes
1901 1769 1968 1791 om-

1211 1814 1305 1850 nibus
1332 1823 1362 1849 et
1383 1814 1518 1860 singulis
1540 1813 1743 1861 supradictis,
1771 1812 1888 1860 quibus
1910 1824 1967 1847 re-

1210 1869 1402 1903 sen-vationes
1417 1876 1447 1902 ct
1459 1868 1690 1914 assignationes
1704 1867 1966 1913 iurispatronatus

1213 1922 1407 1963 huiusmodi,
1423 1930 1456 1956 ut
1472 1921 1695 1969 praemittitur,
1711 1920 1809 1954 sactae
1829 1920 1966 1960 suerunt,

1212 1988 1250 2011 nc
1279 1976 1318 2010 ‹le
1345 1984 1462 2017 cetero,
1490 1975 1731 2010 occurrentibus
1754 1973 1967 2009 vacationibus

1213 2031 1489 2069 monasteriorum,
1507 2030 1714 2076 prioratuum,
1739 2028 1968 2075 praepositura-

1213 2096 1295 2128 rum,
1319 2083 1601 2130 pracpositatuum,
1630 2082 1831 2128 dignitatum,
1857 2093 1967 2128 perso-

1213 2145 1357 2182 natuum,
1379 2137 1699 2180 administrationum,
1722 2135 1758 2169 ad
1784 2144 1968 2182 praesenta-

1213 2193 1329 2227 tionem
1357 2204 1410 2227 seu
1444 2191 1692 2226 nominationem
1721 2189 1857 2236 aliquam
1892 2201 1967 2235 pro-

1213 2245 1342 2286 cedere;
1370 2258 1406 2281 ac
1427 2245 1603 2280 ordinarios
1630 2244 1772 2290 aliosque
1801 2242 1966 2277 collatores

1213 2309 1243 2334 ct
1277 2300 1453 2335 collatriccs
1480 2298 1668 2346 praedictos,
1708 2297 1879 2344 quominus
1915 2297 1964 2331 illa

1214 2354 1388 2395 conferant3
1411 2362 1441 2389 et
1456 2365 1510 2388 eos
1532 2352 1569 2387 ad
1586 2364 1668 2399 quos
1689 2351 1802 2386 electio
1818 2351 1966 2398 pertinet,

1214 2420 1253 2442 ue
1271 2408 1401 2454 eligant,
1423 2407 1542 2442 directe
1565 2405 1613 2440 vel
1638 2404 1789 2440 indirecte
1812 2404 1967 2452 impedire

1213 2470 1320 2496 contra
1341 2461 1554 2509 praesentium
1578 2468 1719 2494 tenorem
1739 2458 1968 2505 quoquomodo

1216 2523 1428 2562 praesumant.

1977 243 2026 270 An.
2041 243 2072 271 C.
2091 244 2158 272 ¹1:85
2176 250 2179 253 ’

1263 2570 1282 2615 g
1305 2571 1337 2603 4.
1365 2568 1581 2604 Decernentes
1602 2568 1696 2603 etiam
1717 2580 1755 2603 ex
1784 2580 1869 2603 nunc
1898 2567 1969 2603 irri-
1997 2578 2108 2599 Decretum
2123 2579 2168 2599 mi-

1984 2615 2037 2631 tntis.

422 2571 536 2606 bantur
563 2572 739 2607 executioni
767 2571 1023 2616 demandassent,
1051 2571 1090 2606 (le
1117 2583 1173 2605 eo-

422 2625 565 2660 rumdem
589 2626 718 2661 fratrum
737 2626 881 2666 consilio,
903 2626 1089 2662 auctoritate
1104 2637 1174 2672 apo·
1215 2633 1280 2658 tum
1303 2632 1334 2659 et
1350 2625 1455 2669 inane,
1472 2624 1498 2658 si
1516 2635 1610 2658 secus
1627 2634 1725 2670 super
1739 2622 1787 2657 his
1803 2634 1856 2670 per
1872 2635 1969 2670 quos-
