2281 3251
578 423 889 499 LECTORI
944 421 1316 498 BENEVOLO

300 725 802 767 TAURINENSES
849 723 1191 765 BULLARII
1245 721 1597 762 EDITORES

179 1505 303 1582 Nobis
331 1543 470 1581 crimini
499 1542 622 1580 datum
654 1554 723 1580 non
755 1542 795 1580 iri
834 1540 1050 1581 arbitramur
1088 1541 1184 1593 quod
1222 1543 1385 1593 quintum
1424 1542 1541 1593 Magni
1579 1542 1725 1582 Bullarii

177 1615 344 1652 volumen
377 1615 500 1652 formis
537 1614 665 1652 nostris
701 1613 879 1652 excudere
919 1615 1034 1652 serius
1076 1613 1335 1652 absolverimus
1380 1627 1487 1665 quam
1530 1614 1725 1665 legentium

177 1691 409 1734 nostrumque
442 1685 599 1722 studium
638 1685 821 1734 requirere
864 1683 1070 1729 videbatur,
1107 1698 1219 1735 quum
1247 1698 1312 1723 nec
1340 1698 1410 1724 una
1439 1698 1504 1723 nec
1536 1685 1624 1724 levis
1652 1698 1726 1724 mo-

178 1768 236 1793 rae
264 1755 487 1793 excusandae
511 1768 637 1793 caussa
659 1762 835 1805 suppetat.
863 1755 1018 1803 Quartus
1041 1756 1208 1805 equidem
1236 1769 1350 1794 annus
1383 1763 1457 1800 est,
1485 1769 1555 1806 quo
1583 1757 1726 1807 profun-

177 1826 263 1863 dum
286 1827 396 1864 hocce
411 1857 419 1870 ,
454 1826 528 1864 fere
560 1826 733 1870 dicimus,
763 1838 898 1876 aequor
921 1827 1085 1876 ingressi,
1112 1825 1345 1877 sperabamus
1368 1827 1443 1865 fore
1467 1834 1505 1865 ut
1527 1828 1729 1865 mitesceret

178 1896 272 1934 unda
288 1897 471 1947 paullatim
486 1897 656 1946 ventique
676 1897 923 1946 quiescerent:
945 1904 978 1935 at
996 1904 1119 1935 contra
1136 1898 1267 1935 evenit.
1296 1897 1375 1945 Quo
1400 1898 1494 1936 enim
1519 1898 1554 1935 in
1579 1898 1654 1935 dies
1674 1910 1727 1936 ce-

178 1970 286 2008 lerius
306 1968 475 2019 progredi
495 1967 728 2012 conabamur,
755 1981 811 2012 eo,
835 1968 1083 2018 ingruentibus
1110 1969 1388 2019 impedimentis,
1412 1970 1585 2008 retardari
1603 1982 1724 2020 saepe,

176 2041 318 2090 saepius
345 2040 470 2077 sistere
496 2051 643 2077 necesse
675 2040 752 2077 fuit.
779 2039 888 2077 Multo
911 2039 1089 2089 siquidem
1112 2041 1248 2078 maiora
1271 2041 1316 2079 ad
1347 2040 1631 2079 Mainardianum
1654 2047 1727 2078 tex-

176 2117 251 2147 tum
296 2110 330 2146 in
368 2109 499 2159 vulgus
535 2109 767 2147 emittendum
804 2109 1033 2147 emendatum
1073 2110 1339 2161 expolitumque
1386 2111 1590 2149 adiumenta
1627 2108 1728 2147 nobis

177 2180 383 2232 quaerenda
417 2180 561 2218 fuerunt
580 2211 588 2223 ,
625 2192 732 2230 quam
765 2181 880 2231 operis
918 2181 952 2218 iu
990 2180 1134 2225 limine,
1162 2194 1232 2220 non
1262 2183 1302 2220 iis
1330 2195 1444 2223 sane,
1477 2180 1606 2232 quibus
1634 2193 1728 2219 nunc

177 2253 310 2290 utimur
341 2251 495 2289 consiliis
520 2251 612 2295 freti,
644 2250 925 2289 credideramus.
954 2251 1090 2290 Pluries
1115 2265 1270 2303 namque
1294 2253 1625 2296 animadvertiimts‚
1652 2251 1728 2290 vul-

176 2329 294 2372 gatam
323 2321 494 2359 Mainardi
523 2322 615 2372 typis
644 2321 831 2359 lectionem
860 2335 1006 2360 sensum
1036 2322 1131 2361 haud
1160 2324 1391 2374 conspicuum
1422 2322 1606 2367 exhibere,
1633 2334 1727 2360 erro-

176 2405 305 2442 resque
334 2391 509 2429 eiusmodi
539 2404 616 2430 esse
646 2398 683 2429 ut
711 2391 903 2437 lectorem,
935 2393 1015 2431 licet
1044 2394 1173 2432 horum
1207 2394 1407 2432 studiorum
1442 2406 1512 2431 non
1546 2393 1695 2430 inscium
1715 2422 1723 2435 ,

176 2474 389 2512 suspensum
414 2462 557 2499 omnino
589 2461 810 2507 detinerent3
839 2463 976 2513 integra
999 2465 1081 2514 quia
1113 2464 1169 2502 llic
1193 2465 1359 2515 pericope
1387 2463 1629 2505 desideratur,
1657 2461 1725 2498 illic

178 2532 308 2570 omissa
331 2539 389 2570 aut
413 2539 592 2583 corrupta,
619 2532 880 2571 officinatorum
903 2535 1002 2580 vitio7
1029 2533 1140 2573 verba
1162 2535 1284 2578 fuere;
1313 2534 1400 2572 ordo
1424 2534 1508 2571 item
1537 2532 1723 2582 disponen-

178 2601 307 2641 darum
329 2602 529 2641 tabularum
553 2616 811 2655 nonnunquam
834 2604 1080 2656 perturbatus,
1111 2606 1273 2656 ratioque
1302 2612 1503 2655 temporum
1526 2602 1699 2654 permixta
1712 2613 1721 2646 ;
