2281 3251
222 243 270 269 An.
289 242 316 269 c.
337 239 403 270 νι78

235 1937 365 1958 tuot-mium.

455 233 525 267 252

455 314 495 320 —
528 299 572 329 ¹2.
601 299 705 332 Eximit
727 312 741 332 a
774 304 921 336 solutione
944 316 1045 338 eorum
1076 310 1163 341 sami—

457 341 545 373 liares
568 345 662 384 ipsius
695 345 788 386 l'apae
812 354 840 378 ct
873 351 1106 384 vicecancellarii
1138 362 1164 385 et

457 389 544 418 etiam
583 390 749 429 specialiter
793 394 1001 433 privilegiatos.
1040 414 1078 420 —
1119 400 1163 430 13.

457 430 692 471 Supplicationes
723 436 836 476 Papae,
866 439 1035 471 deserantur
1062 452 1163 474 omnes

456 486 508 514 per
526 479 679 517 magistros
696 482 813 520 registri
831 484 864 512 ad
881 486 1165 523 vicecancellarium,

455 522 504 561 qui
524 532 573 552 eas
591 524 749 556 distribuat
772 527 1036 561 abbreviatoribus.
1058 549 1096 555 —
1120 535 1164 564 1-1.

455 566 580 605 Quibus,
598 578 650 608 pro
669 571 801 601 examine
827 573 971 603 dictarum
1003 576 1165 611 literarum,

457 613 620 650 praemium
640 614 734 651 detur,
752 633 790 638 —
813 617 855 647 15.
875 617 907 647 Et
926 620 1013 649 etiam
1033 631 1084 658 pro
1101 632 1165 653 cor-

456 658 584 687 rectione
599 659 737 696 minutae,
749 666 799 690 etc.
815 663 909 692 -16,
930 663 1097 704 Cappellam
1117 667 1165 697 lia-

454 699 541 730 beant
571 702 806 742 abbreviatores,
826 706 885 743 ubi,
908 709 1035 748 singulis
1059 711 1164 741 diebus

454 746 662 782 cancellariae,
692 750 812 780 missam
843 753 971 783 audiant.
998 772 1037 777 —
1064 757 1109 785 1'i.
1133 756 1162 786 ln

454 789 635 821 admissione
667 794 702 823 ad
738 796 885 833 officium,
909 799 1023 829 solvant
1049 800 1163 831 iocalia.

451 850 490 856 —
523 835 568 865 18.
597 836 696 868 Officia
730 849 831 870 eorum
868 844 1058 881 resignabilia
1096 847 1162 876 sint.

451 894 490 900 —
519 879 564 909 19.
605 881 831 915 Abbreviatores
872 887 993 919 indultis
1026 892 1163 921 omnuim

452 923 629 962 scriptorum
648 932 740 966 apost.
764 930 962 967 perfruuntur.
977 951 1016 956 —
1034 935 1081 965 ΞΟ.
1100 935 1163 966 Col-

452 967 560 1006 legium
602 975 707 1001 statuta
748 976 863 1014 propria
895 978 1022 1009 condere
1060 983 1162 1018 possit.

450 1027 489 1034 —
506 1012 552 1042 21.
572 1013 779 1055 Transumptis
803 1019 892 1050 liuius
912 1021 1011 1053 bullae
1030 1030 1056 1054 et
1075 1026 1163 1064 privi-

453 1056 596 1095 legiorum
620 1063 848 1100 apostolicorum
873 1069 1019 1098 credatur.
1046 1087 1083 1092 —
1110 1071 1159 1100 952.

450 1104 676 1137 Abbreviatores
699 1108 765 1139 laici
790 1111 1008 1143 matrimonium
1043 1120 1160 1145 contra-

452 1149 521 1180 here
551 1157 683 1190 possunt.
712 1170 752 1176 —
778 1154 826 1184 ⁶23.
850 1155 961 1187 Literae
984 1160 1162 1197 apostolicae

452 1204 503 1234 per
518 1195 669 1226 Cameram
689 1198 897 1236 expediendae,
913 1201 948 1230 ab
969 1202 1041 1241 ipsis
1057 1203 1162 1234 abbre-

451 1239 612 1271 viatoribus
632 1251 689 1271 non
706 1243 838 1281 signatae
858 1245 956 1275 nullae
974 1247 1042 1276 sint.
1060 1265 1098 1270 —
1114 1249 1160 1278 ⁹24.

451 1283 645 1324 Vicesgerens
687 1286 887 1318 Cancellariae
919 1290 1160 1323 vicecancellario

450 1329 616 1368 deputatur,
633 1331 719 1370 eique
730 1332 926 1364 emolumenta
942 1335 988 1364 liic
1003 1337 1161 1375 adsignan-

451 1378 506 1404 tur.
523 1391 562 1396 —
579 1375 626 1405 25.
648 1374 748 1406 Officia
771 1377 804 1406 21
829 1377 1066 1410 abbreviatarum
1090 1391 1159 1421 spe-

449 1424 526 1448 ctant
557 1420 592 1449 ad
622 1421 808 1451 collationem
842 1423 1089 1455 vicecancellarii.
1123 1445 1161 1450 -—

448 1462 495 1494 26.
518 1463 674 1495 Clausulae
691 1468 933 1505 praeservativae.
951 1485 990 1490 —
1007 1468 1055 1498 ΞΠ.
1078 1469 1158 1499 ttett-

448 1517 504 1548 qua
540 1510 687 1546 praedicta
713 1512 807 1541 officia
831 1512 980 1542 collationi
1010 1513 1159 1544 pontificis

446 1559 642 1584 reservantur.
664 1572 702 1577 —
730 1555 776 1586 ⁶28.
806 1556 996 1596 Praeceptum
1030 1559 1157 1597 praefata

447 1598 545 1628 omnia
565 1598 751 1629 observandi.
768 1600 1159 1633 —029Nieecancettarius—

447 1649 506 1673 met
533 1649 671 1674 executor
692 1645 858 1684 deputatur.
877 1663 914 1668 —
932 1647 979 1678 30.
1003 1647 1158 1678 Clausulae

448 1690 672 1727 preservativae.
683 1707 721 1711 —
734 1690 781 1720 31.
793 1689 941 1721 Clausulae
958 1692 1157 1731 derogatoriae.

470 1769 566 1798 stxtus
585 1770 727 1806 episcopus
748 1778 845 1800 servus
871 1778 1010 1801 servorum
1032 1772 1094 1805 Dei.

541 1820 575 1848 ad
608 1821 767 1856 perpetuam
785 1821 826 1849 rei
855 1822 1022 1850 memoriam.

456 1891 568 1927 Divina
590 1901 716 1928 aeterna
743 1893 800 1928 Dei
824 1894 995 1941 sapientia,
1018 1907 1098 1942 quae
1127 1895 1155 1928 in

407 1941 454 1975 sui
477 1941 684 1990 dispositione
707 1956 769 1978 non
794 1943 931 1983 fallitur,
967 1956 1028 1979 non
1052 1944 1154 1979 solum

407 1993 584 2038 superiora,
607 1993 662 2027 sed
685 1994 778 2028 etiam
803 1994 948 2028 inferiora
971 2005 1000 2029 et
1019 1995 1153 2028 bumana

406 2053 442 2076 ea
464 2042 661 2077 ordinatione
676 2052 706 2078 et
730 2044 848 2078 ratione
863 2044 998 2091 perlecta
1015 2053 1045 2078 et
1061 2044 1156 2078 varie-

406 2098 467 2126 tate
487 2092 600 2127 decora
623 2093 805 2141 disponitet
827 2094 961 2137 ordinat,
986 2103 1016 2128 ut
1031 2093 1152 2139 singula

405 2144 751 2190 quaeque,operatione
765 2143 898 2183 diversa,
922 2152 1029 2178 mutua
1048 2152 1151 2177 tamen

404 2191 530 2226 caritate
544 2201 573 2226 et
587 2193 742 2240 aequitate
757 2193 837 2228 inter
849 2206 882 2228 se
897 2194 1063 2228 coniuncta
1081 2205 1153 2228 esse

406 2240 582 2286 videantur,
603 2251 633 2276 et
662 2243 737 2277 nulli
765 2256 802 2278 ex
825 2243 918 2278 rebus
941 2243 971 2277 in
1007 2244 1153 2290 supernis

405 2293 599 2339 terrenisque
622 2292 804 2328 ministeriis
830 2293 980 2328 ordinatis
1003 2306 1078 2328 suos
1095 2301 1152 2327 tet-

405 2341 507 2376 minos
534 2342 639 2388 egredi
664 2343 787 2378 liceret:
812 2355 871 2389 qna
900 2343 1151 2378 consideratione

406 2390 663 2437 praedecessores
696 2394 791 2428 nostri
816 2392 950 2427 Romani
982 2392 1151 2427 l‘ontiliees

404 2444 448 2483 (ut
471 2441 681 2476 verisimiliter
707 2443 791 2477 credi
816 2446 927 2489 potest)
952 2443 1084 2484 inducti,
1112 2442 1149 2476 ad

404 2502 559 2538 quaeque,
574 2500 655 2525 certa
679 2493 796 2526 ratione
824 2492 964 2533 iubente,
988 2492 1017 2526 in
1042 2493 1150 2539 primis

404 2539 576 2575 Ecclesiam
590 2540 647 2575 Dei
671 2542 857 2582 universam,
877 2543 967 2576 cuius
985 2552 1076 2588 caput
1093 2541 1150 2575 Ru-

403 2602 492 2624 mana
517 2591 657 2625 Ecclesia
681 2604 750 2625 esse
772 2591 986 2637 dignoscitur,
1016 2591 1149 2638 legibus,

401 2640 692 2684 constitutionibus,
709 2641 849 2676 moribus
864 2650 893 2676 ct
909 2641 1045 2676 decretis
1061 2655 1148 2676 sunt-

987 256 1173 281 BELLAttttm
1197 260 1359 285 nonanta!

1206 329 1254 351 ma
1277 317 1448 364 diligentia,
1467 318 1623 365 vigilantia
1646 319 1799 354 indefessa
1817 329 1844 353 et
1864 319 1953 354 ordi-

1206 367 1330 401 natione
1345 368 1775 415 irreprehensibili,dirigere,
1792 369 1953 403 instituere

1205 423 1234 449 et
1262 417 1399 451 stabilire
1421 419 1522 452 conati
1546 428 1628 452 sunt.
1652 417 1794 460 Quorum
1813 419 1953 465 vestigia,

1205 475 1359 511 quantum
1388 480 1402 501 a
1434 466 1524 501 nobis
1546 467 1610 502 fieri
1647 476 1771 514 potest,
1796 480 1855 502 una
1879 480 1950 503 cum

1206 514 1351 550 fratribus
1381 517 1496 551 nostris
1525 518 1635 551 imitari
1660 526 1854 563 satagentes,
1879 531 1952 563 pro-

1207 564 1290 611 lapsa
1315 566 1477 610 reducere,
1500 569 1658 601 excessivo
1682 568 1848 613 corrigere,
1863 567 1951 603 dese-

1205 622 1274 648 ctus
1296 615 1456 661 supplere,
1483 625 1580 650 errata
1603 616 1771 651 emendare
1793 625 1823 650 et
1845 618 1948 652 omnia

1205 663 1242 698 ad
1278 665 1531 711 probatissimum
1565 667 1705 701 ordinem
1743 675 1771 701 et
1806 668 1949 702 semitam

1206 722 1320 748 rectam
1351 714 1521 760 perducere
1543 717 1628 750 omni
1648 715 1753 750 studio
1781 717 1950 763 provigila-

1207 775 1286 804 nius,
1305 773 1467 810 sperantes
1483 765 1512 799 in
1523 765 1581 805 Eo,
1603 778 1618 800 a
1643 777 1706 812 quo
1728 778 1820 800 omne
1842 766 1948 802 datum

1185 835 1187 849 «ι
1205 815 1357 859 optimum
1371 823 1399 849 et
1412 815 1631 849 omnedonum
1644 815 1813 861 perfectum
1826 816 1949 852 affluen-

1205 871 1250 897 ter
1272 864 1422 910 procedit,
1445 864 1529 912 quod
1556 875 1688 900 conatus
1715 874 1839 900 nostros
1860 866 1949 901 adiu-

1205 926 1275 948 vare
1301 914 1466 949 conabitur
1493 917 1547 958 (l).

1252 964 1272 1010 S
1301 967 1331 998 t.
1354 963 1483 999 Dudum
1503 964 1657 1011 siquidem
1678 964 1728 998 fel.
1754 977 1814 1000 rec.
1832 965 1948 1001 Paulus

1204 1012 1286 1060 Papa
1309 1015 1479 1057 secundus,
1498 1014 1721 1061 praedecessor
1737 1024 1852 1055 noster,
1869 1025 1948 1050 tem-

1204 1075 1278 1109 pore
1312 1077 1386 1098 suae
1426 1064 1651 1111 assumptionis
1685 1064 1722 1098 ad
1757 1065 1949 1112 apostolatus

1202 1113 1337 1159 apicem,
1359 1114 1526 1160 quamdam
1552 1113 1780 1148 ordinationem
1796 1127 1849 1159 per
1862 1127 1949 1150 reco-

1203 1162 1314 1198 lendae
1342 1164 1512 1198 memoriae
1535 1163 1626 1197 Pium
1648 1163 1764 1210 Papam
1790 1163 1829 1208 ll,
1856 1165 1947 1199 etiam

1203 1213 1474 1257 praedecessorem
1496 1221 1636 1247 nostrum
1656 1241 1664 1252 ,
1685 1215 1724 1247 de
1751 1215 1949 1260 septuaginta

1201 1261 1471 1298 abbreviatoribus
1499 1263 1656 1297 literarum
1690 1263 1948 1309 apostolicarum,

1200 1313 1294 1346 certis
1315 1312 1354 1346 de
1381 1314 1483 1347 causis
1506 1312 1615 1347 saetam
1638 1321 1667 1346 et
1691 1312 1888 1357 ordinatam,
1909 1327 1946 1349 ex

1200 1361 1268 1395 aliis
1283 1362 1385 1396 causis
1401 1363 1490 1397 iustis
1511 1371 1541 1396 et
1559 1362 1698 1396 honestis
1712 1369 1786 1396 tunc
1805 1363 1945 1398 animum

1203 1412 1351 1456 praedicti
1368 1411 1456 1446 Pauli
1472 1412 1720 1458 praedecessoris
1736 1412 1946 1458 moventibus,

1201 1461 1317 1495 eisdem
1341 1460 1610 1496 abbreviator-ibus
1624 1461 1663 1496 tle
1678 1462 1772 1497 certis
1792 1463 1946 1509 pecuniiS,

1202 1522 1256 1555 pro
1284 1511 1467 1545 necessitate
1502 1511 1576 1545 dicti
1608 1510 1652 1544 l¹ii
1696 1510 1947 1557 praedecessoris

1199 1571 1234 1593 ac
1256 1560 1398 1595 eiusdem
1420 1560 1580 1595 Romanae
1603 1560 1775 1604 Ecclesiae,
1790 1570 1819 1595 ct
1841 1562 1947 1608 provi-

1199 1610 1286 1644 sione
1305 1619 1411 1645 contra
1435 1620 1539 1645 turcas
1555 1621 1629 1646 tunc
1645 1610 1841 1652 imminente,
1869 1624 1945 1658 per-

1198 1659 1322 1704 solutis,
1350 1661 1469 1707 integra
1504 1661 1590 1707 prius
1626 1660 1819 1695 restitutione
1854 1660 1944 1702 sacta,

1199 1710 1352 1744 revocavit
1375 1720 1404 1745 et
1427 1711 1610 1751 annullat-iu
1638 1718 1667 1744 et
1689 1711 1846 1757 assignata
1861 1720 1944 1746 certa

1199 1760 1341 1804 portione
1363 1759 1650 1794 emolumentorum
1667 1759 1757 1795 officii
1777 1759 1945 1796 Abbrevia·

1198 1809 1306 1853 toriae,
1324 1809 1442 1845 scilicet
1466 1809 1634 1844 venerabili
1656 1809 1740 1844 fratri
1763 1817 1870 1845 nostro
1883 1810 1945 1845 Ro-

1197 1857 1302 1893 derico
1313 1859 1460 1906 episcopo
1484 1859 1646 1903 l'ortuen.,
1670 1867 1744 1894 tune
1765 1858 1872 1894 Sancti
1887 1860 1945 1894 Ni-

1197 1908 1274 1942 colai
1291 1909 1319 1942 in
1335 1908 1470 1943 Carcere
1485 1908 1617 1943 diacono
1635 1909 1796 1953 cardinali,
1811 1908 1944 1944 Sanctae

1197 1956 1357 1992 Romanae
1387 1958 1546 1993 Ecclesiae
1574 1959 1853 1999 vicecancellario,
1888 1972 1944 2006 pro

1195 2007 1384 2052 quibusdam
1410 2007 1615 2042 familiaribus
1641 2008 1719 2048 suis,
1749 2009 1832 2043 iuxta
1859 2009 1944 2043 arbi-

1196 2057 1287 2090 trium
1311 2057 1384 2092 dicti
1411 2058 1665 2099 vicecancellarii,
1689 2070 1810 2093 necnon
1835 2058 1941 2104 viginti

1195 2105 1324 2140 ducatos
1339 2107 1404 2141 auri
1422 2107 1460 2142 de
1476 2107 1606 2142 Camera
1628 2107 1755 2143 cuilibet
1770 2120 1806 2142 ex
1820 2107 1942 2142 dilectis

1195 2155 1265 2190 {iliis
1297 2157 1461 2191 duodecim
1493 2156 1761 2192 abbreviatoribus
1782 2157 1822 2191 de
1849 2168 1941 2204 parco

1194 2206 1317 2251 maiori,
1341 2206 1499 2241 residuum
1525 2219 1608 2247 vcro,
1635 2206 1717 2254 quod
1747 2205 1819 2241 inde
1845 2218 1941 2254 super

1193 2256 1406 2297 excrescebat,
1429 2257 1459 2291 in
1487 2256 1564 2291 alios
1586 2269 1662 2291 usus
1688 2256 1851 2291 convertit.

1240 2310 1255 2349 ἓ
1282 2308 1315 2339 2.
1343 2305 1407 2341 Nos
1419 2319 1503 2350 vero,
1517 2307 1583 2353 qui,
1601 2306 1683 2340 dicto
1699 2305 1796 2340 Paulo
1810 2305 1939 2352 praede—

1191 2367 1328 2400 cessore,
1354 2357 1436 2391 sicut
1458 2355 1596 2390 Domino
1619 2355 1750 2402 placuit,
1773 2355 1812 2390 de
1835 2355 1938 2390 medio

1191 2405 1325 2448 sublato,
1349 2406 1591 2451 stiintus,‹livi11a
1614 2406 1734 2440 favente
1758 2405 1938 2449 clementia,

1226 2476 1266 2510 (t)
1282 2476 1431 2511 Legendum
1449 2477 1535 2503 forsan
1552 2479 1709 2509 diffitebitur
1726 2476 1763 2511 (n.
1781 2477 1831 2511 τ.).

1225 2513 1264 2546 (ι’)
1282 2513 1377 2539 Paulus
1398 2513 1418 2538 ll
1437 2513 1627 2538 institutionem
1645 2520 1657 2538 a
1676 2512 1720 2538 Pio
1738 2512 1758 2538 tt
1779 2511 1812 2538 de
1831 2516 1938 2547 septua-

1190 2548 1258 2581 ginta
1276 2548 1507 2575 abbreviatoribus
1523 2547 1615 2574 tactam
1631 2551 1750 2574 restituta
1767 2547 1805 2574 eis
1817 2548 1937 2583 pecunia,

1191 2584 1338 2615 revocavit,
1365 2588 1391 2609 et
1415 2592 1508 2610 eorum
1525 2584 1702 2610 emolumenta
1726 2583 1750 2609 in
1772 2587 1860 2610 certos
1882 2584 1938 2611 eius

1191 2626 1253 2643 usas
1269 2620 1411 2645 convertit.
1433 2619 1483 2645 Sed
1501 2627 1593 2646 eorum
1611 2619 1705 2650 bullas,
1725 2619 1760 2645 uti
1785 2619 1871 2646 minus
1888 2628 1936 2647 ne-

1189 2656 1327 2686 cessarias.
1345 2656 1479 2689 praeterii.

1970 266 2019 291 An.
2040 266 2069 292 C.
2085 266 2151 294 ¹1:78

1977 974 2035 995 Pauli
2047 973 2063 995 ΙΙ
2075 975 2099 995 de
2109 974 2148 995 ah-

1962 1005 2099 1026 brevlatorib.
2107 1005 2149 1026 di}-

1963 1037 2080 1063 positiones
2096 1035 2132 1063 (Ξ).

1961 2313 2071 2336 meantem
2081 2315 2139 2336 Pou-

1955 2347 2011 2370 titei,
2028 2349 2074 2372 post
2092 2347 2137 2367 ein

1953 2381 1977 2398 a]
1994 2379 2136 2404 pontificatum

1953 2409 2088 2434 electionem,
2099 2415 2137 2430 ea-
