<?xml version="1.0" encoding="UTF-8"?>
<!DOCTYPE html PUBLIC "-//W3C//DTD XHTML 1.0 Transitional//EN"
    "http://www.w3.org/TR/xhtml1/DTD/xhtml1-transitional.dtd">
<html xmlns="http://www.w3.org/1999/xhtml" xml:lang="en" lang="en">
 <head>
  <title>
</title>
<meta http-equiv="Content-Type" content="text/html;charset=utf-8" />
  <meta name='ocr-system' content='tesseract 3.04.00' />
  <meta name='ocr-capabilities' content='ocr_page ocr_carea ocr_par ocr_line ocrx_word'/>
</head>
<body>
  <div class='ocr_page' id='page_1' title='image "./bullarumdiplomat05cath/bullarumdiplomat05cath_0212.png"; bbox 0 0 2281 3251; ppageno 0'>
   <div class='ocr_carea' id='block_1_1' title="bbox 236 277 416 304">
    <p class='ocr_par' dir='ltr' id='par_1_1' title="bbox 236 277 416 304">
     <span class='ocr_line' id='line_1_1' title="bbox 236 277 416 304; baseline 0 0"><span class='ocrx_word' id='word_1_1' title='bbox 236 277 286 304; x_wconf 73' lang='lat' dir='ltr'>An.</span> <span class='ocrx_word' id='word_1_2' title='bbox 299 278 329 304; x_wconf 90' lang='lat' dir='ltr'>C.</span> <span class='ocrx_word' id='word_1_3' title='bbox 351 277 416 304; x_wconf 64' lang='lat'>{1⁸67</span> 
     </span>
    </p>
   </div>
   <div class='ocr_carea' id='block_1_2' title="bbox 245 1531 429 1645">
    <p class='ocr_par' dir='ltr' id='par_1_2' title="bbox 245 1531 429 1645">
     <span class='ocr_line' id='line_1_2' title="bbox 266 1531 427 1552; baseline -0.012 -1"><span class='ocrx_word' id='word_1_4' title='bbox 266 1531 427 1552; x_wconf 60' lang='lat' dir='ltr'>(januam-,eme</span> 
     </span>
     <span class='ocr_line' id='line_1_3' title="bbox 245 1561 429 1583; baseline -0.011 0"><span class='ocrx_word' id='word_1_5' title='bbox 245 1563 374 1583; x_wconf 68' lang='lat' dir='ltr'>dirimendae</span> <span class='ocrx_word' id='word_1_6' title='bbox 397 1561 429 1581; x_wconf 80' lang='lat' dir='ltr'>la-</span> 
     </span>
     <span class='ocr_line' id='line_1_4' title="bbox 246 1593 428 1614; baseline 0 -1"><span class='ocrx_word' id='word_1_7' title='bbox 246 1594 312 1614; x_wconf 78' lang='lat' dir='ltr'>tultas</span> <span class='ocrx_word' id='word_1_8' title='bbox 333 1593 428 1614; x_wconf 82' lang='lat' dir='ltr'>Pontifici</span> 
     </span>
     <span class='ocr_line' id='line_1_5' title="bbox 246 1628 363 1645; baseline -0.009 0"><span class='ocrx_word' id='word_1_9' title='bbox 246 1628 363 1645; x_wconf 78' lang='lat' dir='ltr'>reservata.</span> 
     </span>
    </p>
   </div>
   <div class='ocr_carea' id='block_1_3' title="bbox 484 267 549 300">
    <p class='ocr_par' dir='ltr' id='par_1_3' title="bbox 484 267 549 300">
     <span class='ocr_line' id='line_1_6' title="bbox 484 267 549 300; baseline 0 -1"><span class='ocrx_word' id='word_1_10' title='bbox 484 267 549 300; x_wconf 69' lang='lat'>192</span> 
     </span>
    </p>
   </div>
   <div class='ocr_carea' id='block_1_4' title="bbox 432 330 1197 2668">
    <p class='ocr_par' dir='ltr' id='par_1_4' title="bbox 432 330 1197 2668">
     <span class='ocr_line' id='line_1_7' title="bbox 432 330 1181 387; baseline -0.003 -20"><span class='ocrx_word' id='word_1_11' title='bbox 432 332 458 368; x_wconf 89' lang='lat' dir='ltr'>si</span> <span class='ocrx_word' id='word_1_12' title='bbox 478 331 547 368; x_wconf 88' lang='lat' dir='ltr'>talia</span> <span class='ocrx_word' id='word_1_13' title='bbox 575 343 781 387; x_wconf 78' lang='lat' dir='ltr'>praesumens</span> <span class='ocrx_word' id='word_1_14' title='bbox 796 330 975 377; x_wconf 77' lang='lat' dir='ltr'>singularis,</span> <span class='ocrx_word' id='word_1_15' title='bbox 996 331 1181 366; x_wconf 90' lang='lat' dir='ltr'>cuiuscum-</span> 
     </span>
     <span class='ocr_line' id='line_1_8' title="bbox 433 381 1181 430; baseline 0 -14"><span class='ocrx_word' id='word_1_16' title='bbox 433 394 494 430; x_wconf 83' lang='lat' dir='ltr'>que</span> <span class='ocrx_word' id='word_1_17' title='bbox 520 382 710 418; x_wconf 71' lang='lat' dir='ltr'>eminentiae</span> <span class='ocrx_word' id='word_1_18' title='bbox 743 390 795 416; x_wconf 92' lang='lat' dir='ltr'>aut</span> <span class='ocrx_word' id='word_1_19' title='bbox 822 381 994 427; x_wconf 81' lang='lat' dir='ltr'>diruitatis,</span> <span class='ocrx_word' id='word_1_20' title='bbox 1023 390 1054 415; x_wconf 92' lang='lat' dir='ltr'>nt</span> <span class='ocrx_word' id='word_1_21' title='bbox 1083 393 1181 428; x_wconf 88' lang='lat' dir='ltr'>prae—</span> 
     </span>
     <span class='ocr_line' id='line_1_9' title="bbox 435 430 1181 487; baseline -0.003 -20"><span class='ocrx_word' id='word_1_22' title='bbox 435 433 542 473; x_wconf 80' lang='lat' dir='ltr'>fertur,</span> <span class='ocrx_word' id='word_1_23' title='bbox 567 432 612 467; x_wconf 86' lang='lat' dir='ltr'>vel</span> <span class='ocrx_word' id='word_1_24' title='bbox 637 432 752 487; x_wconf 79' lang='lat' dir='ltr'>privata</span> <span class='ocrx_word' id='word_1_25' title='bbox 772 443 903 478; x_wconf 76' lang='lat' dir='ltr'>persona</span> <span class='ocrx_word' id='word_1_26' title='bbox 928 430 1030 474; x_wconf 68' lang='lat' dir='ltr'>futiit,</span> <span class='ocrx_word' id='word_1_27' title='bbox 1054 431 1181 466; x_wconf 85' lang='lat' dir='ltr'>maioris</span> 
     </span>
     <span class='ocr_line' id='line_1_10' title="bbox 434 480 1181 519; baseline -0.003 -2"><span class='ocrx_word' id='word_1_28' title='bbox 434 482 782 519; x_wconf 85' lang='lat' dir='ltr'>excommunicationis,</span> <span class='ocrx_word' id='word_1_29' title='bbox 811 480 922 515; x_wconf 73' lang='lat' dir='ltr'>anatln</span> <span class='ocrx_word' id='word_1_30' title='bbox 927 489 1017 514; x_wconf 76' lang='lat' dir='ltr'>mitis</span> <span class='ocrx_word' id='word_1_31' title='bbox 1039 490 1067 515; x_wconf 79' lang='lat' dir='ltr'>et</span> <span class='ocrx_word' id='word_1_32' title='bbox 1093 480 1181 516; x_wconf 87' lang='lat' dir='ltr'>male</span> 
     </span>
     <span class='ocr_line' id='line_1_11' title="bbox 435 530 1182 573; baseline 0 -7"><span class='ocrx_word' id='word_1_33' title='bbox 435 532 582 567; x_wconf 89' lang='lat' dir='ltr'>dictionis</span> <span class='ocrx_word' id='word_1_34' title='bbox 603 540 745 566; x_wconf 74' lang='lat' dir='ltr'>aeternae</span> <span class='ocrx_word' id='word_1_35' title='bbox 773 530 956 573; x_wconf 73' lang='lat' dir='ltr'>sententias,</span> <span class='ocrx_word' id='word_1_36' title='bbox 978 542 1126 565; x_wconf 75' lang='lat' dir='ltr'>censuras</span> <span class='ocrx_word' id='word_1_37' title='bbox 1152 539 1182 566; x_wconf 82' lang='lat' dir='ltr'>et</span> 
     </span>
     <span class='ocr_line' id='line_1_12' title="bbox 437 588 1182 629; baseline -0.003 -12"><span class='ocrx_word' id='word_1_38' title='bbox 437 594 577 629; x_wconf 85' lang='lat' dir='ltr'>poenas,</span> <span class='ocrx_word' id='word_1_39' title='bbox 600 593 679 628; x_wconf 84' lang='lat' dir='ltr'>quas</span> <span class='ocrx_word' id='word_1_40' title='bbox 705 593 741 615; x_wconf 83' lang='lat' dir='ltr'>ex</span> <span class='ocrx_word' id='word_1_41' title='bbox 765 592 873 623; x_wconf 84' lang='lat' dir='ltr'>nunc,</span> <span class='ocrx_word' id='word_1_42' title='bbox 902 588 993 625; x_wconf 81' lang='lat' dir='ltr'>prout</span> <span class='ocrx_word' id='word_1_43' title='bbox 1021 592 1057 614; x_wconf 72' lang='lat' dir='ltr'>ox</span> <span class='ocrx_word' id='word_1_44' title='bbox 1087 589 1182 619; x_wconf 77' lang='lat' dir='ltr'>tunc,</span> 
     </span>
     <span class='ocr_line' id='line_1_13' title="bbox 436 631 1184 684; baseline -0.009 -17"><span class='ocrx_word' id='word_1_45' title='bbox 436 633 465 667; x_wconf 93' lang='lat' dir='ltr'>in</span> <span class='ocrx_word' id='word_1_46' title='bbox 494 633 578 678; x_wconf 89' lang='lat' dir='ltr'>ipsos</span> <span class='ocrx_word' id='word_1_47' title='bbox 610 631 785 670; x_wconf 73' lang='lat' dir='ltr'>violatores,</span> <span class='ocrx_word' id='word_1_48' title='bbox 821 637 1056 684; x_wconf 76' lang='lat' dir='ltr'>contemptores</span> <span class='ocrx_word' id='word_1_49' title='bbox 1092 638 1184 677; x_wconf 71' lang='lat' dir='ltr'>atque.</span> 
     </span>
     <span class='ocr_line' id='line_1_14' title="bbox 436 678 1184 717; baseline -0.005 0"><span class='ocrx_word' id='word_1_50' title='bbox 436 681 570 717; x_wconf 78' lang='lat' dir='ltr'>rebelles</span> <span class='ocrx_word' id='word_1_51' title='bbox 591 680 814 716; x_wconf 67' lang='lat' dir='ltr'>sententialiter</span> <span class='ocrx_word' id='word_1_52' title='bbox 836 678 994 714; x_wconf 74' lang='lat' dir='ltr'>ferimus</span> <span class='ocrx_word' id='word_1_53' title='bbox 989 692 1018 713; x_wconf 85' lang='lat' dir='ltr'>tn</span> <span class='ocrx_word' id='word_1_54' title='bbox 1043 680 1089 714; x_wconf 78' lang='lat' dir='ltr'>liis</span> <span class='ocrx_word' id='word_1_55' title='bbox 1111 681 1184 715; x_wconf 82' lang='lat' dir='ltr'>scii-</span> 
     </span>
     <span class='ocr_line' id='line_1_15' title="bbox 438 729 1185 780; baseline -0.001 -14"><span class='ocrx_word' id='word_1_56' title='bbox 438 732 510 780; x_wconf 88' lang='lat' dir='ltr'>ptis,</span> <span class='ocrx_word' id='word_1_57' title='bbox 533 732 599 778; x_wconf 90' lang='lat' dir='ltr'>ipso</span> <span class='ocrx_word' id='word_1_58' title='bbox 622 730 702 765; x_wconf 84' lang='lat' dir='ltr'>facto</span> <span class='ocrx_word' id='word_1_59' title='bbox 730 730 902 768; x_wconf 83' lang='lat' dir='ltr'>incurrant</span> <span class='ocrx_word' id='word_1_60' title='bbox 926 742 940 763; x_wconf 90' lang='lat' dir='ltr'>a</span> <span class='ocrx_word' id='word_1_61' title='bbox 963 729 1078 776; x_wconf 85' lang='lat' dir='ltr'>quibus</span> <span class='ocrx_word' id='word_1_62' title='bbox 1095 742 1185 776; x_wconf 88' lang='lat' dir='ltr'>ptae-</span> 
     </span>
     <span class='ocr_line' id='line_1_16' title="bbox 437 779 1185 828; baseline -0.007 -11"><span class='ocrx_word' id='word_1_63' title='bbox 437 791 577 828; x_wconf 89' lang='lat' dir='ltr'>terquam</span> <span class='ocrx_word' id='word_1_64' title='bbox 613 792 667 827; x_wconf 84' lang='lat' dir='ltr'>per</span> <span class='ocrx_word' id='word_1_65' title='bbox 690 791 747 814; x_wconf 87' lang='lat' dir='ltr'>nos</span> <span class='ocrx_word' id='word_1_66' title='bbox 772 779 816 813; x_wconf 76' lang='lat' dir='ltr'>vel</span> <span class='ocrx_word' id='word_1_67' title='bbox 839 790 1039 814; x_wconf 77' lang='lat' dir='ltr'>successores</span> <span class='ocrx_word' id='word_1_68' title='bbox 1062 788 1185 814; x_wconf 74' lang='lat' dir='ltr'>nostros</span> 
     </span>
     <span class='ocr_line' id='line_1_17' title="bbox 436 828 1186 874; baseline -0.005 -7.896"><span class='ocrx_word' id='word_1_69' title='bbox 436 830 587 867; x_wconf 89' lang='lat' dir='ltr'>canonice</span> <span class='ocrx_word' id='word_1_70' title='bbox 624 830 792 872; x_wconf 80' lang='lat' dir='ltr'>intrantes</span> <span class='ocrx_word' id='word_1_71' title='bbox 820 828 925 863; x_wconf 84' lang='lat' dir='ltr'>debita</span> <span class='ocrx_word' id='word_1_72' title='bbox 960 837 1063 863; x_wconf 76' lang='lat' dir='ltr'>tamon</span> <span class='ocrx_word' id='word_1_73' title='bbox 1101 829 1186 874; x_wconf 77' lang='lat' dir='ltr'>prius</span> 
     </span>
     <span class='ocr_line' id='line_1_18' title="bbox 437 878 1186 927; baseline -0.003 -11"><span class='ocrx_word' id='word_1_74' title='bbox 437 880 647 917; x_wconf 80' lang='lat' dir='ltr'>satisfactione</span> <span class='ocrx_word' id='word_1_75' title='bbox 662 879 846 927; x_wconf 86' lang='lat' dir='ltr'>praemissa,</span> <span class='ocrx_word' id='word_1_76' title='bbox 863 878 1071 913; x_wconf 79' lang='lat' dir='ltr'>absolutionis</span> <span class='ocrx_word' id='word_1_77' title='bbox 1095 879 1186 914; x_wconf 73' lang='lat' dir='ltr'>liene-</span> 
     </span>
     <span class='ocr_line' id='line_1_19' title="bbox 438 928 1186 977; baseline -0.004 -11"><span class='ocrx_word' id='word_1_78' title='bbox 438 930 545 966; x_wconf 85' lang='lat' dir='ltr'>licium</span> <span class='ocrx_word' id='word_1_79' title='bbox 572 929 731 977; x_wconf 66' lang='lat' dir='ltr'>dequeant</span> <span class='ocrx_word' id='word_1_80' title='bbox 764 929 922 969; x_wconf 68' lang='lat' dir='ltr'>otninere3</span> <span class='ocrx_word' id='word_1_81' title='bbox 951 928 1089 975; x_wconf 88' lang='lat' dir='ltr'>ipsorum</span> <span class='ocrx_word' id='word_1_82' title='bbox 1115 940 1186 964; x_wconf 82' lang='lat' dir='ltr'>vcro</span> 
     </span>
     <span class='ocr_line' id='line_1_20' title="bbox 439 957 1186 1028; baseline -0.003 -13"><span class='ocrx_word' id='word_1_83' title='bbox 439 992 534 1028; x_wconf 82' lang='lat' dir='ltr'>regna</span> <span class='ocrx_word' id='word_1_84' title='bbox 561 987 591 1014; x_wconf 91' lang='lat' dir='ltr'>et</span> <span class='ocrx_word' id='word_1_85' title='bbox 623 978 779 1022; x_wconf 83' lang='lat' dir='ltr'>dominia,</span> <span class='ocrx_word' id='word_1_86' title='bbox 809 957 958 1017; x_wconf 82' lang='lat' dir='ltr'>ducattis</span> <span class='ocrx_word' id='word_1_87' title='bbox 987 978 1186 1013; x_wconf 82' lang='lat' dir='ltr'>marchiona-</span> 
     </span>
     <span class='ocr_line' id='line_1_21' title="bbox 439 1027 1185 1083; baseline -0.004 -18"><span class='ocrx_word' id='word_1_88' title='bbox 439 1039 500 1075; x_wconf 85' lang='lat' dir='ltr'>tus,</span> <span class='ocrx_word' id='word_1_89' title='bbox 523 1029 700 1067; x_wconf 84' lang='lat' dir='ltr'>comitatus</span> <span class='ocrx_word' id='word_1_90' title='bbox 723 1029 862 1063; x_wconf 84' lang='lat' dir='ltr'>civitates</span> <span class='ocrx_word' id='word_1_91' title='bbox 885 1036 913 1062; x_wconf 89' lang='lat' dir='ltr'>et</span> <span class='ocrx_word' id='word_1_92' title='bbox 937 1027 1015 1083; x_wconf 81' lang='lat' dir='ltr'>loca,</span> <span class='ocrx_word' id='word_1_93' title='bbox 1037 1040 1073 1063; x_wconf 89' lang='lat' dir='ltr'>ac</span> <span class='ocrx_word' id='word_1_94' title='bbox 1094 1028 1185 1063; x_wconf 88' lang='lat' dir='ltr'>etiam</span> 
     </span>
     <span class='ocr_line' id='line_1_22' title="bbox 439 1077 1187 1127; baseline -0.004 -12"><span class='ocrx_word' id='word_1_95' title='bbox 439 1091 656 1127; x_wconf 88' lang='lat' dir='ltr'>quaecumque</span> <span class='ocrx_word' id='word_1_96' title='bbox 675 1078 734 1113; x_wconf 89' lang='lat' dir='ltr'>alia</span> <span class='ocrx_word' id='word_1_97' title='bbox 756 1077 905 1122; x_wconf 87' lang='lat' dir='ltr'>dominia,</span> <span class='ocrx_word' id='word_1_98' title='bbox 928 1078 1068 1112; x_wconf 84' lang='lat' dir='ltr'>civitates</span> <span class='ocrx_word' id='word_1_99' title='bbox 1086 1086 1114 1112; x_wconf 90' lang='lat' dir='ltr'>et</span> <span class='ocrx_word' id='word_1_100' title='bbox 1137 1090 1187 1125; x_wconf 90' lang='lat' dir='ltr'>op-</span> 
     </span>
     <span class='ocr_line' id='line_1_23' title="bbox 441 1127 1188 1177; baseline -0.001 -14"><span class='ocrx_word' id='word_1_101' title='bbox 441 1129 511 1177; x_wconf 87' lang='lat' dir='ltr'>pida</span> <span class='ocrx_word' id='word_1_102' title='bbox 549 1128 609 1163; x_wconf 91' lang='lat' dir='ltr'>sub</span> <span class='ocrx_word' id='word_1_103' title='bbox 646 1128 789 1164; x_wconf 87' lang='lat' dir='ltr'>libertate</span> <span class='ocrx_word' id='word_1_104' title='bbox 816 1127 978 1168; x_wconf 77' lang='lat' dir='ltr'>viventes,</span> <span class='ocrx_word' id='word_1_105' title='bbox 1015 1140 1188 1174; x_wconf 84' lang='lat' dir='ltr'>eorumque</span> 
     </span>
     <span class='ocr_line' id='line_1_24' title="bbox 441 1177 1188 1214; baseline -0.003 0"><span class='ocrx_word' id='word_1_106' title='bbox 441 1179 682 1214; x_wconf 82' lang='lat' dir='ltr'>communitates</span> <span class='ocrx_word' id='word_1_107' title='bbox 713 1186 744 1213; x_wconf 85' lang='lat' dir='ltr'>et</span> <span class='ocrx_word' id='word_1_108' title='bbox 771 1177 988 1212; x_wconf 74' lang='lat' dir='ltr'>universitates</span> <span class='ocrx_word' id='word_1_109' title='bbox 1023 1178 1188 1212; x_wconf 86' lang='lat' dir='ltr'>interdicto</span> 
     </span>
     <span class='ocr_line' id='line_1_25' title="bbox 442 1226 1188 1267; baseline -0.004 -3"><span class='ocrx_word' id='word_1_110' title='bbox 442 1231 470 1264; x_wconf 90' lang='lat' dir='ltr'>in</span> <span class='ocrx_word' id='word_1_111' title='bbox 488 1229 534 1264; x_wconf 92' lang='lat' dir='ltr'>eis</span> <span class='ocrx_word' id='word_1_112' title='bbox 554 1228 753 1263; x_wconf 81' lang='lat' dir='ltr'>strictissime</span> <span class='ocrx_word' id='word_1_113' title='bbox 776 1226 974 1262; x_wconf 67' lang='lat' dir='ltr'>observando</span> <span class='ocrx_word' id='word_1_114' title='bbox 995 1227 1188 1267; x_wconf 78' lang='lat' dir='ltr'>subiaceant3</span> 
     </span>
     <span class='ocr_line' id='line_1_26' title="bbox 440 1276 1188 1332; baseline -0.003 -19"><span class='ocrx_word' id='word_1_115' title='bbox 440 1287 469 1313; x_wconf 89' lang='lat' dir='ltr'>et</span> <span class='ocrx_word' id='word_1_116' title='bbox 494 1277 698 1313; x_wconf 85' lang='lat' dir='ltr'>nibilominus</span> <span class='ocrx_word' id='word_1_117' title='bbox 723 1278 819 1332; x_wconf 78' lang='lat' dir='ltr'>pacis</span> <span class='ocrx_word' id='word_1_118' title='bbox 838 1276 1036 1320; x_wconf 77' lang='lat' dir='ltr'>concordiae,</span> <span class='ocrx_word' id='word_1_119' title='bbox 1059 1279 1188 1312; x_wconf 86' lang='lat' dir='ltr'>confoe-</span> 
     </span>
     <span class='ocr_line' id='line_1_27' title="bbox 441 1326 1188 1374; baseline -0.001 -12"><span class='ocrx_word' id='word_1_120' title='bbox 441 1328 621 1372; x_wconf 85' lang='lat' dir='ltr'>derationis,</span> <span class='ocrx_word' id='word_1_121' title='bbox 650 1327 774 1362; x_wconf 80' lang='lat' dir='ltr'>unionis</span> <span class='ocrx_word' id='word_1_122' title='bbox 802 1335 831 1361; x_wconf 82' lang='lat' dir='ltr'>et</span> <span class='ocrx_word' id='word_1_123' title='bbox 859 1326 936 1373; x_wconf 81' lang='lat' dir='ltr'>ligae</span> <span class='ocrx_word' id='word_1_124' title='bbox 960 1326 1188 1374; x_wconf 88' lang='lat' dir='ltr'>praedictarum</span> 
     </span>
     <span class='ocr_line' id='line_1_28' title="bbox 443 1376 1191 1424; baseline -0.003 -12"><span class='ocrx_word' id='word_1_125' title='bbox 443 1377 584 1416; x_wconf 76' lang='lat' dir='ltr'>foedera,</span> <span class='ocrx_word' id='word_1_126' title='bbox 619 1377 721 1424; x_wconf 88' lang='lat' dir='ltr'>quoad</span> <span class='ocrx_word' id='word_1_127' title='bbox 759 1376 896 1424; x_wconf 88' lang='lat' dir='ltr'>reliquos</span> <span class='ocrx_word' id='word_1_128' title='bbox 937 1385 1115 1423; x_wconf 81' lang='lat' dir='ltr'>potentatus</span> <span class='ocrx_word' id='word_1_129' title='bbox 1160 1385 1191 1412; x_wconf 87' lang='lat' dir='ltr'>et</span> 
     </span>
     <span class='ocr_line' id='line_1_29' title="bbox 443 1426 1190 1470; baseline -0.004 -7"><span class='ocrx_word' id='word_1_130' title='bbox 443 1427 680 1463; x_wconf 83' lang='lat' dir='ltr'>confoederatos</span> <span class='ocrx_word' id='word_1_131' title='bbox 709 1427 759 1461; x_wconf 84' lang='lat' dir='ltr'>illa</span> <span class='ocrx_word' id='word_1_132' title='bbox 793 1434 965 1470; x_wconf 83' lang='lat' dir='ltr'>servantes,</span> <span class='ocrx_word' id='word_1_133' title='bbox 992 1426 1102 1461; x_wconf 82' lang='lat' dir='ltr'>violata</span> <span class='ocrx_word' id='word_1_134' title='bbox 1131 1427 1190 1460; x_wconf 93' lang='lat' dir='ltr'>mi-</span> 
     </span>
     <span class='ocr_line' id='line_1_30' title="bbox 444 1476 1190 1523; baseline -0.004 -11"><span class='ocrx_word' id='word_1_135' title='bbox 444 1478 527 1512; x_wconf 89' lang='lat' dir='ltr'>nime</span> <span class='ocrx_word' id='word_1_136' title='bbox 549 1484 749 1520; x_wconf 70' lang='lat' dir='ltr'>censeantur,</span> <span class='ocrx_word' id='word_1_137' title='bbox 771 1476 838 1521; x_wconf 83' lang='lat' dir='ltr'>sed,</span> <span class='ocrx_word' id='word_1_138' title='bbox 857 1483 1085 1523; x_wconf 87' lang='lat' dir='ltr'>contemptore,</span> <span class='ocrx_word' id='word_1_139' title='bbox 1099 1476 1190 1510; x_wconf 91' lang='lat' dir='ltr'>viola-</span> 
     </span>
     <span class='ocr_line' id='line_1_31' title="bbox 445 1524 1191 1571; baseline -0.001 -10"><span class='ocrx_word' id='word_1_140' title='bbox 445 1535 510 1562; x_wconf 86' lang='lat' dir='ltr'>tore</span> <span class='ocrx_word' id='word_1_141' title='bbox 532 1535 561 1560; x_wconf 85' lang='lat' dir='ltr'>ct</span> <span class='ocrx_word' id='word_1_142' title='bbox 590 1526 710 1571; x_wconf 83' lang='lat' dir='ltr'>rebelli,</span> <span class='ocrx_word' id='word_1_143' title='bbox 731 1537 795 1560; x_wconf 89' lang='lat' dir='ltr'>uno</span> <span class='ocrx_word' id='word_1_144' title='bbox 823 1525 868 1560; x_wconf 80' lang='lat' dir='ltr'>rel</span> <span class='ocrx_word' id='word_1_145' title='bbox 894 1524 1047 1571; x_wconf 83' lang='lat' dir='ltr'>pluribus,</span> <span class='ocrx_word' id='word_1_146' title='bbox 1063 1525 1191 1560; x_wconf 85' lang='lat' dir='ltr'>excluso</span> 
     </span>
     <span class='ocr_line' id='line_1_32' title="bbox 445 1574 1190 1624; baseline 0 -14"><span class='ocrx_word' id='word_1_147' title='bbox 445 1576 492 1611; x_wconf 89' lang='lat' dir='ltr'>vel</span> <span class='ocrx_word' id='word_1_148' title='bbox 505 1576 653 1617; x_wconf 75' lang='lat' dir='ltr'>exclusis,</span> <span class='ocrx_word' id='word_1_149' title='bbox 666 1588 737 1624; x_wconf 79' lang='lat' dir='ltr'>pax,</span> <span class='ocrx_word' id='word_1_150' title='bbox 751 1574 931 1615; x_wconf 80' lang='lat' dir='ltr'>concordia,</span> <span class='ocrx_word' id='word_1_151' title='bbox 946 1575 1190 1620; x_wconf 72' lang='lat' dir='ltr'>confoederatio,</span> 
     </span>
     <span class='ocr_line' id='line_1_33' title="bbox 443 1624 1192 1673; baseline -0.004 -11"><span class='ocrx_word' id='word_1_152' title='bbox 443 1627 519 1662; x_wconf 91' lang='lat' dir='ltr'>unio</span> <span class='ocrx_word' id='word_1_153' title='bbox 542 1635 571 1660; x_wconf 81' lang='lat' dir='ltr'>et</span> <span class='ocrx_word' id='word_1_154' title='bbox 599 1626 658 1672; x_wconf 80' lang='lat' dir='ltr'>liga</span> <span class='ocrx_word' id='word_1_155' title='bbox 682 1625 870 1673; x_wconf 75' lang='lat' dir='ltr'>praedictae,</span> <span class='ocrx_word' id='word_1_156' title='bbox 893 1624 995 1672; x_wconf 88' lang='lat' dir='ltr'>quoad</span> <span class='ocrx_word' id='word_1_157' title='bbox 1023 1625 1100 1660; x_wconf 87' lang='lat' dir='ltr'>alios</span> <span class='ocrx_word' id='word_1_158' title='bbox 1129 1638 1192 1672; x_wconf 90' lang='lat' dir='ltr'>po-</span> 
     </span>
     <span class='ocr_line' id='line_1_34' title="bbox 445 1674 1192 1718; baseline -0.001 -8"><span class='ocrx_word' id='word_1_159' title='bbox 445 1683 582 1711; x_wconf 87' lang='lat' dir='ltr'>tentatus</span> <span class='ocrx_word' id='word_1_160' title='bbox 604 1685 633 1709; x_wconf 88' lang='lat' dir='ltr'>et</span> <span class='ocrx_word' id='word_1_161' title='bbox 655 1675 906 1718; x_wconf 83' lang='lat' dir='ltr'>confoederatos,</span> <span class='ocrx_word' id='word_1_162' title='bbox 931 1674 1047 1716; x_wconf 82' lang='lat' dir='ltr'>firmae,</span> <span class='ocrx_word' id='word_1_163' title='bbox 1063 1675 1192 1710; x_wconf 90' lang='lat' dir='ltr'>stabiles</span> 
     </span>
     <span class='ocr_line' id='line_1_35' title="bbox 444 1724 1193 1773; baseline -0.001 -12"><span class='ocrx_word' id='word_1_164' title='bbox 444 1736 474 1761; x_wconf 87' lang='lat' dir='ltr'>et</span> <span class='ocrx_word' id='word_1_165' title='bbox 503 1725 639 1761; x_wconf 86' lang='lat' dir='ltr'>illibatae</span> <span class='ocrx_word' id='word_1_166' title='bbox 663 1725 845 1773; x_wconf 74' lang='lat' dir='ltr'>perdurent,</span> <span class='ocrx_word' id='word_1_167' title='bbox 869 1725 952 1759; x_wconf 85' lang='lat' dir='ltr'>iuxta</span> <span class='ocrx_word' id='word_1_168' title='bbox 971 1724 1139 1771; x_wconf 86' lang='lat' dir='ltr'>praemissa</span> <span class='ocrx_word' id='word_1_169' title='bbox 1163 1733 1193 1760; x_wconf 87' lang='lat' dir='ltr'>et</span> 
     </span>
     <span class='ocr_line' id='line_1_36' title="bbox 445 1774 1192 1822; baseline -0.001 -12"><span class='ocrx_word' id='word_1_170' title='bbox 445 1775 651 1822; x_wconf 89' lang='lat' dir='ltr'>capitulorum</span> <span class='ocrx_word' id='word_1_171' title='bbox 691 1775 914 1810; x_wconf 83' lang='lat' dir='ltr'>continentiam</span> <span class='ocrx_word' id='word_1_172' title='bbox 949 1774 1192 1820; x_wconf 84' lang='lat' dir='ltr'>praedictorum,</span> 
     </span>
     <span class='ocr_line' id='line_1_37' title="bbox 444 1824 1191 1871; baseline -0.003 -11"><span class='ocrx_word' id='word_1_173' title='bbox 444 1825 630 1860; x_wconf 86' lang='lat' dir='ltr'>adiicientes</span> <span class='ocrx_word' id='word_1_174' title='bbox 665 1825 759 1859; x_wconf 85' lang='lat' dir='ltr'>etiam</span> <span class='ocrx_word' id='word_1_175' title='bbox 798 1824 1008 1871; x_wconf 82' lang='lat' dir='ltr'>supradictiS,</span> <span class='ocrx_word' id='word_1_176' title='bbox 1044 1824 1128 1871; x_wconf 86' lang='lat' dir='ltr'>quod</span> <span class='ocrx_word' id='word_1_177' title='bbox 1167 1826 1191 1860; x_wconf 89' lang='lat' dir='ltr'>si</span> 
     </span>
     <span class='ocr_line' id='line_1_38' title="bbox 446 1873 1193 1921; baseline 0 -12"><span class='ocrx_word' id='word_1_178' title='bbox 446 1875 544 1910; x_wconf 87' lang='lat' dir='ltr'>bostis</span> <span class='ocrx_word' id='word_1_179' title='bbox 565 1875 684 1921; x_wconf 88' lang='lat' dir='ltr'>antiqui</span> <span class='ocrx_word' id='word_1_180' title='bbox 712 1874 880 1921; x_wconf 81' lang='lat' dir='ltr'>proditoris</span> <span class='ocrx_word' id='word_1_181' title='bbox 902 1873 1082 1914; x_wconf 78' lang='lat' dir='ltr'>calliditate,</span> <span class='ocrx_word' id='word_1_182' title='bbox 1103 1886 1193 1921; x_wconf 87' lang='lat' dir='ltr'>prae-</span> 
     </span>
     <span class='ocr_line' id='line_1_39' title="bbox 447 1923 1191 1970; baseline -0.003 -11"><span class='ocrx_word' id='word_1_183' title='bbox 447 1923 1191 1970; x_wconf 78' lang='lat' dir='ltr'>missorumoccasione,ambiguitatemaliquam</span> 
     </span>
     <span class='ocr_line' id='line_1_40' title="bbox 446 1973 1194 2019; baseline -0.001 -10"><span class='ocrx_word' id='word_1_184' title='bbox 446 1986 501 2010; x_wconf 89' lang='lat' dir='ltr'>seu</span> <span class='ocrx_word' id='word_1_185' title='bbox 524 1986 561 2009; x_wconf 80' lang='lat' dir='ltr'>ex</span> <span class='ocrx_word' id='word_1_186' title='bbox 583 1973 747 2008; x_wconf 88' lang='lat' dir='ltr'>verborum</span> <span class='ocrx_word' id='word_1_187' title='bbox 770 1973 1017 2019; x_wconf 80' lang='lat' dir='ltr'>significatione,</span> <span class='ocrx_word' id='word_1_188' title='bbox 1045 1973 1089 2006; x_wconf 72' lang='lat' dir='ltr'>vel</span> <span class='ocrx_word' id='word_1_189' title='bbox 1118 1973 1194 2008; x_wconf 88' lang='lat' dir='ltr'>alias</span> 
     </span>
     <span class='ocr_line' id='line_1_41' title="bbox 446 2022 1194 2070; baseline -0.001 -11"><span class='ocrx_word' id='word_1_190' title='bbox 446 2023 618 2059; x_wconf 90' lang='lat' dir='ltr'>dubietatis</span> <span class='ocrx_word' id='word_1_191' title='bbox 652 2022 838 2070; x_wconf 88' lang='lat' dir='ltr'>scrupulum</span> <span class='ocrx_word' id='word_1_192' title='bbox 878 2023 992 2057; x_wconf 76' lang='lat' dir='ltr'>exoriri</span> <span class='ocrx_word' id='word_1_193' title='bbox 1034 2023 1194 2069; x_wconf 79' lang='lat' dir='ltr'>contingat</span> 
     </span>
     <span class='ocr_line' id='line_1_42' title="bbox 447 2072 1194 2119; baseline 0 -11"><span class='ocrx_word' id='word_1_194' title='bbox 447 2074 574 2110; x_wconf 78' lang='lat' dir='ltr'>forsitan</span> <span class='ocrx_word' id='word_1_195' title='bbox 598 2073 628 2107; x_wconf 92' lang='lat' dir='ltr'>in</span> <span class='ocrx_word' id='word_1_196' title='bbox 653 2073 805 2117; x_wconf 91' lang='lat' dir='ltr'>futurum,</span> <span class='ocrx_word' id='word_1_197' title='bbox 829 2072 919 2107; x_wconf 87' lang='lat' dir='ltr'>nobis</span> <span class='ocrx_word' id='word_1_198' title='bbox 945 2081 973 2107; x_wconf 87' lang='lat' dir='ltr'>et</span> <span class='ocrx_word' id='word_1_199' title='bbox 1011 2073 1088 2119; x_wconf 87' lang='lat' dir='ltr'>ipsis</span> <span class='ocrx_word' id='word_1_200' title='bbox 1120 2085 1194 2108; x_wconf 88' lang='lat' dir='ltr'>snc-</span> 
     </span>
     <span class='ocr_line' id='line_1_43' title="bbox 447 2126 1195 2174; baseline -0.004 -10"><span class='ocrx_word' id='word_1_201' title='bbox 447 2128 626 2164; x_wconf 88' lang='lat' dir='ltr'>cessoribus</span> <span class='ocrx_word' id='word_1_202' title='bbox 639 2128 677 2163; x_wconf 89' lang='lat' dir='ltr'>sit</span> <span class='ocrx_word' id='word_1_203' title='bbox 692 2127 787 2162; x_wconf 82' lang='lat' dir='ltr'>libera</span> <span class='ocrx_word' id='word_1_204' title='bbox 811 2134 839 2161; x_wconf 85' lang='lat' dir='ltr'>et</span> <span class='ocrx_word' id='word_1_205' title='bbox 864 2127 952 2174; x_wconf 88' lang='lat' dir='ltr'>plena</span> <span class='ocrx_word' id='word_1_206' title='bbox 974 2126 1115 2171; x_wconf 80' lang='lat' dir='ltr'>facultas,</span> <span class='ocrx_word' id='word_1_207' title='bbox 1140 2139 1195 2174; x_wconf 87' lang='lat' dir='ltr'>pro</span> 
     </span>
     <span class='ocr_line' id='line_1_44' title="bbox 448 2182 1196 2231; baseline -0.001 -13"><span class='ocrx_word' id='word_1_208' title='bbox 448 2184 586 2231; x_wconf 88' lang='lat' dir='ltr'>ipsarum</span> <span class='ocrx_word' id='word_1_209' title='bbox 622 2183 757 2230; x_wconf 85' lang='lat' dir='ltr'>partium</span> <span class='ocrx_word' id='word_1_210' title='bbox 791 2182 897 2230; x_wconf 87' lang='lat' dir='ltr'>quiete</span> <span class='ocrx_word' id='word_1_211' title='bbox 928 2194 963 2216; x_wconf 90' lang='lat' dir='ltr'>ac</span> <span class='ocrx_word' id='word_1_212' title='bbox 1001 2182 1095 2228; x_wconf 83' lang='lat' dir='ltr'>pacis,</span> <span class='ocrx_word' id='word_1_213' title='bbox 1118 2194 1196 2217; x_wconf 88' lang='lat' dir='ltr'>con-</span> 
     </span>
     <span class='ocr_line' id='line_1_45' title="bbox 447 2236 1197 2283; baseline -0.003 -11"><span class='ocrx_word' id='word_1_214' title='bbox 447 2237 583 2282; x_wconf 78' lang='lat' dir='ltr'>cordiae,</span> <span class='ocrx_word' id='word_1_215' title='bbox 605 2237 890 2273; x_wconf 84' lang='lat' dir='ltr'>confoederationis</span> <span class='ocrx_word' id='word_1_216' title='bbox 911 2244 941 2272; x_wconf 88' lang='lat' dir='ltr'>ct</span> <span class='ocrx_word' id='word_1_217' title='bbox 964 2236 1042 2282; x_wconf 82' lang='lat' dir='ltr'>ligae</span> <span class='ocrx_word' id='word_1_218' title='bbox 1059 2236 1197 2283; x_wconf 86' lang='lat' dir='ltr'>praedic-</span> 
     </span>
     <span class='ocr_line' id='line_1_46' title="bbox 447 2290 1196 2327; baseline -0.001 -1"><span class='ocrx_word' id='word_1_219' title='bbox 447 2300 547 2327; x_wconf 88' lang='lat' dir='ltr'>tarum</span> <span class='ocrx_word' id='word_1_220' title='bbox 582 2292 783 2327; x_wconf 81' lang='lat' dir='ltr'>subsistentia</span> <span class='ocrx_word' id='word_1_221' title='bbox 825 2299 854 2326; x_wconf 85' lang='lat' dir='ltr'>ct</span> <span class='ocrx_word' id='word_1_222' title='bbox 882 2291 1101 2327; x_wconf 89' lang='lat' dir='ltr'>observatione</span> <span class='ocrx_word' id='word_1_223' title='bbox 1136 2290 1196 2325; x_wconf 81' lang='lat' dir='ltr'>fir—</span> 
     </span>
     <span class='ocr_line' id='line_1_47' title="bbox 447 2344 1196 2392; baseline -0.003 -11"><span class='ocrx_word' id='word_1_224' title='bbox 447 2347 550 2390; x_wconf 89' lang='lat' dir='ltr'>miori,</span> <span class='ocrx_word' id='word_1_225' title='bbox 589 2358 700 2381; x_wconf 87' lang='lat' dir='ltr'>omnes</span> <span class='ocrx_word' id='word_1_226' title='bbox 734 2355 762 2380; x_wconf 86' lang='lat' dir='ltr'>et</span> <span class='ocrx_word' id='word_1_227' title='bbox 798 2346 939 2392; x_wconf 78' lang='lat' dir='ltr'>singulas</span> <span class='ocrx_word' id='word_1_228' title='bbox 975 2344 1196 2391; x_wconf 71' lang='lat' dir='ltr'>ambiguitates</span> 
     </span>
     <span class='ocr_line' id='line_1_48' title="bbox 447 2399 1196 2436; baseline -0.005 -1"><span class='ocrx_word' id='word_1_229' title='bbox 447 2409 478 2436; x_wconf 87' lang='lat' dir='ltr'>et</span> <span class='ocrx_word' id='word_1_230' title='bbox 518 2401 612 2436; x_wconf 92' lang='lat' dir='ltr'>dubia</span> <span class='ocrx_word' id='word_1_231' title='bbox 652 2409 774 2436; x_wconf 84' lang='lat' dir='ltr'>nostrae</span> <span class='ocrx_word' id='word_1_232' title='bbox 808 2399 1027 2435; x_wconf 82' lang='lat' dir='ltr'>declarationis</span> <span class='ocrx_word' id='word_1_233' title='bbox 1068 2401 1196 2433; x_wconf 84' lang='lat' dir='ltr'>oraculo</span> 
     </span>
     <span class='ocr_line' id='line_1_49' title="bbox 447 2454 1195 2503; baseline -0.005 -12"><span class='ocrx_word' id='word_1_234' title='bbox 447 2456 555 2491; x_wconf 87' lang='lat' dir='ltr'>tollere</span> <span class='ocrx_word' id='word_1_235' title='bbox 592 2465 620 2491; x_wconf 90' lang='lat' dir='ltr'>et</span> <span class='ocrx_word' id='word_1_236' title='bbox 658 2456 781 2503; x_wconf 87' lang='lat' dir='ltr'>penitus</span> <span class='ocrx_word' id='word_1_237' title='bbox 825 2463 1008 2502; x_wconf 79' lang='lat' dir='ltr'>amputare,</span> <span class='ocrx_word' id='word_1_238' title='bbox 1054 2454 1195 2501; x_wconf 72' lang='lat' dir='ltr'>interque</span> 
     </span>
     <span class='ocr_line' id='line_1_50' title="bbox 449 2509 1196 2559; baseline -0.004 -13"><span class='ocrx_word' id='word_1_239' title='bbox 449 2509 627 2559; x_wconf 81' lang='lat' dir='ltr'>potentatus</span> <span class='ocrx_word' id='word_1_240' title='bbox 668 2511 753 2557; x_wconf 88' lang='lat' dir='ltr'>ipsos</span> <span class='ocrx_word' id='word_1_241' title='bbox 784 2509 987 2553; x_wconf 79' lang='lat' dir='ltr'>differentias,</span> <span class='ocrx_word' id='word_1_242' title='bbox 1019 2516 1196 2544; x_wconf 71' lang='lat' dir='ltr'>controver-</span> 
     </span>
     <span class='ocr_line' id='line_1_51' title="bbox 447 2562 1195 2610; baseline -0.009 -9"><span class='ocrx_word' id='word_1_243' title='bbox 447 2566 510 2601; x_wconf 86' lang='lat' dir='ltr'>sias</span> <span class='ocrx_word' id='word_1_244' title='bbox 544 2573 574 2600; x_wconf 85' lang='lat' dir='ltr'>et</span> <span class='ocrx_word' id='word_1_245' title='bbox 595 2565 792 2605; x_wconf 80' lang='lat' dir='ltr'>simultates,</span> <span class='ocrx_word' id='word_1_246' title='bbox 827 2564 869 2608; x_wconf 77' lang='lat' dir='ltr'>si,</span> <span class='ocrx_word' id='word_1_247' title='bbox 898 2563 981 2610; x_wconf 75' lang='lat' dir='ltr'>qnod</span> <span class='ocrx_word' id='word_1_248' title='bbox 1011 2562 1111 2602; x_wconf 76' lang='lat' dir='ltr'>absit,</span> <span class='ocrx_word' id='word_1_249' title='bbox 1135 2574 1195 2595; x_wconf 78' lang='lat' dir='ltr'>os·-</span> 
     </span>
     <span class='ocr_line' id='line_1_52' title="bbox 448 2617 1195 2668; baseline -0.008 -11"><span class='ocrx_word' id='word_1_250' title='bbox 448 2621 572 2657; x_wconf 88' lang='lat' dir='ltr'>casione</span> <span class='ocrx_word' id='word_1_251' title='bbox 619 2620 861 2668; x_wconf 87' lang='lat' dir='ltr'>praemissorum</span> <span class='ocrx_word' id='word_1_252' title='bbox 905 2618 1100 2659; x_wconf 81' lang='lat' dir='ltr'>emerserint,</span> <span class='ocrx_word' id='word_1_253' title='bbox 1144 2617 1195 2651; x_wconf 89' lang='lat' dir='ltr'>di-</span> 
     </span>
    </p>
   </div>
   <div class='ocr_carea' id='block_1_5' title="bbox 449 2674 1198 2720">
    <p class='ocr_par' dir='ltr' id='par_1_5' title="bbox 449 2674 1198 2720">
     <span class='ocr_line' id='line_1_53' title="bbox 449 2674 1198 2720; baseline -0.008 -6"><span class='ocrx_word' id='word_1_254' title='bbox 449 2676 577 2714; x_wconf 78' lang='lat' dir='ltr'>rimere.</span> <span class='ocrx_word' id='word_1_255' title='bbox 615 2675 782 2711; x_wconf 80' lang='lat' dir='ltr'>terminare</span> <span class='ocrx_word' id='word_1_256' title='bbox 825 2687 862 2710; x_wconf 87' lang='lat' dir='ltr'>ae</span> <span class='ocrx_word' id='word_1_257' title='bbox 895 2674 1065 2720; x_wconf 87' lang='lat' dir='ltr'>decidere,</span> <span class='ocrx_word' id='word_1_258' title='bbox 1106 2681 1198 2720; x_wconf 88' lang='lat' dir='ltr'>prout</span> 
     </span>
    </p>
   </div>
   <div class='ocr_carea' id='block_1_6' title="bbox 1004 275 1378 300">
    <p class='ocr_par' dir='ltr' id='par_1_6' title="bbox 1004 275 1378 300">
     <span class='ocr_line' id='line_1_54' title="bbox 1004 275 1378 300; baseline 0.005 -2"><span class='ocrx_word' id='word_1_259' title='bbox 1004 275 1140 299; x_wconf 64' lang='lat' dir='ltr'>ernam</span> <span class='ocrx_word' id='word_1_260' title='bbox 1146 276 1190 299; x_wconf 63' lang='grc' dir='ltr'>[ΕΜ</span> <span class='ocrx_word' id='word_1_261' title='bbox 1219 275 1378 300; x_wconf 59' lang='grc' dir='ltr'>ΙΚΟΞῘΑΝΕΜ</span> 
     </span>
    </p>
   </div>
   <div class='ocr_carea' id='block_1_7' title="bbox 1222 330 1975 873">
    <p class='ocr_par' dir='ltr' id='par_1_7' title="bbox 1222 330 1973 567">
     <span class='ocr_line' id='line_1_55' title="bbox 1222 330 1970 378; baseline -0.001 -12"><span class='ocrx_word' id='word_1_262' title='bbox 1222 331 1313 368; x_wconf 89' lang='lat' dir='ltr'>nobis</span> <span class='ocrx_word' id='word_1_263' title='bbox 1321 341 1350 367; x_wconf 85' lang='lat' dir='ltr'>et</span> <span class='ocrx_word' id='word_1_264' title='bbox 1360 332 1480 367; x_wconf 85' lang='lat' dir='ltr'>eisdem</span> <span class='ocrx_word' id='word_1_265' title='bbox 1490 331 1741 371; x_wconf 78' lang='lat' dir='ltr'>successoribus,</span> <span class='ocrx_word' id='word_1_266' title='bbox 1758 342 1814 378; x_wconf 90' lang='lat' dir='ltr'>pro</span> <span class='ocrx_word' id='word_1_267' title='bbox 1827 330 1970 366; x_wconf 89' lang='lat' dir='ltr'>omnium</span> 
     </span>
     <span class='ocr_line' id='line_1_56' title="bbox 1224 380 1970 428; baseline -0.003 -12"><span class='ocrx_word' id='word_1_268' title='bbox 1224 383 1467 428; x_wconf 86' lang='lat' dir='ltr'>praemissorum</span> <span class='ocrx_word' id='word_1_269' title='bbox 1495 381 1717 420; x_wconf 81' lang='lat' dir='ltr'>subsistentia,</span> <span class='ocrx_word' id='word_1_270' title='bbox 1757 380 1970 416; x_wconf 86' lang='lat' dir='ltr'>necessarium</span> 
     </span>
     <span class='ocr_line' id='line_1_57' title="bbox 1225 432 1972 480; baseline -0.001 -15"><span class='ocrx_word' id='word_1_271' title='bbox 1225 433 1324 467; x_wconf 89' lang='lat' dir='ltr'>visum</span> <span class='ocrx_word' id='word_1_272' title='bbox 1359 433 1449 466; x_wconf 89' lang='lat' dir='ltr'>fuerit</span> <span class='ocrx_word' id='word_1_273' title='bbox 1480 444 1516 466; x_wconf 87' lang='lat' dir='ltr'>ac</span> <span class='ocrx_word' id='word_1_274' title='bbox 1549 432 1641 466; x_wconf 90' lang='lat' dir='ltr'>etiam</span> <span class='ocrx_word' id='word_1_275' title='bbox 1665 439 1892 480; x_wconf 84' lang='lat' dir='ltr'>opportunum,</span> <span class='ocrx_word' id='word_1_276' title='bbox 1919 442 1972 464; x_wconf 87' lang='lat' dir='ltr'>ca-</span> 
     </span>
     <span class='ocr_line' id='line_1_58' title="bbox 1226 480 1973 529; baseline -0.003 -14"><span class='ocrx_word' id='word_1_277' title='bbox 1226 482 1333 529; x_wconf 91' lang='lat' dir='ltr'>pitulis</span> <span class='ocrx_word' id='word_1_278' title='bbox 1369 483 1446 527; x_wconf 78' lang='lat' dir='ltr'>ligae</span> <span class='ocrx_word' id='word_1_279' title='bbox 1469 481 1542 516; x_wconf 88' lang='lat' dir='ltr'>alias</span> <span class='ocrx_word' id='word_1_280' title='bbox 1570 481 1599 515; x_wconf 89' lang='lat' dir='ltr'>in</span> <span class='ocrx_word' id='word_1_281' title='bbox 1628 493 1685 516; x_wconf 87' lang='lat' dir='ltr'>suo</span> <span class='ocrx_word' id='word_1_282' title='bbox 1709 480 1819 515; x_wconf 85' lang='lat' dir='ltr'>robore</span> <span class='ocrx_word' id='word_1_283' title='bbox 1847 492 1973 528; x_wconf 79' lang='lat' dir='ltr'>perma-</span> 
     </span>
     <span class='ocr_line' id='line_1_59' title="bbox 1226 531 1387 567; baseline -0.012 0"><span class='ocrx_word' id='word_1_284' title='bbox 1226 531 1387 567; x_wconf 81' lang='lat' dir='ltr'>uentibus.</span> 
     </span>
    </p>

    <p class='ocr_par' dir='ltr' id='par_1_8' title="bbox 1226 579 1973 678">
     <span class='ocr_line' id='line_1_60' title="bbox 1273 579 1973 628; baseline -0.001 -13"><span class='ocrx_word' id='word_1_285' title='bbox 1273 581 1358 616; x_wconf 83' lang='lat' dir='ltr'>Nulli</span> <span class='ocrx_word' id='word_1_286' title='bbox 1394 593 1470 628; x_wconf 79' lang='lat' dir='ltr'>ergo</span> <span class='ocrx_word' id='word_1_287' title='bbox 1508 580 1636 616; x_wconf 86' lang='lat' dir='ltr'>omnino</span> <span class='ocrx_word' id='word_1_288' title='bbox 1679 579 1843 615; x_wconf 87' lang='lat' dir='ltr'>bominum</span> <span class='ocrx_word' id='word_1_289' title='bbox 1883 579 1973 615; x_wconf 85' lang='lat' dir='ltr'>liceat</span> 
     </span>
     <span class='ocr_line' id='line_1_61' title="bbox 1226 631 1555 678; baseline -0.006 -12"><span class='ocrx_word' id='word_1_290' title='bbox 1226 632 1308 666; x_wconf 81' lang='lat' dir='ltr'>lianc</span> <span class='ocrx_word' id='word_1_291' title='bbox 1331 631 1474 678; x_wconf 81' lang='lat' dir='ltr'>paginam</span> <span class='ocrx_word' id='word_1_292' title='bbox 1502 639 1555 665; x_wconf 81' lang='lat' dir='ltr'>etc.</span> 
     </span>
    </p>

    <p class='ocr_par' dir='ltr' id='par_1_9' title="bbox 1226 679 1975 873">
     <span class='ocr_line' id='line_1_62' title="bbox 1274 679 1973 726; baseline -0.004 -11"><span class='ocrx_word' id='word_1_293' title='bbox 1274 681 1388 716; x_wconf 80' lang='lat' dir='ltr'>Datum</span> <span class='ocrx_word' id='word_1_294' title='bbox 1413 680 1532 715; x_wconf 88' lang='lat' dir='ltr'>Romae</span> <span class='ocrx_word' id='word_1_295' title='bbox 1554 680 1636 726; x_wconf 88' lang='lat' dir='ltr'>apud</span> <span class='ocrx_word' id='word_1_296' title='bbox 1653 680 1803 714; x_wconf 86' lang='lat' dir='ltr'>Sanctum</span> <span class='ocrx_word' id='word_1_297' title='bbox 1818 679 1973 722; x_wconf 86' lang='lat' dir='ltr'>Marcum,</span> 
     </span>
     <span class='ocr_line' id='line_1_63' title="bbox 1226 730 1975 771; baseline -0.003 -6"><span class='ocrx_word' id='word_1_298' title='bbox 1226 744 1309 766; x_wconf 84' lang='lat' dir='ltr'>auno</span> <span class='ocrx_word' id='word_1_299' title='bbox 1330 731 1556 764; x_wconf 83' lang='lat' dir='ltr'>lncarnationis</span> <span class='ocrx_word' id='word_1_300' title='bbox 1570 730 1749 764; x_wconf 80' lang='lat' dir='ltr'>dominicae</span> <span class='ocrx_word' id='word_1_301' title='bbox 1764 739 1975 771; x_wconf 70' lang='lat' dir='ltr'>mccccnxvn,</span> 
     </span>
     <span class='ocr_line' id='line_1_64' title="bbox 1226 778 1974 828; baseline -0.004 -13"><span class='ocrx_word' id='word_1_302' title='bbox 1226 789 1338 828; x_wconf 84' lang='lat' dir='ltr'>quarto</span> <span class='ocrx_word' id='word_1_303' title='bbox 1362 792 1461 814; x_wconf 91' lang='lat' dir='ltr'>nonas</span> <span class='ocrx_word' id='word_1_304' title='bbox 1483 779 1645 819; x_wconf 81' lang='lat' dir='ltr'>februarii,</span> <span class='ocrx_word' id='word_1_305' title='bbox 1664 778 1865 827; x_wconf 80' lang='lat' dir='ltr'>pontificatus</span> <span class='ocrx_word' id='word_1_306' title='bbox 1879 779 1974 813; x_wconf 87' lang='lat' dir='ltr'>nostri</span> 
     </span>
     <span class='ocr_line' id='line_1_65' title="bbox 1227 832 1448 873; baseline -0.014 -7"><span class='ocrx_word' id='word_1_307' title='bbox 1227 843 1310 866; x_wconf 92' lang='lat' dir='ltr'>anno</span> <span class='ocrx_word' id='word_1_308' title='bbox 1333 842 1366 865; x_wconf 84' lang='lat' dir='ltr'>tv</span> <span class='ocrx_word' id='word_1_309' title='bbox 1390 832 1448 873; x_wconf 83' lang='lat' dir='ltr'>(l).</span> 
     </span>
    </p>
   </div>
   <div class='ocr_carea' id='block_1_8' title="bbox 1261 891 1941 930">
    <p class='ocr_par' dir='ltr' id='par_1_10' title="bbox 1261 891 1941 930">
     <span class='ocr_line' id='line_1_66' title="bbox 1261 891 1941 930; baseline -0.003 -8"><span class='ocrx_word' id='word_1_310' title='bbox 1261 893 1321 922; x_wconf 85' lang='lat' dir='ltr'>Dat.</span> <span class='ocrx_word' id='word_1_311' title='bbox 1339 892 1384 922; x_wconf 87' lang='lat' dir='ltr'>die</span> <span class='ocrx_word' id='word_1_312' title='bbox 1400 892 1418 921; x_wconf 66' lang='lat'>⁰2</span> <span class='ocrx_word' id='word_1_313' title='bbox 1435 891 1574 921; x_wconf 87' lang='lat' dir='ltr'>februarii</span> <span class='ocrx_word' id='word_1_314' title='bbox 1598 891 1688 926; x_wconf 62' lang='lat'>1467,</span> <span class='ocrx_word' id='word_1_315' title='bbox 1709 894 1786 930; x_wconf 86' lang='lat' dir='ltr'>pont.</span> <span class='ocrx_word' id='word_1_316' title='bbox 1806 899 1882 921; x_wconf 88' lang='lat' dir='ltr'>anno</span> <span class='ocrx_word' id='word_1_317' title='bbox 1900 898 1941 920; x_wconf 91' lang='grc' dir='ltr'>ιιι.</span> 
     </span>
    </p>
   </div>
   <div class='ocr_carea' id='block_1_9' title="bbox 1546 965 1669 969">
    <p class='ocr_par' dir='ltr' id='par_1_11' title="bbox 1546 965 1669 969">
     <span class='ocr_line' id='line_1_67' title="bbox 1546 965 1669 969; baseline 0 0"><span class='ocrx_word' id='word_1_318' title='bbox 1546 965 1669 969; x_wconf 95' lang='lat' dir='ltr'> </span> 
     </span>
    </p>
   </div>
   <div class='ocr_carea' id='block_1_10' title="bbox 1580 1049 1631 1084">
    <p class='ocr_par' dir='ltr' id='par_1_12' title="bbox 1580 1049 1631 1084">
     <span class='ocr_line' id='line_1_68' title="bbox 1580 1049 1631 1084; baseline 0 0"><span class='ocrx_word' id='word_1_319' title='bbox 1580 1049 1631 1084; x_wconf 79' lang='lat' dir='ltr'>vt.</span> 
     </span>
    </p>
   </div>
   <div class='ocr_carea' id='block_1_11' title="bbox 1267 1132 1944 1217">
    <p class='ocr_par' dir='ltr' id='par_1_13' title="bbox 1267 1132 1944 1217">
     <span class='ocr_line' id='line_1_69' title="bbox 1267 1132 1944 1168; baseline -0.004 1"><span class='ocrx_word' id='word_1_320' title='bbox 1267 1134 1439 1168; x_wconf 80' lang='lat' dir='ltr'>Prohibitio</span> <span class='ocrx_word' id='word_1_321' title='bbox 1460 1133 1622 1167; x_wconf 78' lang='lat' dir='ltr'>alienandi</span> <span class='ocrx_word' id='word_1_322' title='bbox 1639 1133 1719 1166; x_wconf 81' lang='lat' dir='ltr'>bona</span> <span class='ocrx_word' id='word_1_323' title='bbox 1745 1132 1944 1166; x_wconf 75' lang='lat' dir='ltr'>ecclesiastica</span> 
     </span>
     <span class='ocr_line' id='line_1_70' title="bbox 1329 1183 1880 1217; baseline -0.004 0"><span class='ocrx_word' id='word_1_324' title='bbox 1329 1190 1382 1217; x_wconf 80' lang='lat' dir='ltr'>aue</span> <span class='ocrx_word' id='word_1_325' title='bbox 1406 1184 1459 1217; x_wconf 71' lang='lat' dir='ltr'>itta</span> <span class='ocrx_word' id='word_1_326' title='bbox 1482 1184 1563 1217; x_wconf 80' lang='lat' dir='ltr'>ultra</span> <span class='ocrx_word' id='word_1_327' title='bbox 1585 1183 1726 1216; x_wconf 82' lang='lat' dir='ltr'>terminos</span> <span class='ocrx_word' id='word_1_328' title='bbox 1748 1183 1880 1216; x_wconf 82' lang='lat' dir='ltr'>locandi.</span> 
     </span>
    </p>
   </div>
   <div class='ocr_carea' id='block_1_12' title="bbox 1231 1260 1981 1411">
    <p class='ocr_par' dir='ltr' id='par_1_14' title="bbox 1231 1260 1981 1411">
     <span class='ocr_line' id='line_1_71' title="bbox 1501 1260 1715 1291; baseline -0.005 0"><span class='ocrx_word' id='word_1_329' title='bbox 1501 1260 1715 1291; x_wconf 61' lang='lat' dir='ltr'>summittunt</span> 
     </span>
     <span class='ocr_line' id='line_1_72' title="bbox 1231 1327 1981 1359; baseline -0.003 0"><span class='ocrx_word' id='word_1_330' title='bbox 1231 1329 1419 1359; x_wconf 78' lang='lat' dir='ltr'>Prooemtum.</span> <span class='ocrx_word' id='word_1_331' title='bbox 1437 1345 1476 1350; x_wconf 90' lang='lat'>-—</span> <span class='ocrx_word' id='word_1_332' title='bbox 1492 1328 1517 1357; x_wconf 81' lang='lat'>1.</span> <span class='ocrx_word' id='word_1_333' title='bbox 1535 1327 1695 1357; x_wconf 84' lang='lat' dir='ltr'>Prohibitio</span> <span class='ocrx_word' id='word_1_334' title='bbox 1717 1327 1880 1358; x_wconf 85' lang='lat' dir='ltr'>alienandi.</span> <span class='ocrx_word' id='word_1_335' title='bbox 1899 1344 1937 1350; x_wconf 91' lang='lat'>—</span> <span class='ocrx_word' id='word_1_336' title='bbox 1954 1327 1981 1357; x_wconf 71' lang='grc' dir='ltr'>Ξ.</span> 
     </span>
     <span class='ocr_line' id='line_1_73' title="bbox 1270 1372 1981 1411; baseline 0 -9"><span class='ocrx_word' id='word_1_337' title='bbox 1270 1373 1419 1402; x_wconf 75' lang='lat' dir='ltr'>innovatio</span> <span class='ocrx_word' id='word_1_338' title='bbox 1443 1373 1560 1402; x_wconf 87' lang='lat' dir='ltr'>constit.</span> <span class='ocrx_word' id='word_1_339' title='bbox 1583 1372 1857 1411; x_wconf 88' lang='lat' dir='ltr'>praedecessorum.</span> <span class='ocrx_word' id='word_1_340' title='bbox 1886 1389 1924 1394; x_wconf 98' lang='lat'><strong>—</strong></span> <span class='ocrx_word' id='word_1_341' title='bbox 1955 1372 1981 1402; x_wconf 92' lang='lat'>3.</span> 
     </span>
    </p>
   </div>
   <div class='ocr_carea' id='block_1_13' title="bbox 1272 1416 1983 1501">
    <p class='ocr_par' dir='ltr' id='par_1_15' title="bbox 1272 1416 1983 1501">
     <span class='ocr_line' id='line_1_74' title="bbox 1272 1416 1983 1454; baseline 0 -8"><span class='ocrx_word' id='word_1_342' title='bbox 1272 1418 1422 1447; x_wconf 78' lang='lat' dir='ltr'>Reseissio</span> <span class='ocrx_word' id='word_1_343' title='bbox 1453 1417 1664 1447; x_wconf 86' lang='lat' dir='ltr'>alienationum</span> <span class='ocrx_word' id='word_1_344' title='bbox 1696 1416 1780 1447; x_wconf 85' lang='lat' dir='ltr'>aliter</span> <span class='ocrx_word' id='word_1_345' title='bbox 1807 1417 1983 1454; x_wconf 86' lang='lat' dir='ltr'>stendarum,</span> 
     </span>
     <span class='ocr_line' id='line_1_75' title="bbox 1272 1462 1562 1501; baseline -0.007 -8"><span class='ocrx_word' id='word_1_346' title='bbox 1272 1473 1338 1493; x_wconf 76' lang='lat' dir='ltr'>cum</span> <span class='ocrx_word' id='word_1_347' title='bbox 1362 1463 1429 1492; x_wconf 83' lang='lat' dir='ltr'>aliis</span> <span class='ocrx_word' id='word_1_348' title='bbox 1449 1462 1562 1501; x_wconf 87' lang='lat' dir='ltr'>poenis.</span> 
     </span>
    </p>
   </div>
   <div class='ocr_carea' id='block_1_14' title="bbox 1294 1533 1922 1623">
    <p class='ocr_par' dir='ltr' id='par_1_16' title="bbox 1294 1533 1922 1623">
     <span class='ocr_line' id='line_1_76' title="bbox 1294 1533 1922 1576; baseline -0.003 -8"><span class='ocrx_word' id='word_1_349' title='bbox 1294 1539 1392 1568; x_wconf 83' lang='lat' dir='ltr'>Paulus</span> <span class='ocrx_word' id='word_1_350' title='bbox 1414 1538 1556 1574; x_wconf 73' lang='lat' dir='ltr'>episeopus</span> <span class='ocrx_word' id='word_1_351' title='bbox 1577 1533 1690 1576; x_wconf 52' lang='lat' dir='ltr'>servus„&gt;</span> <span class='ocrx_word' id='word_1_352' title='bbox 1702 1544 1843 1567; x_wconf 80' lang='lat' dir='ltr'>servorum</span> <span class='ocrx_word' id='word_1_353' title='bbox 1861 1536 1922 1570; x_wconf 78' lang='lat' dir='ltr'>noi.</span> 
     </span>
     <span class='ocr_line' id='line_1_77' title="bbox 1366 1587 1847 1623; baseline -0.004 -6"><span class='ocrx_word' id='word_1_354' title='bbox 1366 1589 1400 1617; x_wconf 84' lang='lat' dir='ltr'>ad</span> <span class='ocrx_word' id='word_1_355' title='bbox 1419 1588 1579 1623; x_wconf 75' lang='lat' dir='ltr'>perpetuam</span> <span class='ocrx_word' id='word_1_356' title='bbox 1610 1588 1651 1616; x_wconf 81' lang='lat' dir='ltr'>rei</span> <span class='ocrx_word' id='word_1_357' title='bbox 1680 1587 1847 1617; x_wconf 70' lang='lat' dir='ltr'>memoriam.</span> 
     </span>
    </p>
   </div>
   <div class='ocr_carea' id='block_1_15' title="bbox 1234 1658 1985 2661">
    <p class='ocr_par' dir='ltr' id='par_1_17' title="bbox 1234 1658 1985 2208">
     <span class='ocr_line' id='line_1_78' title="bbox 1282 1658 1980 1708; baseline -0.004 -11"><span class='ocrx_word' id='word_1_358' title='bbox 1282 1662 1478 1698; x_wconf 76' lang='lat' dir='ltr'>Ambitiosac</span> <span class='ocrx_word' id='word_1_359' title='bbox 1500 1660 1676 1708; x_wconf 90' lang='lat' dir='ltr'>cupiditati,</span> <span class='ocrx_word' id='word_1_360' title='bbox 1704 1659 1830 1696; x_wconf 90' lang='lat' dir='ltr'>illorum</span> <span class='ocrx_word' id='word_1_361' title='bbox 1855 1658 1980 1706; x_wconf 88' lang='lat' dir='ltr'>praeci-</span> 
     </span>
     <span class='ocr_line' id='line_1_79' title="bbox 1235 1708 1980 1760; baseline -0.001 -14"><span class='ocrx_word' id='word_1_362' title='bbox 1235 1725 1294 1760; x_wconf 89' lang='lat' dir='ltr'>pne</span> <span class='ocrx_word' id='word_1_363' title='bbox 1331 1712 1384 1760; x_wconf 87' lang='lat' dir='ltr'>qni</span> <span class='ocrx_word' id='word_1_364' title='bbox 1425 1711 1538 1746; x_wconf 88' lang='lat' dir='ltr'>divinis</span> <span class='ocrx_word' id='word_1_365' title='bbox 1572 1719 1601 1745; x_wconf 87' lang='lat' dir='ltr'>et</span> <span class='ocrx_word' id='word_1_366' title='bbox 1634 1710 1783 1745; x_wconf 89' lang='lat' dir='ltr'>humanis</span> <span class='ocrx_word' id='word_1_367' title='bbox 1820 1708 1980 1750; x_wconf 80' lang='lat' dir='ltr'>affectatis,</span> 
     </span>
     <span class='ocr_line' id='line_1_80' title="bbox 1234 1759 1983 1809; baseline -0.004 -12"><span class='ocrx_word' id='word_1_368' title='bbox 1234 1762 1434 1797; x_wconf 68' lang='lat' dir='ltr'>damnatione</span> <span class='ocrx_word' id='word_1_369' title='bbox 1459 1760 1643 1809; x_wconf 87' lang='lat' dir='ltr'>postposita,</span> <span class='ocrx_word' id='word_1_370' title='bbox 1666 1759 1838 1795; x_wconf 85' lang='lat' dir='ltr'>immobilia</span> <span class='ocrx_word' id='word_1_371' title='bbox 1860 1767 1891 1794; x_wconf 89' lang='lat' dir='ltr'>et</span> <span class='ocrx_word' id='word_1_372' title='bbox 1911 1771 1983 1806; x_wconf 84' lang='lat' dir='ltr'>pre-</span> 
     </span>
     <span class='ocr_line' id='line_1_81' title="bbox 1236 1808 1983 1858; baseline -0.003 -11"><span class='ocrx_word' id='word_1_373' title='bbox 1236 1813 1311 1847; x_wconf 89' lang='lat' dir='ltr'>tiosa</span> <span class='ocrx_word' id='word_1_374' title='bbox 1336 1811 1460 1846; x_wconf 89' lang='lat' dir='ltr'>mobilia</span> <span class='ocrx_word' id='word_1_375' title='bbox 1488 1810 1555 1846; x_wconf 91' lang='lat' dir='ltr'>Deo</span> <span class='ocrx_word' id='word_1_376' title='bbox 1581 1810 1693 1854; x_wconf 86' lang='lat' dir='ltr'>dicata,</span> <span class='ocrx_word' id='word_1_377' title='bbox 1720 1821 1756 1845; x_wconf 80' lang='lat' dir='ltr'>ex</span> <span class='ocrx_word' id='word_1_378' title='bbox 1779 1809 1898 1858; x_wconf 90' lang='lat' dir='ltr'>quibus</span> <span class='ocrx_word' id='word_1_379' title='bbox 1919 1808 1983 1845; x_wconf 86' lang='lat' dir='ltr'>Ec-</span> 
     </span>
     <span class='ocr_line' id='line_1_82' title="bbox 1235 1859 1984 1907; baseline -0.003 -11"><span class='ocrx_word' id='word_1_380' title='bbox 1235 1862 1359 1906; x_wconf 88' lang='lat' dir='ltr'>clesiae,</span> <span class='ocrx_word' id='word_1_381' title='bbox 1388 1860 1573 1896; x_wconf 84' lang='lat' dir='ltr'>monasteria</span> <span class='ocrx_word' id='word_1_382' title='bbox 1596 1868 1627 1895; x_wconf 81' lang='lat' dir='ltr'>et</span> <span class='ocrx_word' id='word_1_383' title='bbox 1655 1860 1704 1907; x_wconf 89' lang='lat' dir='ltr'>pia</span> <span class='ocrx_word' id='word_1_384' title='bbox 1731 1859 1799 1894; x_wconf 89' lang='lat' dir='ltr'>loca</span> <span class='ocrx_word' id='word_1_385' title='bbox 1832 1866 1984 1906; x_wconf 84' lang='lat' dir='ltr'>reguntur</span> 
     </span>
     <span class='ocr_line' id='line_1_83' title="bbox 1236 1908 1983 1958; baseline -0.003 -13"><span class='ocrx_word' id='word_1_386' title='bbox 1236 1912 1508 1958; x_wconf 86' lang='lat' dir='ltr'>illustranturqne,</span> <span class='ocrx_word' id='word_1_387' title='bbox 1537 1918 1567 1945; x_wconf 85' lang='lat' dir='ltr'>et</span> <span class='ocrx_word' id='word_1_388' title='bbox 1600 1921 1708 1945; x_wconf 89' lang='lat' dir='ltr'>eorum</span> <span class='ocrx_word' id='word_1_389' title='bbox 1751 1909 1885 1944; x_wconf 87' lang='lat' dir='ltr'>ministri</span> <span class='ocrx_word' id='word_1_390' title='bbox 1923 1908 1983 1944; x_wconf 90' lang='lat' dir='ltr'>sibi</span> 
     </span>
     <span class='ocr_line' id='line_1_84' title="bbox 1235 1958 1983 2007; baseline -0.004 -11"><span class='ocrx_word' id='word_1_391' title='bbox 1235 1961 1416 1996; x_wconf 86' lang='lat' dir='ltr'>alimoniam</span> <span class='ocrx_word' id='word_1_392' title='bbox 1454 1959 1631 2004; x_wconf 80' lang='lat' dir='ltr'>vendicant,</span> <span class='ocrx_word' id='word_1_393' title='bbox 1664 1959 1836 2007; x_wconf 88' lang='lat' dir='ltr'>prophanis</span> <span class='ocrx_word' id='word_1_394' title='bbox 1871 1958 1983 1994; x_wconf 92' lang='lat' dir='ltr'>usibus</span> 
     </span>
     <span class='ocr_line' id='line_1_85' title="bbox 1235 2008 1984 2058; baseline -0.004 -12"><span class='ocrx_word' id='word_1_395' title='bbox 1235 2011 1405 2058; x_wconf 87' lang='lat' dir='ltr'>applicare</span> <span class='ocrx_word' id='word_1_396' title='bbox 1432 2019 1485 2044; x_wconf 94' lang='lat' dir='ltr'>aut</span> <span class='ocrx_word' id='word_1_397' title='bbox 1512 2022 1583 2044; x_wconf 87' lang='lat' dir='ltr'>cum</span> <span class='ocrx_word' id='word_1_398' title='bbox 1621 2021 1756 2044; x_wconf 80' lang='lat' dir='ltr'>maximo</span> <span class='ocrx_word' id='word_1_399' title='bbox 1788 2008 1914 2044; x_wconf 87' lang='lat' dir='ltr'>illorum</span> <span class='ocrx_word' id='word_1_400' title='bbox 1948 2019 1984 2043; x_wconf 91' lang='lat' dir='ltr'>ac</span> 
     </span>
     <span class='ocr_line' id='line_1_86' title="bbox 1236 2058 1985 2106; baseline -0.001 -11"><span class='ocrx_word' id='word_1_401' title='bbox 1236 2061 1332 2096; x_wconf 82' lang='lat' dir='ltr'>divini</span> <span class='ocrx_word' id='word_1_402' title='bbox 1369 2059 1473 2094; x_wconf 92' lang='lat' dir='ltr'>cultus</span> <span class='ocrx_word' id='word_1_403' title='bbox 1508 2059 1697 2095; x_wconf 89' lang='lat' dir='ltr'>detrimento</span> <span class='ocrx_word' id='word_1_404' title='bbox 1719 2058 1883 2106; x_wconf 84' lang='lat' dir='ltr'>exquisitis</span> <span class='ocrx_word' id='word_1_405' title='bbox 1915 2070 1985 2094; x_wconf 85' lang='lat' dir='ltr'>me-</span> 
     </span>
     <span class='ocr_line' id='line_1_87' title="bbox 1236 2111 1984 2158; baseline -0.003 -12"><span class='ocrx_word' id='word_1_406' title='bbox 1236 2111 1297 2146; x_wconf 90' lang='lat' dir='ltr'>diis</span> <span class='ocrx_word' id='word_1_407' title='bbox 1324 2122 1476 2158; x_wconf 90' lang='lat' dir='ltr'>usurpare</span> <span class='ocrx_word' id='word_1_408' title='bbox 1500 2116 1718 2157; x_wconf 87' lang='lat' dir='ltr'>praesumunt,</span> <span class='ocrx_word' id='word_1_409' title='bbox 1739 2121 1906 2145; x_wconf 86' lang='lat' dir='ltr'>occurrere</span> <span class='ocrx_word' id='word_1_410' title='bbox 1931 2121 1984 2144; x_wconf 91' lang='lat' dir='ltr'>cu-</span> 
     </span>
     <span class='ocr_line' id='line_1_88' title="bbox 1238 2162 1367 2208; baseline 0.017 -14"><span class='ocrx_word' id='word_1_411' title='bbox 1238 2162 1367 2208; x_wconf 76' lang='lat' dir='ltr'>pientes.</span> 
     </span>
    </p>

    <p class='ocr_par' dir='ltr' id='par_1_18' title="bbox 1237 2192 1985 2661">
     <span class='ocr_line' id='line_1_89' title="bbox 1286 2192 1983 2254; baseline 0 -10"><span class='ocrx_word' id='word_1_412' title='bbox 1286 2216 1300 2254; x_wconf 70' lang='grc' dir='ltr'>ξ</span> <span class='ocrx_word' id='word_1_413' title='bbox 1335 2214 1360 2244; x_wconf 90' lang='grc' dir='ltr'>Ι.</span> <span class='ocrx_word' id='word_1_414' title='bbox 1384 2209 1537 2245; x_wconf 76' lang='lat' dir='ltr'>Omnium</span> <span class='ocrx_word' id='word_1_415' title='bbox 1562 2222 1662 2245; x_wconf 84' lang='lat' dir='ltr'>rerum</span> <span class='ocrx_word' id='word_1_416' title='bbox 1692 2218 1721 2245; x_wconf 93' lang='lat' dir='ltr'>et</span> <span class='ocrx_word' id='word_1_417' title='bbox 1746 2192 1900 2245; x_wconf 86' lang='lat' dir='ltr'>bonorum</span> <span class='ocrx_word' id='word_1_418' title='bbox 1929 2220 1983 2244; x_wconf 89' lang='lat' dir='ltr'>ec-</span> 
     </span>
     <span class='ocr_line' id='line_1_90' title="bbox 1237 2259 1984 2308; baseline -0.001 -13"><span class='ocrx_word' id='word_1_419' title='bbox 1237 2260 1487 2296; x_wconf 78' lang='lat' dir='ltr'>clesiasticorum</span> <span class='ocrx_word' id='word_1_420' title='bbox 1535 2259 1754 2295; x_wconf 78' lang='lat' dir='ltr'>alienationem</span> <span class='ocrx_word' id='word_1_421' title='bbox 1772 2287 1780 2302; x_wconf 92' lang='lat'>,</span> <span class='ocrx_word' id='word_1_422' title='bbox 1826 2271 1984 2308; x_wconf 85' lang='lat' dir='ltr'>omneque</span> 
     </span>
     <span class='ocr_line' id='line_1_91' title="bbox 1239 2309 1984 2358; baseline -0.001 -13"><span class='ocrx_word' id='word_1_423' title='bbox 1239 2321 1361 2358; x_wconf 84' lang='lat' dir='ltr'>pactum</span> <span class='ocrx_word' id='word_1_424' title='bbox 1398 2322 1452 2358; x_wconf 84' lang='lat' dir='ltr'>per</span> <span class='ocrx_word' id='word_1_425' title='bbox 1489 2310 1571 2358; x_wconf 91' lang='lat' dir='ltr'>quod</span> <span class='ocrx_word' id='word_1_426' title='bbox 1603 2310 1747 2357; x_wconf 85' lang='lat' dir='ltr'>ipsorum</span> <span class='ocrx_word' id='word_1_427' title='bbox 1785 2309 1984 2356; x_wconf 80' lang='lat' dir='ltr'>dominium,</span> 
     </span>
     <span class='ocr_line' id='line_1_92' title="bbox 1238 2359 1983 2416; baseline -0.004 -20"><span class='ocrx_word' id='word_1_428' title='bbox 1238 2361 1490 2406; x_wconf 86' lang='lat' dir='ltr'>concessionem,</span> <span class='ocrx_word' id='word_1_429' title='bbox 1512 2360 1551 2408; x_wconf 65' lang='lat' dir='ltr'>b)</span> <span class='ocrx_word' id='word_1_430' title='bbox 1557 2360 1734 2416; x_wconf 78' lang='lat' dir='ltr'>potltecam,</span> <span class='ocrx_word' id='word_1_431' title='bbox 1752 2359 1937 2395; x_wconf 88' lang='lat' dir='ltr'>locationem</span> <span class='ocrx_word' id='word_1_432' title='bbox 1953 2369 1983 2394; x_wconf 87' lang='lat' dir='ltr'>et</span> 
     </span>
     <span class='ocr_line' id='line_1_93' title="bbox 1238 2410 1982 2455; baseline -0.003 -9"><span class='ocrx_word' id='word_1_433' title='bbox 1238 2411 1494 2451; x_wconf 82' lang='lat' dir='ltr'>conductionem,</span> <span class='ocrx_word' id='word_1_434' title='bbox 1524 2411 1601 2445; x_wconf 90' lang='lat' dir='ltr'>ultra</span> <span class='ocrx_word' id='word_1_435' title='bbox 1641 2410 1825 2455; x_wconf 86' lang='lat' dir='ltr'>triennium,</span> <span class='ocrx_word' id='word_1_436' title='bbox 1861 2421 1982 2446; x_wconf 89' lang='lat' dir='ltr'>necnon</span> 
     </span>
     <span class='ocr_line' id='line_1_94' title="bbox 1239 2460 1983 2509; baseline -0.003 -13"><span class='ocrx_word' id='word_1_437' title='bbox 1239 2461 1485 2496; x_wconf 78' lang='lat' dir='ltr'>infetnlationem</span> <span class='ocrx_word' id='word_1_438' title='bbox 1531 2461 1577 2495; x_wconf 85' lang='lat' dir='ltr'>vel</span> <span class='ocrx_word' id='word_1_439' title='bbox 1619 2468 1814 2496; x_wconf 87' lang='lat' dir='ltr'>contractum</span> <span class='ocrx_word' id='word_1_440' title='bbox 1852 2460 1983 2509; x_wconf 69' lang='lat' dir='ltr'>emphy-</span> 
     </span>
     <span class='ocr_line' id='line_1_95' title="bbox 1239 2510 1985 2559; baseline -0.003 -13"><span class='ocrx_word' id='word_1_441' title='bbox 1239 2513 1402 2551; x_wconf 85' lang='lat' dir='ltr'>teuticum,</span> <span class='ocrx_word' id='word_1_442' title='bbox 1426 2519 1643 2559; x_wconf 81' lang='lat' dir='ltr'>praeterquam</span> <span class='ocrx_word' id='word_1_443' title='bbox 1673 2510 1702 2545; x_wconf 92' lang='lat' dir='ltr'>in</span> <span class='ocrx_word' id='word_1_444' title='bbox 1727 2510 1854 2546; x_wconf 89' lang='lat' dir='ltr'>casibus</span> <span class='ocrx_word' id='word_1_445' title='bbox 1881 2523 1897 2546; x_wconf 91' lang='lat' dir='ltr'>a</span> <span class='ocrx_word' id='word_1_446' title='bbox 1921 2511 1985 2545; x_wconf 87' lang='lat' dir='ltr'>iure</span> 
     </span>
     <span class='ocr_line' id='line_1_96' title="bbox 1241 2560 1985 2610; baseline -0.001 -13"><span class='ocrx_word' id='word_1_447' title='bbox 1241 2562 1412 2610; x_wconf 82' lang='lat' dir='ltr'>permissis,</span> <span class='ocrx_word' id='word_1_448' title='bbox 1449 2573 1483 2596; x_wconf 81' lang='lat' dir='ltr'>ac.</span> <span class='ocrx_word' id='word_1_449' title='bbox 1505 2561 1543 2596; x_wconf 90' lang='lat' dir='ltr'>de</span> <span class='ocrx_word' id='word_1_450' title='bbox 1567 2560 1659 2595; x_wconf 86' lang='lat' dir='ltr'>rebus</span> <span class='ocrx_word' id='word_1_451' title='bbox 1686 2569 1715 2596; x_wconf 91' lang='lat' dir='ltr'>ct</span> <span class='ocrx_word' id='word_1_452' title='bbox 1743 2561 1833 2596; x_wconf 91' lang='lat' dir='ltr'>bonis</span> <span class='ocrx_word' id='word_1_453' title='bbox 1856 2561 1886 2595; x_wconf 93' lang='lat' dir='ltr'>in</span> <span class='ocrx_word' id='word_1_454' title='bbox 1915 2573 1985 2596; x_wconf 89' lang='lat' dir='ltr'>em-</span> 
     </span>
     <span class='ocr_line' id='line_1_97' title="bbox 1240 2609 1983 2661; baseline -0.003 -15"><span class='ocrx_word' id='word_1_455' title='bbox 1240 2612 1415 2661; x_wconf 71' lang='lat' dir='ltr'>phyteusim</span> <span class='ocrx_word' id='word_1_456' title='bbox 1439 2611 1477 2646; x_wconf 88' lang='lat' dir='ltr'>ab</span> <span class='ocrx_word' id='word_1_457' title='bbox 1504 2611 1634 2658; x_wconf 86' lang='lat' dir='ltr'>antiquo</span> <span class='ocrx_word' id='word_1_458' title='bbox 1656 2611 1786 2646; x_wconf 86' lang='lat' dir='ltr'>concedi</span> <span class='ocrx_word' id='word_1_459' title='bbox 1813 2609 1926 2652; x_wconf 84' lang='lat' dir='ltr'>solitis,</span> <span class='ocrx_word' id='word_1_460' title='bbox 1954 2619 1983 2645; x_wconf 76' lang='lat' dir='ltr'>et</span> 
     </span>
    </p>
   </div>
   <div class='ocr_carea' id='block_1_16' title="bbox 1275 2682 1828 2721">
    <p class='ocr_par' dir='ltr' id='par_1_19' title="bbox 1275 2682 1828 2721">
     <span class='ocr_line' id='line_1_98' title="bbox 1275 2682 1828 2721; baseline -0.007 -8"><span class='ocrx_word' id='word_1_461' title='bbox 1275 2685 1313 2721; x_wconf 76' lang='lat' dir='ltr'>(l)</span> <span class='ocrx_word' id='word_1_462' title='bbox 1332 2684 1480 2720; x_wconf 71' lang='lat' dir='ltr'>chcndum</span> <span class='ocrx_word' id='word_1_463' title='bbox 1496 2683 1591 2718; x_wconf 73' lang='lat' dir='ltr'>pontif.</span> <span class='ocrx_word' id='word_1_464' title='bbox 1610 2693 1654 2711; x_wconf 79' lang='lat' dir='ltr'>nn.</span> <span class='ocrx_word' id='word_1_465' title='bbox 1675 2691 1703 2711; x_wconf 89' lang='grc' dir='ltr'>ιιι</span> <span class='ocrx_word' id='word_1_466' title='bbox 1720 2684 1758 2718; x_wconf 82' lang='lat' dir='ltr'>(n.</span> <span class='ocrx_word' id='word_1_467' title='bbox 1779 2682 1828 2719; x_wconf 86' lang='grc' dir='ltr'>τ.).</span> 
     </span>
    </p>
   </div>
   <div class='ocr_carea' id='block_1_17' title="bbox 1986 270 2166 302">
    <p class='ocr_par' dir='ltr' id='par_1_20' title="bbox 1986 270 2166 302">
     <span class='ocr_line' id='line_1_99' title="bbox 1986 270 2166 302; baseline 0 0"><span class='ocrx_word' id='word_1_468' title='bbox 1986 276 2034 302; x_wconf 70' lang='lat' dir='ltr'>An.</span> <span class='ocrx_word' id='word_1_469' title='bbox 2052 275 2080 302; x_wconf 88' lang='lat' dir='ltr'>C.</span> <span class='ocrx_word' id='word_1_470' title='bbox 2101 270 2166 302; x_wconf 67' lang='lat' dir='ltr'>tufi?</span> 
     </span>
    </p>
   </div>
   <div class='ocr_carea' id='block_1_18' title="bbox 2002 590 2160 612">
    <p class='ocr_par' dir='ltr' id='par_1_21' title="bbox 2002 590 2160 612">
     <span class='ocr_line' id='line_1_100' title="bbox 2002 590 2160 612; baseline 0 -1"><span class='ocrx_word' id='word_1_471' title='bbox 2002 590 2160 612; x_wconf 65' lang='lat' dir='ltr'>Conictmionou.</span> 
     </span>
    </p>
   </div>
   <div class='ocr_carea' id='block_1_19' title="bbox 2019 1673 2152 1695">
    <p class='ocr_par' dir='ltr' id='par_1_22' title="bbox 2019 1673 2152 1695">
     <span class='ocr_line' id='line_1_101' title="bbox 2019 1673 2152 1695; baseline 0 0"><span class='ocrx_word' id='word_1_472' title='bbox 2019 1673 2152 1695; x_wconf 75' lang='lat' dir='ltr'>Proomtum.</span> 
     </span>
    </p>
   </div>
   <div class='ocr_carea' id='block_1_20' title="bbox 1999 2225 2184 2280">
    <p class='ocr_par' dir='ltr' id='par_1_23' title="bbox 1999 2225 2184 2280">
     <span class='ocr_line' id='line_1_102' title="bbox 2007 2225 2184 2248; baseline -0.006 0"><span class='ocrx_word' id='word_1_473' title='bbox 2007 2226 2124 2248; x_wconf 66' lang='lat' dir='ltr'>proturbato</span> <span class='ocrx_word' id='word_1_474' title='bbox 2132 2225 2184 2248; x_wconf 72' lang='lat' dir='ltr'>alio-</span> 
     </span>
     <span class='ocr_line' id='line_1_103' title="bbox 1999 2259 2070 2280; baseline 0.014 -1"><span class='ocrx_word' id='word_1_475' title='bbox 1999 2265 2011 2280; x_wconf 90' lang='lat' dir='ltr'>u</span> <span class='ocrx_word' id='word_1_476' title='bbox 2015 2259 2070 2280; x_wconf 76' lang='lat' dir='ltr'>audi.</span> 
     </span>
    </p>
   </div>
   <div class='ocr_carea' id='block_1_21' title="bbox 2203 0 2281 3251">
    <p class='ocr_par' dir='ltr' id='par_1_24' title="bbox 2203 0 2281 3251">
     <span class='ocr_line' id='line_1_104' title="bbox 2203 0 2281 3251; baseline 0 0"><span class='ocrx_word' id='word_1_477' title='bbox 2203 0 2281 3251; x_wconf 95' lang='lat' dir='ltr'> </span> 
     </span>
    </p>
   </div>
  </div>
 </body>
</html>
