<?xml version="1.0" encoding="UTF-8"?>
<!DOCTYPE html PUBLIC "-//W3C//DTD XHTML 1.0 Transitional//EN"
    "http://www.w3.org/TR/xhtml1/DTD/xhtml1-transitional.dtd">
<html xmlns="http://www.w3.org/1999/xhtml" xml:lang="en" lang="en">
 <head>
  <title>
</title>
<meta http-equiv="Content-Type" content="text/html;charset=utf-8" />
  <meta name='ocr-system' content='tesseract 3.04.00' />
  <meta name='ocr-capabilities' content='ocr_page ocr_carea ocr_par ocr_line ocrx_word'/>
</head>
<body>
  <div class='ocr_page' id='page_1' title='image "./bullarumdiplomat05cath/bullarumdiplomat05cath_0780.png"; bbox 0 0 2281 3251; ppageno 0'>
   <div class='ocr_carea' id='block_1_1' title="bbox 269 272 447 302">
    <p class='ocr_par' dir='ltr' id='par_1_1' title="bbox 269 272 447 302">
     <span class='ocr_line' id='line_1_1' title="bbox 269 272 447 302; baseline 0.006 -1"><span class='ocrx_word' id='word_1_1' title='bbox 269 274 319 302; x_wconf 74' lang='lat' dir='ltr'>An.</span> <span class='ocrx_word' id='word_1_2' title='bbox 337 272 366 301; x_wconf 83' lang='lat' dir='ltr'>C.</span> <span class='ocrx_word' id='word_1_3' title='bbox 384 273 447 302; x_wconf 76' lang='lat'>¹52¹</span> 
     </span>
    </p>
   </div>
   <div class='ocr_carea' id='block_1_2' title="bbox 268 1438 456 1622">
    <p class='ocr_par' dir='ltr' id='par_1_2' title="bbox 268 1438 456 1622">
     <span class='ocr_line' id='line_1_2' title="bbox 302 1438 454 1461; baseline -0.02 0"><span class='ocrx_word' id='word_1_4' title='bbox 302 1439 391 1461; x_wconf 71' lang='lat' dir='ltr'>utinum</span> <span class='ocrx_word' id='word_1_5' title='bbox 406 1438 454 1460; x_wconf 75' lang='lat' dir='ltr'>ldoo</span> 
     </span>
     <span class='ocr_line' id='line_1_3' title="bbox 270 1471 456 1497; baseline -0.011 -5"><span class='ocrx_word' id='word_1_6' title='bbox 270 1473 291 1492; x_wconf 73' lang='lat' dir='ltr'>ot</span> <span class='ocrx_word' id='word_1_7' title='bbox 310 1471 356 1492; x_wconf 71' lang='lat' dir='ltr'>elna</span> <span class='ocrx_word' id='word_1_8' title='bbox 377 1474 456 1497; x_wconf 67' lang='lat' dir='ltr'>nequa·</span> 
     </span>
     <span class='ocr_line' id='line_1_4' title="bbox 270 1500 456 1523; baseline -0.011 0"><span class='ocrx_word' id='word_1_9' title='bbox 270 1506 307 1523; x_wconf 74' lang='lat' dir='ltr'>eu</span> <span class='ocrx_word' id='word_1_10' title='bbox 331 1500 456 1523; x_wconf 67' lang='lat' dir='ltr'>anathema-</span> 
     </span>
     <span class='ocr_line' id='line_1_5' title="bbox 268 1531 454 1559; baseline -0.011 -5"><span class='ocrx_word' id='word_1_11' title='bbox 268 1533 332 1559; x_wconf 80' lang='lat' dir='ltr'>um.</span> <span class='ocrx_word' id='word_1_12' title='bbox 357 1535 379 1554; x_wconf 76' lang='lat' dir='ltr'>ot</span> <span class='ocrx_word' id='word_1_13' title='bbox 402 1531 454 1553; x_wconf 68' lang='lat' dir='ltr'>aliu</span> 
     </span>
     <span class='ocr_line' id='line_1_6' title="bbox 268 1564 456 1591; baseline -0.011 -5"><span class='ocrx_word' id='word_1_14' title='bbox 268 1569 349 1591; x_wconf 66' lang='lat' dir='ltr'>poena·</span> <span class='ocrx_word' id='word_1_15' title='bbox 357 1564 456 1585; x_wconf 70' lang='lat' dir='ltr'>incurrit·</span> 
     </span>
     <span class='ocr_line' id='line_1_7' title="bbox 269 1597 409 1622; baseline -0.014 -3"><span class='ocrx_word' id='word_1_16' title='bbox 269 1602 292 1620; x_wconf 78' lang='lat' dir='ltr'>n</span> <span class='ocrx_word' id='word_1_17' title='bbox 307 1597 409 1622; x_wconf 66' lang='lat' dir='ltr'>decernit,</span> 
     </span>
    </p>
   </div>
   <div class='ocr_carea' id='block_1_3' title="bbox 516 262 585 296">
    <p class='ocr_par' dir='ltr' id='par_1_3' title="bbox 516 262 585 296">
     <span class='ocr_line' id='line_1_8' title="bbox 516 262 585 296; baseline 0.014 -1"><span class='ocrx_word' id='word_1_18' title='bbox 516 262 585 296; x_wconf 77' lang='lat'>762</span> 
     </span>
    </p>
   </div>
   <div class='ocr_carea' id='block_1_4' title="bbox 466 326 1222 1927">
    <p class='ocr_par' dir='ltr' id='par_1_4' title="bbox 466 326 1219 1377">
     <span class='ocr_line' id='line_1_9' title="bbox 467 326 1215 366; baseline -0.008 0"><span class='ocrx_word' id='word_1_19' title='bbox 467 339 548 366; x_wconf 89' lang='lat' dir='ltr'>ctam</span> <span class='ocrx_word' id='word_1_20' title='bbox 571 329 685 365; x_wconf 87' lang='lat' dir='ltr'>Sedem</span> <span class='ocrx_word' id='word_1_21' title='bbox 709 337 737 364; x_wconf 89' lang='lat' dir='ltr'>et</span> <span class='ocrx_word' id='word_1_22' title='bbox 761 327 854 363; x_wconf 81' lang='lat' dir='ltr'>sidem</span> <span class='ocrx_word' id='word_1_23' title='bbox 877 326 1061 362; x_wconf 73' lang='lat' dir='ltr'>catholicam</span> <span class='ocrx_word' id='word_1_24' title='bbox 1079 326 1215 361; x_wconf 88' lang='lat' dir='ltr'>scribere</span> 
     </span>
     <span class='ocr_line' id='line_1_10' title="bbox 467 376 1215 428; baseline -0.007 -12"><span class='ocrx_word' id='word_1_25' title='bbox 467 389 496 416; x_wconf 90' lang='lat' dir='ltr'>et</span> <span class='ocrx_word' id='word_1_26' title='bbox 521 380 719 428; x_wconf 75' lang='lat' dir='ltr'>praedicare,</span> <span class='ocrx_word' id='word_1_27' title='bbox 740 387 769 413; x_wconf 90' lang='lat' dir='ltr'>et</span> <span class='ocrx_word' id='word_1_28' title='bbox 803 377 880 413; x_wconf 91' lang='lat' dir='ltr'>alios</span> <span class='ocrx_word' id='word_1_29' title='bbox 915 377 952 412; x_wconf 92' lang='lat' dir='ltr'>ad</span> <span class='ocrx_word' id='word_1_30' title='bbox 985 376 1044 411; x_wconf 88' lang='lat' dir='ltr'>hoc</span> <span class='ocrx_word' id='word_1_31' title='bbox 1067 376 1215 412; x_wconf 85' lang='lat' dir='ltr'>iuducere</span> 
     </span>
     <span class='ocr_line' id='line_1_11' title="bbox 468 426 1215 475; baseline -0.008 -9"><span class='ocrx_word' id='word_1_32' title='bbox 468 443 528 466; x_wconf 92' lang='lat' dir='ltr'>non</span> <span class='ocrx_word' id='word_1_33' title='bbox 557 439 603 465; x_wconf 82' lang='lat' dir='ltr'>est</span> <span class='ocrx_word' id='word_1_34' title='bbox 630 430 756 464; x_wconf 82' lang='lat' dir='ltr'>veritus:</span> <span class='ocrx_word' id='word_1_35' title='bbox 787 434 915 475; x_wconf 87' lang='lat' dir='ltr'>propter</span> <span class='ocrx_word' id='word_1_36' title='bbox 937 426 1032 474; x_wconf 88' lang='lat' dir='ltr'>quod,</span> <span class='ocrx_word' id='word_1_37' title='bbox 1055 426 1215 473; x_wconf 77' lang='lat' dir='ltr'>sicutipse</span> 
     </span>
     <span class='ocr_line' id='line_1_12' title="bbox 469 476 1215 522; baseline -0.008 -6"><span class='ocrx_word' id='word_1_38' title='bbox 469 482 527 516; x_wconf 89' lang='lat' dir='ltr'>iam</span> <span class='ocrx_word' id='word_1_39' title='bbox 556 479 732 515; x_wconf 88' lang='lat' dir='ltr'>haereticus</span> <span class='ocrx_word' id='word_1_40' title='bbox 758 486 804 513; x_wconf 90' lang='lat' dir='ltr'>est</span> <span class='ocrx_word' id='word_1_41' title='bbox 831 476 1021 522; x_wconf 87' lang='lat' dir='ltr'>declaratus,</span> <span class='ocrx_word' id='word_1_42' title='bbox 1038 476 1077 511; x_wconf 90' lang='lat' dir='ltr'>ita</span> <span class='ocrx_word' id='word_1_43' title='bbox 1093 484 1123 511; x_wconf 87' lang='lat' dir='ltr'>et</span> <span class='ocrx_word' id='word_1_44' title='bbox 1151 477 1215 519; x_wconf 78' lang='lat' dir='ltr'>alii,</span> 
     </span>
     <span class='ocr_line' id='line_1_13' title="bbox 469 526 1214 576; baseline -0.005 -10"><span class='ocrx_word' id='word_1_45' title='bbox 469 531 561 567; x_wconf 85' lang='lat' dir='ltr'>etiam</span> <span class='ocrx_word' id='word_1_46' title='bbox 585 542 645 564; x_wconf 91' lang='lat' dir='ltr'>non</span> <span class='ocrx_word' id='word_1_47' title='bbox 674 540 786 576; x_wconf 81' lang='lat' dir='ltr'>parvae</span> <span class='ocrx_word' id='word_1_48' title='bbox 808 526 1001 562; x_wconf 69' lang='lat' dir='ltr'>auctoritatis</span> <span class='ocrx_word' id='word_1_49' title='bbox 1023 535 1052 561; x_wconf 90' lang='lat' dir='ltr'>et</span> <span class='ocrx_word' id='word_1_50' title='bbox 1076 526 1214 573; x_wconf 84' lang='lat' dir='ltr'>dignita-</span> 
     </span>
     <span class='ocr_line' id='line_1_14' title="bbox 468 577 1216 628; baseline -0.005 -13"><span class='ocrx_word' id='word_1_51' title='bbox 468 581 528 621; x_wconf 79' lang='lat' dir='ltr'>tis,</span> <span class='ocrx_word' id='word_1_52' title='bbox 564 579 706 628; x_wconf 89' lang='lat' dir='ltr'>propriae</span> <span class='ocrx_word' id='word_1_53' title='bbox 733 590 808 613; x_wconf 89' lang='lat' dir='ltr'>suae</span> <span class='ocrx_word' id='word_1_54' title='bbox 844 577 955 612; x_wconf 90' lang='lat' dir='ltr'>salutis</span> <span class='ocrx_word' id='word_1_55' title='bbox 990 578 1216 622; x_wconf 78' lang='lat' dir='ltr'>immemores,</span> 
     </span>
     <span class='ocr_line' id='line_1_15' title="bbox 469 627 1216 678; baseline -0.005 -13"><span class='ocrx_word' id='word_1_56' title='bbox 469 631 567 678; x_wconf 90' lang='lat' dir='ltr'>ipsius</span> <span class='ocrx_word' id='word_1_57' title='bbox 599 629 722 664; x_wconf 80' lang='lat' dir='ltr'>Martini</span> <span class='ocrx_word' id='word_1_58' title='bbox 744 627 924 676; x_wconf 71' lang='lat' dir='ltr'>pestiferam</span> <span class='ocrx_word' id='word_1_59' title='bbox 963 627 1216 675; x_wconf 82' lang='lat' dir='ltr'>haereticamque</span> 
     </span>
     <span class='ocr_line' id='line_1_16' title="bbox 467 677 1216 727; baseline -0.007 -11"><span class='ocrx_word' id='word_1_60' title='bbox 467 689 581 716; x_wconf 89' lang='lat' dir='ltr'>sectam</span> <span class='ocrx_word' id='word_1_61' title='bbox 606 678 731 727; x_wconf 91' lang='lat' dir='ltr'>publice</span> <span class='ocrx_word' id='word_1_62' title='bbox 757 686 788 713; x_wconf 88' lang='lat' dir='ltr'>et</span> <span class='ocrx_word' id='word_1_63' title='bbox 814 678 935 713; x_wconf 88' lang='lat' dir='ltr'>notorie</span> <span class='ocrx_word' id='word_1_64' title='bbox 958 685 1144 725; x_wconf 81' lang='lat' dir='ltr'>sequentes,</span> <span class='ocrx_word' id='word_1_65' title='bbox 1168 677 1216 712; x_wconf 86' lang='lat' dir='ltr'>ei-</span> 
     </span>
     <span class='ocr_line' id='line_1_17' title="bbox 468 726 1215 779; baseline -0.005 -14"><span class='ocrx_word' id='word_1_66' title='bbox 468 743 528 779; x_wconf 85' lang='lat' dir='ltr'>que</span> <span class='ocrx_word' id='word_1_67' title='bbox 551 729 652 777; x_wconf 90' lang='lat' dir='ltr'>palam</span> <span class='ocrx_word' id='word_1_68' title='bbox 675 737 705 764; x_wconf 92' lang='lat' dir='ltr'>et</span> <span class='ocrx_word' id='word_1_69' title='bbox 729 727 853 776; x_wconf 89' lang='lat' dir='ltr'>publice</span> <span class='ocrx_word' id='word_1_70' title='bbox 867 726 1031 773; x_wconf 79' lang='lat' dir='ltr'>auxilium,</span> <span class='ocrx_word' id='word_1_71' title='bbox 1047 727 1215 762; x_wconf 89' lang='lat' dir='ltr'>consilium</span> 
     </span>
     <span class='ocr_line' id='line_1_18' title="bbox 467 777 1217 825; baseline -0.007 -9"><span class='ocrx_word' id='word_1_72' title='bbox 467 791 496 817; x_wconf 91' lang='lat' dir='ltr'>et</span> <span class='ocrx_word' id='word_1_73' title='bbox 539 779 675 814; x_wconf 85' lang='lat' dir='ltr'>favorem</span> <span class='ocrx_word' id='word_1_74' title='bbox 715 778 1013 822; x_wconf 87' lang='lat' dir='ltr'>subministrantes,</span> <span class='ocrx_word' id='word_1_75' title='bbox 1050 777 1217 825; x_wconf 89' lang='lat' dir='ltr'>ipsumque</span> 
     </span>
     <span class='ocr_line' id='line_1_19' title="bbox 467 828 1217 866; baseline -0.005 -1"><span class='ocrx_word' id='word_1_76' title='bbox 467 830 637 866; x_wconf 77' lang='lat' dir='ltr'>Martinum</span> <span class='ocrx_word' id='word_1_77' title='bbox 666 829 694 863; x_wconf 91' lang='lat' dir='ltr'>in</span> <span class='ocrx_word' id='word_1_78' title='bbox 718 829 786 863; x_wconf 90' lang='lat' dir='ltr'>suis</span> <span class='ocrx_word' id='word_1_79' title='bbox 814 828 1026 863; x_wconf 75' lang='lat' dir='ltr'>inobedientia</span> <span class='ocrx_word' id='word_1_80' title='bbox 1053 835 1083 862; x_wconf 89' lang='lat' dir='ltr'>et</span> <span class='ocrx_word' id='word_1_81' title='bbox 1105 836 1217 862; x_wconf 90' lang='lat' dir='ltr'>contu-</span> 
     </span>
     <span class='ocr_line' id='line_1_20' title="bbox 469 877 1216 925; baseline -0.005 -10"><span class='ocrx_word' id='word_1_82' title='bbox 469 880 565 915; x_wconf 89' lang='lat' dir='ltr'>macia</span> <span class='ocrx_word' id='word_1_83' title='bbox 589 878 816 918; x_wconf 82' lang='lat' dir='ltr'>confoventes,</span> <span class='ocrx_word' id='word_1_84' title='bbox 838 886 868 913; x_wconf 90' lang='lat' dir='ltr'>et</span> <span class='ocrx_word' id='word_1_85' title='bbox 894 878 943 913; x_wconf 91' lang='lat' dir='ltr'>alii</span> <span class='ocrx_word' id='word_1_86' title='bbox 969 877 1216 925; x_wconf 84' lang='lat' dir='ltr'>publicationem</span> 
     </span>
     <span class='ocr_line' id='line_1_21' title="bbox 468 928 1217 976; baseline -0.005 -10"><span class='ocrx_word' id='word_1_87' title='bbox 468 931 625 966; x_wconf 89' lang='lat' dir='ltr'>dictarum</span> <span class='ocrx_word' id='word_1_88' title='bbox 662 928 821 964; x_wconf 87' lang='lat' dir='ltr'>literarum</span> <span class='ocrx_word' id='word_1_89' title='bbox 845 928 1077 976; x_wconf 83' lang='lat' dir='ltr'>impedientes,</span> <span class='ocrx_word' id='word_1_90' title='bbox 1101 939 1217 974; x_wconf 91' lang='lat' dir='ltr'>poenas</span> 
     </span>
     <span class='ocr_line' id='line_1_22' title="bbox 469 977 1219 1015; baseline -0.004 0"><span class='ocrx_word' id='word_1_91' title='bbox 469 981 498 1015; x_wconf 90' lang='lat' dir='ltr'>in</span> <span class='ocrx_word' id='word_1_92' title='bbox 521 980 613 1015; x_wconf 89' lang='lat' dir='ltr'>dictis</span> <span class='ocrx_word' id='word_1_93' title='bbox 636 978 751 1014; x_wconf 88' lang='lat' dir='ltr'>nostris</span> <span class='ocrx_word' id='word_1_94' title='bbox 772 978 872 1014; x_wconf 91' lang='lat' dir='ltr'>literis</span> <span class='ocrx_word' id='word_1_95' title='bbox 893 985 1057 1013; x_wconf 88' lang='lat' dir='ltr'>contentas</span> <span class='ocrx_word' id='word_1_96' title='bbox 1084 977 1219 1012; x_wconf 92' lang='lat' dir='ltr'>damna-</span> 
     </span>
     <span class='ocr_line' id='line_1_23' title="bbox 469 1028 1217 1070; baseline -0.003 -6"><span class='ocrx_word' id='word_1_97' title='bbox 469 1030 571 1065; x_wconf 89' lang='lat' dir='ltr'>biliter</span> <span class='ocrx_word' id='word_1_98' title='bbox 583 1029 795 1070; x_wconf 84' lang='lat' dir='ltr'>incurrerunt,</span> <span class='ocrx_word' id='word_1_99' title='bbox 810 1036 839 1064; x_wconf 90' lang='lat' dir='ltr'>et</span> <span class='ocrx_word' id='word_1_100' title='bbox 853 1028 1002 1064; x_wconf 87' lang='lat' dir='ltr'>haeretici</span> <span class='ocrx_word' id='word_1_101' title='bbox 1019 1028 1130 1063; x_wconf 88' lang='lat' dir='ltr'>merito</span> <span class='ocrx_word' id='word_1_102' title='bbox 1145 1035 1217 1062; x_wconf 90' lang='lat' dir='ltr'>sunt</span> 
     </span>
     <span class='ocr_line' id='line_1_24' title="bbox 468 1077 1218 1126; baseline -0.005 -11"><span class='ocrx_word' id='word_1_103' title='bbox 468 1079 618 1124; x_wconf 90' lang='lat' dir='ltr'>habendi,</span> <span class='ocrx_word' id='word_1_104' title='bbox 631 1087 726 1126; x_wconf 86' lang='lat' dir='ltr'>atque</span> <span class='ocrx_word' id='word_1_105' title='bbox 739 1079 778 1114; x_wconf 83' lang='lat' dir='ltr'>ab</span> <span class='ocrx_word' id='word_1_106' title='bbox 791 1078 940 1114; x_wconf 92' lang='lat' dir='ltr'>omnibus</span> <span class='ocrx_word' id='word_1_107' title='bbox 957 1077 1218 1114; x_wconf 85' lang='lat' dir='ltr'>christifidelibus</span> 
     </span>
     <span class='ocr_line' id='line_1_25' title="bbox 469 1127 1218 1177; baseline -0.004 -12"><span class='ocrx_word' id='word_1_108' title='bbox 469 1129 625 1174; x_wconf 88' lang='lat' dir='ltr'>evitandi,</span> <span class='ocrx_word' id='word_1_109' title='bbox 652 1129 777 1165; x_wconf 86' lang='lat' dir='ltr'>dicente</span> <span class='ocrx_word' id='word_1_110' title='bbox 811 1127 982 1177; x_wconf 73' lang='lat' dir='ltr'>Apostolo:</span> <span class='ocrx_word' id='word_1_111' title='bbox 1018 1129 1218 1163; x_wconf 82' lang='lat' dir='ltr'>Haereticum</span> 
     </span>
     <span class='ocr_line' id='line_1_26' title="bbox 469 1180 1218 1226; baseline -0.004 -12"><span class='ocrx_word' id='word_1_112' title='bbox 469 1181 618 1215; x_wconf 75' lang='lat' dir='ltr'>hominem</span> <span class='ocrx_word' id='word_1_113' title='bbox 648 1187 717 1226; x_wconf 78' lang='lat' dir='ltr'>post</span> <span class='ocrx_word' id='word_1_114' title='bbox 745 1191 840 1214; x_wconf 82' lang='lat' dir='ltr'>unam</span> <span class='ocrx_word' id='word_1_115' title='bbox 870 1187 897 1214; x_wconf 80' lang='lat' dir='ltr'>et</span> <span class='ocrx_word' id='word_1_116' title='bbox 917 1180 1080 1213; x_wconf 79' lang='lat' dir='ltr'>secundam</span> <span class='ocrx_word' id='word_1_117' title='bbox 1117 1190 1218 1212; x_wconf 85' lang='lat' dir='ltr'>corre-</span> 
     </span>
     <span class='ocr_line' id='line_1_27' title="bbox 466 1230 1217 1276; baseline -0.003 -12"><span class='ocrx_word' id='word_1_118' title='bbox 466 1232 600 1276; x_wconf 83' lang='lat' dir='ltr'>ptionem</span> <span class='ocrx_word' id='word_1_119' title='bbox 621 1231 732 1264; x_wconf 76' lang='lat' dir='ltr'>devita:</span> <span class='ocrx_word' id='word_1_120' title='bbox 758 1230 852 1263; x_wconf 73' lang='lat' dir='ltr'>sciens</span> <span class='ocrx_word' id='word_1_121' title='bbox 882 1230 955 1275; x_wconf 79' lang='lat' dir='ltr'>quia</span> <span class='ocrx_word' id='word_1_122' title='bbox 985 1230 1142 1263; x_wconf 76' lang='lat' dir='ltr'>subversus</span> <span class='ocrx_word' id='word_1_123' title='bbox 1164 1235 1217 1267; x_wconf 83' lang='lat' dir='ltr'>est,</span> 
     </span>
     <span class='ocr_line' id='line_1_28' title="bbox 469 1279 1219 1327; baseline -0.004 -12"><span class='ocrx_word' id='word_1_124' title='bbox 469 1282 524 1327; x_wconf 81' lang='lat' dir='ltr'>qui</span> <span class='ocrx_word' id='word_1_125' title='bbox 542 1281 692 1315; x_wconf 80' lang='lat' dir='ltr'>eiusmodi</span> <span class='ocrx_word' id='word_1_126' title='bbox 711 1286 764 1324; x_wconf 78' lang='lat' dir='ltr'>esc,</span> <span class='ocrx_word' id='word_1_127' title='bbox 785 1287 811 1313; x_wconf 83' lang='lat' dir='ltr'>et</span> <span class='ocrx_word' id='word_1_128' title='bbox 833 1280 993 1325; x_wconf 78' lang='lat' dir='ltr'>delinquit,</span> <span class='ocrx_word' id='word_1_129' title='bbox 1016 1290 1084 1313; x_wconf 81' lang='lat' dir='ltr'>cum</span> <span class='ocrx_word' id='word_1_130' title='bbox 1098 1279 1136 1313; x_wconf 84' lang='lat' dir='ltr'>sic</span> <span class='ocrx_word' id='word_1_131' title='bbox 1147 1290 1219 1324; x_wconf 83' lang='lat' dir='ltr'>pro-</span> 
     </span>
     <span class='ocr_line' id='line_1_29' title="bbox 466 1331 927 1377; baseline -0.004 -13"><span class='ocrx_word' id='word_1_132' title='bbox 466 1331 538 1377; x_wconf 78' lang='lat' dir='ltr'>prio</span> <span class='ocrx_word' id='word_1_133' title='bbox 563 1331 679 1365; x_wconf 70' lang='lat' dir='ltr'>iudicio</span> <span class='ocrx_word' id='word_1_134' title='bbox 699 1331 927 1364; x_wconf 80' lang='lat' dir='ltr'>condemnatus.</span> 
     </span>
    </p>

    <p class='ocr_par' dir='ltr' id='par_1_5' title="bbox 469 1376 1222 1927">
     <span class='ocr_line' id='line_1_30' title="bbox 518 1376 1219 1428; baseline -0.004 -13"><span class='ocrx_word' id='word_1_135' title='bbox 518 1380 590 1428; x_wconf 65' lang='lat'>§3-</span> <span class='ocrx_word' id='word_1_136' title='bbox 623 1378 666 1415; x_wconf 89' lang='lat' dir='ltr'>Ut</span> <span class='ocrx_word' id='word_1_137' title='bbox 699 1379 793 1427; x_wconf 77' lang='lat' dir='ltr'>igitur</span> <span class='ocrx_word' id='word_1_138' title='bbox 825 1391 896 1413; x_wconf 93' lang='lat' dir='ltr'>cum</span> <span class='ocrx_word' id='word_1_139' title='bbox 925 1377 1058 1413; x_wconf 87' lang='lat' dir='ltr'>Martino</span> <span class='ocrx_word' id='word_1_140' title='bbox 1086 1385 1117 1413; x_wconf 91' lang='lat' dir='ltr'>et</span> <span class='ocrx_word' id='word_1_141' title='bbox 1150 1376 1219 1412; x_wconf 90' lang='lat' dir='ltr'>aliis</span> 
     </span>
     <span class='ocr_line' id='line_1_31' title="bbox 470 1427 1219 1465; baseline -0.005 0"><span class='ocrx_word' id='word_1_142' title='bbox 470 1429 636 1465; x_wconf 84' lang='lat' dir='ltr'>haereticis</span> <span class='ocrx_word' id='word_1_143' title='bbox 662 1428 946 1464; x_wconf 85' lang='lat' dir='ltr'>excommunicatis</span> <span class='ocrx_word' id='word_1_144' title='bbox 967 1436 997 1462; x_wconf 91' lang='lat' dir='ltr'>et</span> <span class='ocrx_word' id='word_1_145' title='bbox 1018 1427 1219 1462; x_wconf 79' lang='lat' dir='ltr'>anatheniati-</span> 
     </span>
     <span class='ocr_line' id='line_1_32' title="bbox 473 1477 1220 1525; baseline -0.005 -10"><span class='ocrx_word' id='word_1_146' title='bbox 473 1480 548 1515; x_wconf 88' lang='lat' dir='ltr'>zatis</span> <span class='ocrx_word' id='word_1_147' title='bbox 570 1488 599 1515; x_wconf 88' lang='lat' dir='ltr'>et</span> <span class='ocrx_word' id='word_1_148' title='bbox 622 1478 797 1514; x_wconf 87' lang='lat' dir='ltr'>maledictis</span> <span class='ocrx_word' id='word_1_149' title='bbox 832 1478 943 1513; x_wconf 90' lang='lat' dir='ltr'>merito</span> <span class='ocrx_word' id='word_1_150' title='bbox 966 1477 1167 1525; x_wconf 76' lang='lat' dir='ltr'>copulentur,</span> <span class='ocrx_word' id='word_1_151' title='bbox 1189 1484 1220 1511; x_wconf 90' lang='lat' dir='ltr'>et</span> 
     </span>
     <span class='ocr_line' id='line_1_33' title="bbox 471 1526 1220 1576; baseline -0.005 -11"><span class='ocrx_word' id='word_1_152' title='bbox 471 1530 551 1565; x_wconf 86' lang='lat' dir='ltr'>sicut</span> <span class='ocrx_word' id='word_1_153' title='bbox 582 1529 612 1564; x_wconf 89' lang='lat' dir='ltr'>in</span> <span class='ocrx_word' id='word_1_154' title='bbox 642 1527 857 1576; x_wconf 89' lang='lat' dir='ltr'>delinquendo</span> <span class='ocrx_word' id='word_1_155' title='bbox 880 1527 953 1562; x_wconf 92' lang='lat' dir='ltr'>dicti</span> <span class='ocrx_word' id='word_1_156' title='bbox 976 1527 1100 1562; x_wconf 81' lang='lat' dir='ltr'>Martini</span> <span class='ocrx_word' id='word_1_157' title='bbox 1124 1526 1220 1574; x_wconf 91' lang='lat' dir='ltr'>pcrti-</span> 
     </span>
     <span class='ocr_line' id='line_1_34' title="bbox 471 1578 1221 1627; baseline -0.005 -12"><span class='ocrx_word' id='word_1_158' title='bbox 471 1580 591 1615; x_wconf 89' lang='lat' dir='ltr'>naciam</span> <span class='ocrx_word' id='word_1_159' title='bbox 616 1587 811 1627; x_wconf 89' lang='lat' dir='ltr'>sequuntur,</span> <span class='ocrx_word' id='word_1_160' title='bbox 839 1578 879 1613; x_wconf 91' lang='lat' dir='ltr'>ita</span> <span class='ocrx_word' id='word_1_161' title='bbox 907 1589 1078 1625; x_wconf 90' lang='lat' dir='ltr'>poenarum</span> <span class='ocrx_word' id='word_1_162' title='bbox 1107 1585 1135 1612; x_wconf 90' lang='lat' dir='ltr'>et</span> <span class='ocrx_word' id='word_1_163' title='bbox 1161 1589 1221 1612; x_wconf 92' lang='lat' dir='ltr'>no-</span> 
     </span>
     <span class='ocr_line' id='line_1_35' title="bbox 470 1626 1220 1678; baseline -0.005 -13"><span class='ocrx_word' id='word_1_164' title='bbox 470 1630 566 1665; x_wconf 86' lang='lat' dir='ltr'>minis</span> <span class='ocrx_word' id='word_1_165' title='bbox 578 1629 746 1678; x_wconf 87' lang='lat' dir='ltr'>participes</span> <span class='ocrx_word' id='word_1_166' title='bbox 755 1628 1021 1675; x_wconf 86' lang='lat' dir='ltr'>fiant,secumque</span> <span class='ocrx_word' id='word_1_167' title='bbox 1032 1626 1220 1671; x_wconf 74' lang='lat' dir='ltr'>Lutheri(1)</span> 
     </span>
     <span class='ocr_line' id='line_1_36' title="bbox 470 1678 1219 1725; baseline -0.005 -10"><span class='ocrx_word' id='word_1_168' title='bbox 470 1692 578 1715; x_wconf 88' lang='lat' dir='ltr'>vocem</span> <span class='ocrx_word' id='word_1_169' title='bbox 606 1686 636 1714; x_wconf 86' lang='lat' dir='ltr'>et</span> <span class='ocrx_word' id='word_1_170' title='bbox 668 1678 790 1713; x_wconf 87' lang='lat' dir='ltr'>debitas</span> <span class='ocrx_word' id='word_1_171' title='bbox 827 1685 951 1725; x_wconf 88' lang='lat' dir='ltr'>portent</span> <span class='ocrx_word' id='word_1_172' title='bbox 978 1689 1120 1725; x_wconf 84' lang='lat' dir='ltr'>poenaS‚</span> <span class='ocrx_word' id='word_1_173' title='bbox 1147 1688 1219 1712; x_wconf 92' lang='lat' dir='ltr'>cum</span> 
     </span>
     <span class='ocr_line' id='line_1_37' title="bbox 471 1727 1221 1778; baseline -0.005 -13"><span class='ocrx_word' id='word_1_174' title='bbox 471 1729 641 1778; x_wconf 87' lang='lat' dir='ltr'>praemissa</span> <span class='ocrx_word' id='word_1_175' title='bbox 664 1728 743 1764; x_wconf 90' lang='lat' dir='ltr'>adeo</span> <span class='ocrx_word' id='word_1_176' title='bbox 771 1727 934 1763; x_wconf 88' lang='lat' dir='ltr'>manifesta</span> <span class='ocrx_word' id='word_1_177' title='bbox 956 1736 985 1762; x_wconf 88' lang='lat' dir='ltr'>et</span> <span class='ocrx_word' id='word_1_178' title='bbox 1010 1727 1131 1762; x_wconf 91' lang='lat' dir='ltr'>notoria</span> <span class='ocrx_word' id='word_1_179' title='bbox 1147 1734 1221 1761; x_wconf 85' lang='lat' dir='ltr'>sunt</span> 
     </span>
     <span class='ocr_line' id='line_1_38' title="bbox 470 1776 1221 1826; baseline -0.004 -12"><span class='ocrx_word' id='word_1_180' title='bbox 470 1779 578 1815; x_wconf 80' lang='lat' dir='ltr'>effecta</span> <span class='ocrx_word' id='word_1_181' title='bbox 614 1787 644 1814; x_wconf 84' lang='lat' dir='ltr'>et</span> <span class='ocrx_word' id='word_1_182' title='bbox 666 1786 898 1826; x_wconf 81' lang='lat' dir='ltr'>permanentes,</span> <span class='ocrx_word' id='word_1_183' title='bbox 921 1778 961 1812; x_wconf 88' lang='lat' dir='ltr'>ita</span> <span class='ocrx_word' id='word_1_184' title='bbox 985 1785 1018 1812; x_wconf 90' lang='lat' dir='ltr'>ut</span> <span class='ocrx_word' id='word_1_185' title='bbox 1041 1776 1126 1811; x_wconf 92' lang='lat' dir='ltr'>nulla</span> <span class='ocrx_word' id='word_1_186' title='bbox 1149 1789 1221 1824; x_wconf 89' lang='lat' dir='ltr'>pro-</span> 
     </span>
     <span class='ocr_line' id='line_1_39' title="bbox 470 1826 1222 1865; baseline -0.004 -1"><span class='ocrx_word' id='word_1_187' title='bbox 470 1828 596 1865; x_wconf 85' lang='lat' dir='ltr'>batione</span> <span class='ocrx_word' id='word_1_188' title='bbox 622 1836 676 1863; x_wconf 87' lang='lat' dir='ltr'>aut</span> <span class='ocrx_word' id='word_1_189' title='bbox 702 1828 877 1863; x_wconf 87' lang='lat' dir='ltr'>monitione</span> <span class='ocrx_word' id='word_1_190' title='bbox 901 1828 947 1863; x_wconf 84' lang='lat' dir='ltr'>vel</span> <span class='ocrx_word' id='word_1_191' title='bbox 970 1827 1119 1862; x_wconf 79' lang='lat' dir='ltr'>citatione</span> <span class='ocrx_word' id='word_1_192' title='bbox 1142 1826 1222 1861; x_wconf 89' lang='lat' dir='ltr'>indi-</span> 
     </span>
     <span class='ocr_line' id='line_1_40' title="bbox 469 1876 1221 1927; baseline -0.004 -13"><span class='ocrx_word' id='word_1_193' title='bbox 469 1887 574 1926; x_wconf 81' lang='lat' dir='ltr'>geant,</span> <span class='ocrx_word' id='word_1_194' title='bbox 598 1886 690 1927; x_wconf 86' lang='lat' dir='ltr'>prout</span> <span class='ocrx_word' id='word_1_195' title='bbox 712 1879 758 1912; x_wconf 89' lang='lat' dir='ltr'>sic</span> <span class='ocrx_word' id='word_1_196' title='bbox 780 1877 846 1912; x_wconf 88' lang='lat' dir='ltr'>fore</span> <span class='ocrx_word' id='word_1_197' title='bbox 868 1877 1069 1912; x_wconf 88' lang='lat' dir='ltr'>decernimus</span> <span class='ocrx_word' id='word_1_198' title='bbox 1099 1884 1129 1911; x_wconf 89' lang='lat' dir='ltr'>ct</span> <span class='ocrx_word' id='word_1_199' title='bbox 1164 1876 1221 1911; x_wconf 87' lang='lat' dir='ltr'>de-</span> 
     </span>
    </p>
   </div>
   <div class='ocr_carea' id='block_1_5' title="bbox 1069 268 1442 293">
    <p class='ocr_par' dir='ltr' id='par_1_6' title="bbox 1069 268 1442 293">
     <span class='ocr_line' id='line_1_41' title="bbox 1069 268 1442 293; baseline -0.005 0"><span class='ocrx_word' id='word_1_200' title='bbox 1069 269 1253 293; x_wconf 64' lang='lat' dir='ltr'>actutum</span> <span class='ocrx_word' id='word_1_201' title='bbox 1281 268 1442 292; x_wconf 69' lang='lat' dir='ltr'>ROMANUM</span> 
     </span>
    </p>
   </div>
   <div class='ocr_carea' id='block_1_6' title="bbox 1257 326 2016 1913">
    <p class='ocr_par' dir='ltr' id='par_1_7' title="bbox 1257 326 2009 862">
     <span class='ocr_line' id='line_1_42' title="bbox 1259 326 2007 374; baseline 0.001 -14"><span class='ocrx_word' id='word_1_202' title='bbox 1259 326 1442 361; x_wconf 86' lang='lat' dir='ltr'>nominatim</span> <span class='ocrx_word' id='word_1_203' title='bbox 1465 327 1596 373; x_wconf 83' lang='lat' dir='ltr'>exprimi</span> <span class='ocrx_word' id='word_1_204' title='bbox 1638 335 1784 374; x_wconf 80' lang='lat' dir='ltr'>possent,</span> <span class='ocrx_word' id='word_1_205' title='bbox 1807 326 2007 362; x_wconf 86' lang='lat' dir='ltr'>decernimus</span> 
     </span>
     <span class='ocr_line' id='line_1_43' title="bbox 1257 376 2008 421; baseline 0 -9"><span class='ocrx_word' id='word_1_206' title='bbox 1257 376 1593 412; x_wconf 82' lang='lat' dir='ltr'>excommunicationis</span> <span class='ocrx_word' id='word_1_207' title='bbox 1620 385 1650 411; x_wconf 90' lang='lat' dir='ltr'>ct</span> <span class='ocrx_word' id='word_1_208' title='bbox 1672 377 1764 412; x_wconf 89' lang='lat' dir='ltr'>etiam</span> <span class='ocrx_word' id='word_1_209' title='bbox 1787 376 2008 421; x_wconf 83' lang='lat' dir='ltr'>anathematis,</span> 
     </span>
     <span class='ocr_line' id='line_1_44' title="bbox 1259 424 2008 463; baseline 0 -2"><span class='ocrx_word' id='word_1_210' title='bbox 1259 438 1381 461; x_wconf 89' lang='lat' dir='ltr'>necnon</span> <span class='ocrx_word' id='word_1_211' title='bbox 1415 424 1644 461; x_wconf 83' lang='lat' dir='ltr'>maledictionis</span> <span class='ocrx_word' id='word_1_212' title='bbox 1679 435 1824 463; x_wconf 90' lang='lat' dir='ltr'>aeternae</span> <span class='ocrx_word' id='word_1_213' title='bbox 1852 435 1882 462; x_wconf 90' lang='lat' dir='ltr'>et</span> <span class='ocrx_word' id='word_1_214' title='bbox 1910 427 2008 462; x_wconf 86' lang='lat' dir='ltr'>inter-</span> 
     </span>
     <span class='ocr_line' id='line_1_45' title="bbox 1258 476 2008 521; baseline 0.001 -10"><span class='ocrx_word' id='word_1_215' title='bbox 1258 476 1357 521; x_wconf 87' lang='lat' dir='ltr'>dicti,</span> <span class='ocrx_word' id='word_1_216' title='bbox 1379 488 1414 511; x_wconf 90' lang='lat' dir='ltr'>ac</span> <span class='ocrx_word' id='word_1_217' title='bbox 1442 476 1471 510; x_wconf 92' lang='lat' dir='ltr'>in</span> <span class='ocrx_word' id='word_1_218' title='bbox 1495 488 1549 511; x_wconf 84' lang='lat' dir='ltr'>eos</span> <span class='ocrx_word' id='word_1_219' title='bbox 1575 484 1605 511; x_wconf 91' lang='lat' dir='ltr'>et</span> <span class='ocrx_word' id='word_1_220' title='bbox 1632 488 1742 512; x_wconf 89' lang='lat' dir='ltr'>corum</span> <span class='ocrx_word' id='word_1_221' title='bbox 1778 476 2008 512; x_wconf 87' lang='lat' dir='ltr'>descendentes</span> 
     </span>
     <span class='ocr_line' id='line_1_46' title="bbox 1258 526 2009 574; baseline 0.003 -14"><span class='ocrx_word' id='word_1_222' title='bbox 1258 526 1455 573; x_wconf 81' lang='lat' dir='ltr'>dignitatum,</span> <span class='ocrx_word' id='word_1_223' title='bbox 1491 526 1647 561; x_wconf 91' lang='lat' dir='ltr'>honorum</span> <span class='ocrx_word' id='word_1_224' title='bbox 1669 535 1699 562; x_wconf 91' lang='lat' dir='ltr'>et</span> <span class='ocrx_word' id='word_1_225' title='bbox 1722 527 1877 562; x_wconf 87' lang='lat' dir='ltr'>bonorum</span> <span class='ocrx_word' id='word_1_226' title='bbox 1906 527 2009 574; x_wconf 88' lang='lat' dir='ltr'>priva-</span> 
     </span>
     <span class='ocr_line' id='line_1_47' title="bbox 1259 575 2007 618; baseline 0.001 -7"><span class='ocrx_word' id='word_1_227' title='bbox 1259 576 1353 611; x_wconf 87' lang='lat' dir='ltr'>tionis</span> <span class='ocrx_word' id='word_1_228' title='bbox 1379 585 1409 612; x_wconf 91' lang='lat' dir='ltr'>et</span> <span class='ocrx_word' id='word_1_229' title='bbox 1445 575 1706 611; x_wconf 84' lang='lat' dir='ltr'>inhabilitationis</span> <span class='ocrx_word' id='word_1_230' title='bbox 1729 576 1766 611; x_wconf 89' lang='lat' dir='ltr'>ad</span> <span class='ocrx_word' id='word_1_231' title='bbox 1789 577 1857 618; x_wconf 76' lang='lat' dir='ltr'>illa,</span> <span class='ocrx_word' id='word_1_232' title='bbox 1886 589 2007 612; x_wconf 88' lang='lat' dir='ltr'>necnon</span> 
     </span>
     <span class='ocr_line' id='line_1_48' title="bbox 1260 626 2008 662; baseline 0.001 -1"><span class='ocrx_word' id='word_1_233' title='bbox 1260 626 1412 662; x_wconf 90' lang='lat' dir='ltr'>bonorum</span> <span class='ocrx_word' id='word_1_234' title='bbox 1435 626 1670 662; x_wconf 85' lang='lat' dir='ltr'>confiscationis</span> <span class='ocrx_word' id='word_1_235' title='bbox 1691 634 1722 661; x_wconf 89' lang='lat' dir='ltr'>et</span> <span class='ocrx_word' id='word_1_236' title='bbox 1744 626 1886 661; x_wconf 88' lang='lat' dir='ltr'>criminis</span> <span class='ocrx_word' id='word_1_237' title='bbox 1908 626 2008 662; x_wconf 84' lang='lat' dir='ltr'>laesae</span> 
     </span>
     <span class='ocr_line' id='line_1_49' title="bbox 1260 676 2008 720; baseline 0 -9"><span class='ocrx_word' id='word_1_238' title='bbox 1260 677 1428 712; x_wconf 87' lang='lat' dir='ltr'>maiestatis</span> <span class='ocrx_word' id='word_1_239' title='bbox 1462 685 1490 712; x_wconf 92' lang='lat' dir='ltr'>et</span> <span class='ocrx_word' id='word_1_240' title='bbox 1518 676 1594 711; x_wconf 88' lang='lat' dir='ltr'>alias</span> <span class='ocrx_word' id='word_1_241' title='bbox 1629 676 1825 720; x_wconf 86' lang='lat' dir='ltr'>sententias,</span> <span class='ocrx_word' id='word_1_242' title='bbox 1859 688 2008 711; x_wconf 86' lang='lat' dir='ltr'>censuras</span> 
     </span>
     <span class='ocr_line' id='line_1_50' title="bbox 1259 726 2009 773; baseline 0 -12"><span class='ocrx_word' id='word_1_243' title='bbox 1259 735 1288 761; x_wconf 90' lang='lat' dir='ltr'>et</span> <span class='ocrx_word' id='word_1_244' title='bbox 1309 739 1436 773; x_wconf 87' lang='lat' dir='ltr'>poenas,</span> <span class='ocrx_word' id='word_1_245' title='bbox 1453 727 1546 762; x_wconf 84' lang='lat' dir='ltr'>etiarn</span> <span class='ocrx_word' id='word_1_246' title='bbox 1563 726 1592 761; x_wconf 91' lang='lat' dir='ltr'>in</span> <span class='ocrx_word' id='word_1_247' title='bbox 1616 726 1789 762; x_wconf 88' lang='lat' dir='ltr'>haereticos</span> <span class='ocrx_word' id='word_1_248' title='bbox 1804 738 1819 760; x_wconf 92' lang='lat' dir='ltr'>a</span> <span class='ocrx_word' id='word_1_249' title='bbox 1834 726 2009 761; x_wconf 90' lang='lat' dir='ltr'>canonibus</span> 
     </span>
     <span class='ocr_line' id='line_1_51' title="bbox 1260 776 2008 822; baseline 0 -11"><span class='ocrx_word' id='word_1_250' title='bbox 1260 777 1403 822; x_wconf 74' lang='lat' dir='ltr'>inflictas,</span> <span class='ocrx_word' id='word_1_251' title='bbox 1427 777 1456 811; x_wconf 93' lang='lat' dir='ltr'>in</span> <span class='ocrx_word' id='word_1_252' title='bbox 1480 776 1572 811; x_wconf 89' lang='lat' dir='ltr'>dictis</span> <span class='ocrx_word' id='word_1_253' title='bbox 1599 776 1697 811; x_wconf 92' lang='lat' dir='ltr'>literis</span> <span class='ocrx_word' id='word_1_254' title='bbox 1719 784 1895 821; x_wconf 86' lang='lat' dir='ltr'>contentas,</span> <span class='ocrx_word' id='word_1_255' title='bbox 1917 776 2008 811; x_wconf 91' lang='lat' dir='ltr'>dam-</span> 
     </span>
     <span class='ocr_line' id='line_1_52' title="bbox 1260 826 1594 862; baseline 0.003 -1"><span class='ocrx_word' id='word_1_256' title='bbox 1260 826 1405 862; x_wconf 86' lang='lat' dir='ltr'>nabiliter</span> <span class='ocrx_word' id='word_1_257' title='bbox 1432 826 1594 862; x_wconf 81' lang='lat' dir='ltr'>incidisse.</span> 
     </span>
    </p>

    <p class='ocr_par' dir='ltr' id='par_1_8' title="bbox 1259 876 2016 1913">
     <span class='ocr_line' id='line_1_53' title="bbox 1309 876 2009 924; baseline -0.003 -12"><span class='ocrx_word' id='word_1_258' title='bbox 1309 877 1329 924; x_wconf 66' lang='lat' dir='ltr'>g</span> <span class='ocrx_word' id='word_1_259' title='bbox 1351 881 1383 912; x_wconf 73' lang='lat'>4.</span> <span class='ocrx_word' id='word_1_260' title='bbox 1407 876 1556 912; x_wconf 87' lang='lat' dir='ltr'>Civitates</span> <span class='ocrx_word' id='word_1_261' title='bbox 1583 888 1727 924; x_wconf 90' lang='lat' dir='ltr'>quoqne,</span> <span class='ocrx_word' id='word_1_262' title='bbox 1751 884 1848 911; x_wconf 88' lang='lat' dir='ltr'>terras</span> <span class='ocrx_word' id='word_1_263' title='bbox 1863 904 1870 915; x_wconf 86' lang='grc'>,</span> <span class='ocrx_word' id='word_1_264' title='bbox 1893 883 2009 916; x_wconf 83' lang='lat' dir='ltr'>castra,</span> 
     </span>
     <span class='ocr_line' id='line_1_54' title="bbox 1259 926 2010 975; baseline -0.003 -13"><span class='ocrx_word' id='word_1_265' title='bbox 1259 927 1373 975; x_wconf 88' lang='lat' dir='ltr'>oppida</span> <span class='ocrx_word' id='word_1_266' title='bbox 1395 935 1425 961; x_wconf 88' lang='lat' dir='ltr'>et</span> <span class='ocrx_word' id='word_1_267' title='bbox 1448 926 1528 972; x_wconf 90' lang='lat' dir='ltr'>loca,</span> <span class='ocrx_word' id='word_1_268' title='bbox 1556 926 1585 960; x_wconf 91' lang='lat' dir='ltr'>in</span> <span class='ocrx_word' id='word_1_269' title='bbox 1609 926 1726 973; x_wconf 89' lang='lat' dir='ltr'>quibus</span> <span class='ocrx_word' id='word_1_270' title='bbox 1749 934 1823 961; x_wconf 90' lang='lat' dir='ltr'>tunc</span> <span class='ocrx_word' id='word_1_271' title='bbox 1847 937 1902 973; x_wconf 88' lang='lat' dir='ltr'>pro</span> <span class='ocrx_word' id='word_1_272' title='bbox 1930 934 2010 961; x_wconf 84' lang='lat' dir='ltr'>tern-</span> 
     </span>
     <span class='ocr_line' id='line_1_55' title="bbox 1261 975 2011 1025; baseline -0.004 -12"><span class='ocrx_word' id='word_1_273' title='bbox 1261 990 1335 1025; x_wconf 87' lang='lat' dir='ltr'>pore</span> <span class='ocrx_word' id='word_1_274' title='bbox 1362 977 1497 1021; x_wconf 85' lang='lat' dir='ltr'>fuerint,</span> <span class='ocrx_word' id='word_1_275' title='bbox 1533 986 1564 1012; x_wconf 88' lang='lat' dir='ltr'>et</span> <span class='ocrx_word' id='word_1_276' title='bbox 1597 976 1636 1011; x_wconf 90' lang='lat' dir='ltr'>ad</span> <span class='ocrx_word' id='word_1_277' title='bbox 1663 988 1744 1023; x_wconf 78' lang='lat' dir='ltr'>quae</span> <span class='ocrx_word' id='word_1_278' title='bbox 1774 988 1829 1011; x_wconf 88' lang='lat' dir='ltr'>eos</span> <span class='ocrx_word' id='word_1_279' title='bbox 1852 975 2011 1011; x_wconf 87' lang='lat' dir='ltr'>declinare</span> 
     </span>
     <span class='ocr_line' id='line_1_56' title="bbox 1259 1026 2012 1074; baseline -0.004 -11"><span class='ocrx_word' id='word_1_280' title='bbox 1259 1027 1436 1074; x_wconf 82' lang='lat' dir='ltr'>contigerit,</span> <span class='ocrx_word' id='word_1_281' title='bbox 1459 1039 1495 1062; x_wconf 88' lang='lat' dir='ltr'>ac</span> <span class='ocrx_word' id='word_1_282' title='bbox 1523 1039 1602 1074; x_wconf 88' lang='lat' dir='ltr'>quae</span> <span class='ocrx_word' id='word_1_283' title='bbox 1627 1026 1656 1060; x_wconf 90' lang='lat' dir='ltr'>in</span> <span class='ocrx_word' id='word_1_284' title='bbox 1686 1026 1746 1060; x_wconf 88' lang='lat' dir='ltr'>illis</span> <span class='ocrx_word' id='word_1_285' title='bbox 1767 1035 1854 1067; x_wconf 80' lang='lat' dir='ltr'>sunt,</span> <span class='ocrx_word' id='word_1_286' title='bbox 1876 1038 1911 1060; x_wconf 89' lang='lat' dir='ltr'>ae</span> <span class='ocrx_word' id='word_1_287' title='bbox 1933 1026 2012 1061; x_wconf 87' lang='lat' dir='ltr'>alias</span> 
     </span>
     <span class='ocr_line' id='line_1_57' title="bbox 1260 1076 2013 1123; baseline -0.003 -11"><span class='ocrx_word' id='word_1_288' title='bbox 1260 1078 1353 1113; x_wconf 88' lang='lat' dir='ltr'>etiam</span> <span class='ocrx_word' id='word_1_289' title='bbox 1382 1076 1579 1112; x_wconf 84' lang='lat' dir='ltr'>cathedrales</span> <span class='ocrx_word' id='word_1_290' title='bbox 1601 1084 1631 1111; x_wconf 87' lang='lat' dir='ltr'>et</span> <span class='ocrx_word' id='word_1_291' title='bbox 1654 1076 1924 1123; x_wconf 85' lang='lat' dir='ltr'>metropolitanas,</span> <span class='ocrx_word' id='word_1_292' title='bbox 1948 1087 2013 1111; x_wconf 90' lang='lat' dir='ltr'>mo·</span> 
     </span>
     <span class='ocr_line' id='line_1_58' title="bbox 1261 1125 2011 1173; baseline -0.003 -11"><span class='ocrx_word' id='word_1_293' title='bbox 1261 1128 1394 1163; x_wconf 88' lang='lat' dir='ltr'>nasteria</span> <span class='ocrx_word' id='word_1_294' title='bbox 1417 1135 1448 1162; x_wconf 88' lang='lat' dir='ltr'>et</span> <span class='ocrx_word' id='word_1_295' title='bbox 1467 1127 1524 1162; x_wconf 90' lang='lat' dir='ltr'>alia</span> <span class='ocrx_word' id='word_1_296' title='bbox 1546 1126 1688 1173; x_wconf 78' lang='lat' dir='ltr'>religiosa</span> <span class='ocrx_word' id='word_1_297' title='bbox 1706 1134 1736 1161; x_wconf 90' lang='lat' dir='ltr'>et</span> <span class='ocrx_word' id='word_1_298' title='bbox 1756 1126 1802 1173; x_wconf 90' lang='lat' dir='ltr'>pia</span> <span class='ocrx_word' id='word_1_299' title='bbox 1826 1125 1904 1170; x_wconf 90' lang='lat' dir='ltr'>loca,</span> <span class='ocrx_word' id='word_1_300' title='bbox 1919 1126 2011 1160; x_wconf 90' lang='lat' dir='ltr'>etiam</span> 
     </span>
     <span class='ocr_line' id='line_1_59' title="bbox 1260 1184 2014 1225; baseline -0.001 -13"><span class='ocrx_word' id='word_1_301' title='bbox 1260 1185 1404 1225; x_wconf 84' lang='lat' dir='ltr'>exempta</span> <span class='ocrx_word' id='word_1_302' title='bbox 1427 1185 1456 1212; x_wconf 90' lang='lat' dir='ltr'>et</span> <span class='ocrx_word' id='word_1_303' title='bbox 1469 1190 1529 1211; x_wconf 90' lang='lat' dir='ltr'>non</span> <span class='ocrx_word' id='word_1_304' title='bbox 1544 1184 1700 1223; x_wconf 82' lang='lat' dir='ltr'>exempta,</span> <span class='ocrx_word' id='word_1_305' title='bbox 1723 1187 1943 1223; x_wconf 85' lang='lat' dir='ltr'>quaecumque</span> <span class='ocrx_word' id='word_1_306' title='bbox 1965 1187 2014 1211; x_wconf 91' lang='lat' dir='ltr'>ec-</span> 
     </span>
     <span class='ocr_line' id='line_1_60' title="bbox 1260 1225 2012 1273; baseline -0.004 -10"><span class='ocrx_word' id='word_1_307' title='bbox 1260 1228 1434 1263; x_wconf 86' lang='lat' dir='ltr'>clesiastico</span> <span class='ocrx_word' id='word_1_308' title='bbox 1463 1226 1630 1261; x_wconf 86' lang='lat' dir='ltr'>interdicto</span> <span class='ocrx_word' id='word_1_309' title='bbox 1665 1225 1827 1273; x_wconf 86' lang='lat' dir='ltr'>supposita</span> <span class='ocrx_word' id='word_1_310' title='bbox 1860 1237 1947 1267; x_wconf 78' lang='lat' dir='ltr'>esse3</span> <span class='ocrx_word' id='word_1_311' title='bbox 1972 1226 2012 1261; x_wconf 88' lang='lat' dir='ltr'>ita</span> 
     </span>
     <span class='ocr_line' id='line_1_61' title="bbox 1263 1275 2014 1323; baseline -0.001 -11"><span class='ocrx_word' id='word_1_312' title='bbox 1263 1286 1306 1321; x_wconf 89' lang='lat' dir='ltr'>nt,</span> <span class='ocrx_word' id='word_1_313' title='bbox 1335 1277 1387 1313; x_wconf 91' lang='lat' dir='ltr'>illo</span> <span class='ocrx_word' id='word_1_314' title='bbox 1414 1276 1562 1319; x_wconf 85' lang='lat' dir='ltr'>durante,</span> <span class='ocrx_word' id='word_1_315' title='bbox 1598 1284 1758 1323; x_wconf 86' lang='lat' dir='ltr'>praetextu</span> <span class='ocrx_word' id='word_1_316' title='bbox 1781 1275 1921 1310; x_wconf 88' lang='lat' dir='ltr'>cuiusvis</span> <span class='ocrx_word' id='word_1_317' title='bbox 1958 1275 2014 1311; x_wconf 90' lang='lat' dir='ltr'>in-</span> 
     </span>
     <span class='ocr_line' id='line_1_62' title="bbox 1261 1325 2015 1374; baseline -0.001 -12"><span class='ocrx_word' id='word_1_318' title='bbox 1261 1327 1338 1362; x_wconf 92' lang='lat' dir='ltr'>dulti</span> <span class='ocrx_word' id='word_1_319' title='bbox 1367 1327 1543 1374; x_wconf 89' lang='lat' dir='ltr'>apostolici,</span> <span class='ocrx_word' id='word_1_320' title='bbox 1571 1334 1788 1373; x_wconf 87' lang='lat' dir='ltr'>praeterquam</span> <span class='ocrx_word' id='word_1_321' title='bbox 1827 1325 1857 1359; x_wconf 92' lang='lat' dir='ltr'>in</span> <span class='ocrx_word' id='word_1_322' title='bbox 1886 1325 2015 1361; x_wconf 85' lang='lat' dir='ltr'>casibus</span> 
     </span>
     <span class='ocr_line' id='line_1_63' title="bbox 1261 1375 2013 1424; baseline -0.003 -12"><span class='ocrx_word' id='word_1_323' title='bbox 1261 1391 1276 1412; x_wconf 88' lang='lat' dir='ltr'>a</span> <span class='ocrx_word' id='word_1_324' title='bbox 1293 1378 1358 1412; x_wconf 89' lang='lat' dir='ltr'>iure</span> <span class='ocrx_word' id='word_1_325' title='bbox 1375 1377 1547 1424; x_wconf 79' lang='lat' dir='ltr'>permissis,</span> <span class='ocrx_word' id='word_1_326' title='bbox 1563 1376 1639 1411; x_wconf 87' lang='lat' dir='ltr'>etin</span> <span class='ocrx_word' id='word_1_327' title='bbox 1660 1375 1730 1417; x_wconf 84' lang='lat' dir='ltr'>illis,</span> <span class='ocrx_word' id='word_1_328' title='bbox 1749 1387 1810 1410; x_wconf 90' lang='lat' dir='ltr'>non</span> <span class='ocrx_word' id='word_1_329' title='bbox 1828 1375 1903 1410; x_wconf 87' lang='lat' dir='ltr'>alias</span> <span class='ocrx_word' id='word_1_330' title='bbox 1918 1387 2013 1423; x_wconf 90' lang='lat' dir='ltr'>quam</span> 
     </span>
     <span class='ocr_line' id='line_1_64' title="bbox 1264 1425 2015 1462; baseline -0.004 0"><span class='ocrx_word' id='word_1_331' title='bbox 1264 1428 1367 1462; x_wconf 91' lang='lat' dir='ltr'>ianuis</span> <span class='ocrx_word' id='word_1_332' title='bbox 1401 1426 1517 1462; x_wconf 87' lang='lat' dir='ltr'>clausis</span> <span class='ocrx_word' id='word_1_333' title='bbox 1551 1438 1586 1461; x_wconf 89' lang='lat' dir='ltr'>ac</span> <span class='ocrx_word' id='word_1_334' title='bbox 1608 1425 1890 1461; x_wconf 82' lang='lat' dir='ltr'>excommunicatis</span> <span class='ocrx_word' id='word_1_335' title='bbox 1912 1435 1942 1460; x_wconf 84' lang='lat' dir='ltr'>et</span> <span class='ocrx_word' id='word_1_336' title='bbox 1965 1425 2015 1459; x_wconf 91' lang='lat' dir='ltr'>in-</span> 
     </span>
     <span class='ocr_line' id='line_1_65' title="bbox 1261 1474 2014 1523; baseline -0.003 -11"><span class='ocrx_word' id='word_1_337' title='bbox 1261 1477 1402 1513; x_wconf 86' lang='lat' dir='ltr'>terdictis</span> <span class='ocrx_word' id='word_1_338' title='bbox 1425 1476 1572 1515; x_wconf 77' lang='lat' dir='ltr'>exclusis,</span> <span class='ocrx_word' id='word_1_339' title='bbox 1595 1482 1754 1523; x_wconf 84' lang='lat' dir='ltr'>nequeant</span> <span class='ocrx_word' id='word_1_340' title='bbox 1777 1474 1891 1509; x_wconf 86' lang='lat' dir='ltr'>missae</span> <span class='ocrx_word' id='word_1_341' title='bbox 1913 1475 2014 1510; x_wconf 84' lang='lat' dir='ltr'>etalia</span> 
     </span>
     <span class='ocr_line' id='line_1_66' title="bbox 1262 1524 2015 1572; baseline -0.003 -10"><span class='ocrx_word' id='word_1_342' title='bbox 1262 1527 1366 1562; x_wconf 83' lang='lat' dir='ltr'>divina</span> <span class='ocrx_word' id='word_1_343' title='bbox 1390 1526 1488 1562; x_wconf 84' lang='lat' dir='ltr'>officia</span> <span class='ocrx_word' id='word_1_344' title='bbox 1517 1524 1686 1570; x_wconf 82' lang='lat' dir='ltr'>celebrari,</span> <span class='ocrx_word' id='word_1_345' title='bbox 1708 1524 1878 1572; x_wconf 86' lang='lat' dir='ltr'>apostolica</span> <span class='ocrx_word' id='word_1_346' title='bbox 1905 1531 2015 1560; x_wconf 85' lang='lat' dir='ltr'>aucto-</span> 
     </span>
     <span class='ocr_line' id='line_1_67' title="bbox 1263 1573 2015 1623; baseline -0.003 -11"><span class='ocrx_word' id='word_1_347' title='bbox 1263 1579 1373 1620; x_wconf 88' lang='lat' dir='ltr'>ritate,</span> <span class='ocrx_word' id='word_1_348' title='bbox 1402 1585 1511 1612; x_wconf 88' lang='lat' dir='ltr'>tenore</span> <span class='ocrx_word' id='word_1_349' title='bbox 1549 1575 1773 1623; x_wconf 80' lang='lat' dir='ltr'>praesentium,</span> <span class='ocrx_word' id='word_1_350' title='bbox 1800 1573 2015 1616; x_wconf 87' lang='lat' dir='ltr'>declaramus;</span> 
     </span>
     <span class='ocr_line' id='line_1_68' title="bbox 1263 1624 2016 1675; baseline -0.001 -14"><span class='ocrx_word' id='word_1_351' title='bbox 1263 1627 1397 1674; x_wconf 89' lang='lat' dir='ltr'>illosque</span> <span class='ocrx_word' id='word_1_352' title='bbox 1425 1639 1480 1675; x_wconf 92' lang='lat' dir='ltr'>pro</span> <span class='ocrx_word' id='word_1_353' title='bbox 1508 1624 1793 1661; x_wconf 84' lang='lat' dir='ltr'>excommunicatis</span> <span class='ocrx_word' id='word_1_354' title='bbox 1819 1632 1850 1659; x_wconf 89' lang='lat' dir='ltr'>et</span> <span class='ocrx_word' id='word_1_355' title='bbox 1884 1624 2016 1660; x_wconf 88' lang='lat' dir='ltr'>anathe-</span> 
     </span>
     <span class='ocr_line' id='line_1_69' title="bbox 1264 1674 2016 1722; baseline -0.003 -10"><span class='ocrx_word' id='word_1_356' title='bbox 1264 1677 1431 1721; x_wconf 89' lang='lat' dir='ltr'>matizatis,</span> <span class='ocrx_word' id='word_1_357' title='bbox 1460 1675 1645 1720; x_wconf 89' lang='lat' dir='ltr'>maledictis,</span> <span class='ocrx_word' id='word_1_358' title='bbox 1673 1674 1859 1718; x_wconf 88' lang='lat' dir='ltr'>interdictis,</span> <span class='ocrx_word' id='word_1_359' title='bbox 1887 1674 2016 1722; x_wconf 90' lang='lat' dir='ltr'>privatis</span> 
     </span>
     <span class='ocr_line' id='line_1_70' title="bbox 1262 1723 2015 1772; baseline -0.005 -10"><span class='ocrx_word' id='word_1_360' title='bbox 1262 1737 1292 1762; x_wconf 91' lang='lat' dir='ltr'>et</span> <span class='ocrx_word' id='word_1_361' title='bbox 1316 1726 1521 1767; x_wconf 89' lang='lat' dir='ltr'>inhabilibus,</span> <span class='ocrx_word' id='word_1_362' title='bbox 1549 1725 1745 1772; x_wconf 89' lang='lat' dir='ltr'>ubicumque</span> <span class='ocrx_word' id='word_1_363' title='bbox 1779 1723 1921 1759; x_wconf 89' lang='lat' dir='ltr'>locorum</span> <span class='ocrx_word' id='word_1_364' title='bbox 1958 1723 2015 1759; x_wconf 91' lang='lat' dir='ltr'>de-</span> 
     </span>
     <span class='ocr_line' id='line_1_71' title="bbox 1264 1773 2015 1823; baseline -0.004 -11"><span class='ocrx_word' id='word_1_365' title='bbox 1264 1777 1405 1812; x_wconf 87' lang='lat' dir='ltr'>nunciari</span> <span class='ocrx_word' id='word_1_366' title='bbox 1441 1785 1471 1811; x_wconf 91' lang='lat' dir='ltr'>et</span> <span class='ocrx_word' id='word_1_367' title='bbox 1514 1775 1691 1823; x_wconf 88' lang='lat' dir='ltr'>publicari,</span> <span class='ocrx_word' id='word_1_368' title='bbox 1726 1787 1762 1810; x_wconf 87' lang='lat' dir='ltr'>ac</span> <span class='ocrx_word' id='word_1_369' title='bbox 1799 1774 1837 1809; x_wconf 92' lang='lat' dir='ltr'>ab</span> <span class='ocrx_word' id='word_1_370' title='bbox 1865 1773 2015 1810; x_wconf 87' lang='lat' dir='ltr'>omnibus</span> 
     </span>
     <span class='ocr_line' id='line_1_72' title="bbox 1263 1824 2014 1872; baseline -0.005 -9"><span class='ocrx_word' id='word_1_371' title='bbox 1263 1826 1521 1863; x_wconf 83' lang='lat' dir='ltr'>christifidelibus</span> <span class='ocrx_word' id='word_1_372' title='bbox 1536 1825 1652 1861; x_wconf 86' lang='lat' dir='ltr'>arctius</span> <span class='ocrx_word' id='word_1_373' title='bbox 1668 1824 1774 1860; x_wconf 81' lang='lat' dir='ltr'>evitari</span> <span class='ocrx_word' id='word_1_374' title='bbox 1804 1824 2014 1872; x_wconf 89' lang='lat' dir='ltr'>praecipimus</span> 
     </span>
     <span class='ocr_line' id='line_1_73' title="bbox 1263 1876 1516 1913; baseline -0.012 0"><span class='ocrx_word' id='word_1_375' title='bbox 1263 1887 1293 1913; x_wconf 89' lang='lat' dir='ltr'>et</span> <span class='ocrx_word' id='word_1_376' title='bbox 1316 1876 1516 1912; x_wconf 89' lang='lat' dir='ltr'>mandamns.</span> 
     </span>
    </p>
   </div>
   <div class='ocr_carea' id='block_1_7' title="bbox 2023 271 2203 300">
    <p class='ocr_par' dir='ltr' id='par_1_9' title="bbox 2023 271 2203 300">
     <span class='ocr_line' id='line_1_74' title="bbox 2023 271 2203 300; baseline -0.006 -1"><span class='ocrx_word' id='word_1_377' title='bbox 2023 272 2075 299; x_wconf 75' lang='lat' dir='ltr'>An.</span> <span class='ocrx_word' id='word_1_378' title='bbox 2094 271 2124 299; x_wconf 88' lang='lat' dir='ltr'>C.</span> <span class='ocrx_word' id='word_1_379' title='bbox 2137 271 2203 300; x_wconf 68' lang='lat'>¹52}</span> 
     </span>
    </p>
   </div>
   <div class='ocr_carea' id='block_1_8' title="bbox 2025 889 2210 983">
    <p class='ocr_par' dir='ltr' id='par_1_10' title="bbox 2025 889 2210 983">
     <span class='ocr_line' id='line_1_75' title="bbox 2031 889 2208 912; baseline 0.006 -1"><span class='ocrx_word' id='word_1_380' title='bbox 2031 889 2167 912; x_wconf 70' lang='lat' dir='ltr'>Interdictum</span> <span class='ocrx_word' id='word_1_381' title='bbox 2173 896 2208 912; x_wconf 73' lang='lat' dir='ltr'>oe-</span> 
     </span>
     <span class='ocr_line' id='line_1_76' title="bbox 2025 921 2210 949; baseline 0 -5"><span class='ocrx_word' id='word_1_382' title='bbox 2025 921 2168 944; x_wconf 69' lang='lat' dir='ltr'>etesiuneum</span> <span class='ocrx_word' id='word_1_383' title='bbox 2174 928 2210 949; x_wconf 72' lang='lat' dir='ltr'>ap-</span> 
     </span>
     <span class='ocr_line' id='line_1_77' title="bbox 2025 956 2098 983; baseline 0 -7"><span class='ocrx_word' id='word_1_384' title='bbox 2025 956 2083 983; x_wconf 71' lang='lat' dir='ltr'>ponit</span> <span class='ocrx_word' id='word_1_385' title='bbox 2093 963 2098 981; x_wconf 67' lang='grc' dir='ltr'>ς</span> 
     </span>
    </p>
   </div>
   <div class='ocr_carea' id='block_1_9' title="bbox 470 1926 1221 2078">
    <p class='ocr_par' dir='ltr' id='par_1_11' title="bbox 470 1926 1221 2078">
     <span class='ocr_line' id='line_1_78' title="bbox 470 1926 1219 1974; baseline -0.001 -11"><span class='ocrx_word' id='word_1_386' title='bbox 470 1929 638 1974; x_wconf 90' lang='lat' dir='ltr'>claramus,</span> <span class='ocrx_word' id='word_1_387' title='bbox 658 1928 828 1963; x_wconf 78' lang='lat' dir='ltr'>Martinam</span> <span class='ocrx_word' id='word_1_388' title='bbox 846 1935 875 1962; x_wconf 90' lang='lat' dir='ltr'>et</span> <span class='ocrx_word' id='word_1_389' title='bbox 889 1927 977 1968; x_wconf 87' lang='lat' dir='ltr'>alios,</span> <span class='ocrx_word' id='word_1_390' title='bbox 995 1927 1048 1974; x_wconf 92' lang='lat' dir='ltr'>qui</span> <span class='ocrx_word' id='word_1_391' title='bbox 1071 1926 1219 1962; x_wconf 89' lang='lat' dir='ltr'>eumdem</span> 
     </span>
     <span class='ocr_line' id='line_1_79' title="bbox 471 1977 1221 2026; baseline -0.003 -12"><span class='ocrx_word' id='word_1_392' title='bbox 471 1978 641 2014; x_wconf 87' lang='lat' dir='ltr'>Martinum</span> <span class='ocrx_word' id='word_1_393' title='bbox 664 1978 695 2013; x_wconf 92' lang='lat' dir='ltr'>in</span> <span class='ocrx_word' id='word_1_394' title='bbox 720 1989 777 2013; x_wconf 90' lang='lat' dir='ltr'>suo</span> <span class='ocrx_word' id='word_1_395' title='bbox 799 1989 893 2026; x_wconf 93' lang='lat' dir='ltr'>pravo</span> <span class='ocrx_word' id='word_1_396' title='bbox 916 1986 946 2013; x_wconf 88' lang='lat' dir='ltr'>et</span> <span class='ocrx_word' id='word_1_397' title='bbox 968 1977 1116 2012; x_wconf 89' lang='lat' dir='ltr'>damnato</span> <span class='ocrx_word' id='word_1_398' title='bbox 1146 1989 1221 2024; x_wconf 90' lang='lat' dir='ltr'>pro-</span> 
     </span>
     <span class='ocr_line' id='line_1_80' title="bbox 471 2027 1220 2078; baseline -0.003 -14"><span class='ocrx_word' id='word_1_399' title='bbox 471 2029 573 2078; x_wconf 89' lang='lat' dir='ltr'>posito</span> <span class='ocrx_word' id='word_1_400' title='bbox 601 2029 794 2064; x_wconf 87' lang='lat' dir='ltr'>obstinatum</span> <span class='ocrx_word' id='word_1_401' title='bbox 833 2035 1025 2076; x_wconf 89' lang='lat' dir='ltr'>sequuntur,</span> <span class='ocrx_word' id='word_1_402' title='bbox 1060 2039 1095 2062; x_wconf 88' lang='lat' dir='ltr'>ac</span> <span class='ocrx_word' id='word_1_403' title='bbox 1127 2027 1220 2063; x_wconf 89' lang='lat' dir='ltr'>etiam</span> 
     </span>
    </p>
   </div>
   <div class='ocr_carea' id='block_1_10' title="bbox 1312 1923 2210 1975">
    <p class='ocr_par' dir='ltr' id='par_1_12' title="bbox 1312 1923 2210 1975">
     <span class='ocr_line' id='line_1_81' title="bbox 1312 1923 2210 1975; baseline -0.004 -14"><span class='ocrx_word' id='word_1_404' title='bbox 1312 1927 1331 1975; x_wconf 61' lang='lat' dir='ltr'>g</span> <span class='ocrx_word' id='word_1_405' title='bbox 1359 1931 1390 1962; x_wconf 80' lang='lat'>5.</span> <span class='ocrx_word' id='word_1_406' title='bbox 1420 1926 1470 1971; x_wconf 89' lang='lat' dir='ltr'>Et,</span> <span class='ocrx_word' id='word_1_407' title='bbox 1494 1934 1526 1960; x_wconf 90' lang='lat' dir='ltr'>nt</span> <span class='ocrx_word' id='word_1_408' title='bbox 1549 1925 1699 1961; x_wconf 90' lang='lat' dir='ltr'>omnibus</span> <span class='ocrx_word' id='word_1_409' title='bbox 1722 1931 1843 1958; x_wconf 89' lang='lat' dir='ltr'>tantum</span> <span class='ocrx_word' id='word_1_410' title='bbox 1857 1924 1887 1959; x_wconf 90' lang='lat' dir='ltr'>in</span> <span class='ocrx_word' id='word_1_411' title='bbox 1901 1923 1959 1959; x_wconf 91' lang='lat' dir='ltr'>Dei</span> <span class='ocrx_word' id='word_1_412' title='bbox 1981 1933 2013 1959; x_wconf 87' lang='lat' dir='ltr'>et</span> <span class='ocrx_word' id='word_1_413' title='bbox 2036 1935 2210 1964; x_wconf 57' lang='lat' dir='ltr'>tuosqunpm</span> 
     </span>
    </p>
   </div>
   <div class='ocr_carea' id='block_1_11' title="bbox 1263 1967 2212 2026">
    <p class='ocr_par' dir='ltr' id='par_1_13' title="bbox 1263 1967 2212 2026">
     <span class='ocr_line' id='line_1_82' title="bbox 1263 1967 2212 2026; baseline -0.006 -13"><span class='ocrx_word' id='word_1_414' title='bbox 1263 1977 1424 2013; x_wconf 86' lang='lat' dir='ltr'>Ecclesiae</span> <span class='ocrx_word' id='word_1_415' title='bbox 1452 1988 1527 2011; x_wconf 90' lang='lat' dir='ltr'>suae</span> <span class='ocrx_word' id='word_1_416' title='bbox 1551 1975 1758 2023; x_wconf 87' lang='lat' dir='ltr'>vilipendium</span> <span class='ocrx_word' id='word_1_417' title='bbox 1783 1974 1908 2009; x_wconf 89' lang='lat' dir='ltr'>Martini</span> <span class='ocrx_word' id='word_1_418' title='bbox 1923 1981 1953 2009; x_wconf 91' lang='lat' dir='ltr'>et</span> <span class='ocrx_word' id='word_1_419' title='bbox 1968 1986 2014 2009; x_wconf 91' lang='lat' dir='ltr'>se·</span> <span class='ocrx_word' id='word_1_420' title='bbox 2027 1967 2212 2026; x_wconf 43' lang='lat' dir='ltr'>fflssggffifflffi·</span> 
     </span>
    </p>
   </div>
   <div class='ocr_carea' id='block_1_12' title="bbox 1262 2023 2158 2076">
    <p class='ocr_par' dir='ltr' id='par_1_14' title="bbox 1262 2023 2158 2076">
     <span class='ocr_line' id='line_1_83' title="bbox 1262 2023 2158 2076; baseline -0.007 -12"><span class='ocrx_word' id='word_1_421' title='bbox 1262 2028 1412 2076; x_wconf 89' lang='lat' dir='ltr'>quacium</span> <span class='ocrx_word' id='word_1_422' title='bbox 1436 2035 1465 2061; x_wconf 88' lang='lat' dir='ltr'>et</span> <span class='ocrx_word' id='word_1_423' title='bbox 1487 2026 1620 2061; x_wconf 89' lang='lat' dir='ltr'>aliorum</span> <span class='ocrx_word' id='word_1_424' title='bbox 1645 2024 1898 2060; x_wconf 83' lang='lat' dir='ltr'>inobedientium</span> <span class='ocrx_word' id='word_1_425' title='bbox 1920 2023 2013 2059; x_wconf 91' lang='lat' dir='ltr'>obsti·</span> <span class='ocrx_word' id='word_1_426' title='bbox 2028 2031 2045 2052; x_wconf 81' lang='lat' dir='ltr'>ri</span> <span class='ocrx_word' id='word_1_427' title='bbox 2060 2031 2158 2057; x_wconf 53' lang='lat' dir='ltr'>manaan</span> 
     </span>
    </p>
   </div>
   <div class='ocr_carea' id='block_1_13' title="bbox 471 2078 1221 2686">
    <p class='ocr_par' dir='ltr' id='par_1_15' title="bbox 471 2078 1221 2686">
     <span class='ocr_line' id='line_1_84' title="bbox 471 2078 1221 2130; baseline -0.007 -13"><span class='ocrx_word' id='word_1_428' title='bbox 471 2093 536 2127; x_wconf 87' lang='lat' dir='ltr'>eos,</span> <span class='ocrx_word' id='word_1_429' title='bbox 562 2081 616 2130; x_wconf 90' lang='lat' dir='ltr'>qui</span> <span class='ocrx_word' id='word_1_430' title='bbox 640 2094 712 2117; x_wconf 91' lang='lat' dir='ltr'>eum</span> <span class='ocrx_word' id='word_1_431' title='bbox 733 2082 826 2117; x_wconf 88' lang='lat' dir='ltr'>etiam</span> <span class='ocrx_word' id='word_1_432' title='bbox 850 2080 1007 2129; x_wconf 87' lang='lat' dir='ltr'>praesidio</span> <span class='ocrx_word' id='word_1_433' title='bbox 1024 2079 1147 2115; x_wconf 85' lang='lat' dir='ltr'>militari</span> <span class='ocrx_word' id='word_1_434' title='bbox 1163 2078 1221 2113; x_wconf 89' lang='lat' dir='ltr'>de-</span> 
     </span>
     <span class='ocr_line' id='line_1_85' title="bbox 472 2130 1220 2180; baseline -0.005 -11"><span class='ocrx_word' id='word_1_435' title='bbox 472 2134 618 2179; x_wconf 88' lang='lat' dir='ltr'>fendunt,</span> <span class='ocrx_word' id='word_1_436' title='bbox 640 2133 834 2174; x_wconf 82' lang='lat' dir='ltr'>custodiunt,</span> <span class='ocrx_word' id='word_1_437' title='bbox 855 2141 885 2168; x_wconf 90' lang='lat' dir='ltr'>et</span> <span class='ocrx_word' id='word_1_438' title='bbox 909 2131 1044 2180; x_wconf 88' lang='lat' dir='ltr'>propriis</span> <span class='ocrx_word' id='word_1_439' title='bbox 1067 2130 1220 2166; x_wconf 81' lang='lat' dir='ltr'>facultati-</span> 
     </span>
     <span class='ocr_line' id='line_1_86' title="bbox 473 2183 1219 2232; baseline -0.005 -12"><span class='ocrx_word' id='word_1_440' title='bbox 473 2185 532 2220; x_wconf 88' lang='lat' dir='ltr'>bus</span> <span class='ocrx_word' id='word_1_441' title='bbox 553 2185 599 2220; x_wconf 89' lang='lat' dir='ltr'>vel</span> <span class='ocrx_word' id='word_1_442' title='bbox 622 2185 698 2220; x_wconf 87' lang='lat' dir='ltr'>alias</span> <span class='ocrx_word' id='word_1_443' title='bbox 711 2183 949 2232; x_wconf 85' lang='lat' dir='ltr'>quomodolibet</span> <span class='ocrx_word' id='word_1_444' title='bbox 967 2190 1141 2217; x_wconf 89' lang='lat' dir='ltr'>sustentare</span> <span class='ocrx_word' id='word_1_445' title='bbox 1157 2194 1219 2217; x_wconf 92' lang='lat' dir='ltr'>non</span> 
     </span>
     <span class='ocr_line' id='line_1_87' title="bbox 472 2231 1221 2278; baseline -0.005 -8"><span class='ocrx_word' id='word_1_446' title='bbox 472 2243 627 2276; x_wconf 86' lang='lat' dir='ltr'>verentur;</span> <span class='ocrx_word' id='word_1_447' title='bbox 650 2247 686 2270; x_wconf 92' lang='lat' dir='ltr'>ac</span> <span class='ocrx_word' id='word_1_448' title='bbox 711 2235 881 2278; x_wconf 86' lang='lat' dir='ltr'>auxilinm,</span> <span class='ocrx_word' id='word_1_449' title='bbox 908 2232 1074 2268; x_wconf 90' lang='lat' dir='ltr'>consilinm</span> <span class='ocrx_word' id='word_1_450' title='bbox 1098 2231 1144 2267; x_wconf 89' lang='lat' dir='ltr'>vel</span> <span class='ocrx_word' id='word_1_451' title='bbox 1174 2232 1221 2267; x_wconf 85' lang='lat' dir='ltr'>fa-</span> 
     </span>
     <span class='ocr_line' id='line_1_88' title="bbox 473 2282 1220 2333; baseline -0.005 -13"><span class='ocrx_word' id='word_1_452' title='bbox 473 2297 575 2320; x_wconf 88' lang='lat' dir='ltr'>vorem</span> <span class='ocrx_word' id='word_1_453' title='bbox 599 2285 711 2333; x_wconf 85' lang='lat' dir='ltr'>quovis</span> <span class='ocrx_word' id='word_1_454' title='bbox 733 2285 826 2320; x_wconf 91' lang='lat' dir='ltr'>modo</span> <span class='ocrx_word' id='word_1_455' title='bbox 854 2292 1012 2332; x_wconf 89' lang='lat' dir='ltr'>praestare</span> <span class='ocrx_word' id='word_1_456' title='bbox 1034 2290 1063 2318; x_wconf 89' lang='lat' dir='ltr'>et</span> <span class='ocrx_word' id='word_1_457' title='bbox 1098 2282 1220 2317; x_wconf 89' lang='lat' dir='ltr'>submi-</span> 
     </span>
     <span class='ocr_line' id='line_1_89' title="bbox 472 2335 1219 2383; baseline -0.005 -13"><span class='ocrx_word' id='word_1_458' title='bbox 472 2335 603 2371; x_wconf 86' lang='lat' dir='ltr'>nistrare</span> <span class='ocrx_word' id='word_1_459' title='bbox 637 2342 914 2383; x_wconf 85' lang='lat' dir='ltr'>praesumpserunt</span> <span class='ocrx_word' id='word_1_460' title='bbox 941 2342 971 2369; x_wconf 86' lang='lat' dir='ltr'>et</span> <span class='ocrx_word' id='word_1_461' title='bbox 998 2340 1219 2380; x_wconf 86' lang='lat' dir='ltr'>praesumunt,</span> 
     </span>
     <span class='ocr_line' id='line_1_90' title="bbox 472 2384 1220 2434; baseline -0.008 -12"><span class='ocrx_word' id='word_1_462' title='bbox 472 2399 605 2434; x_wconf 85' lang='lat' dir='ltr'>quorum</span> <span class='ocrx_word' id='word_1_463' title='bbox 625 2387 768 2422; x_wconf 92' lang='lat' dir='ltr'>omnium</span> <span class='ocrx_word' id='word_1_464' title='bbox 788 2386 914 2420; x_wconf 90' lang='lat' dir='ltr'>nomina</span> <span class='ocrx_word' id='word_1_465' title='bbox 937 2392 967 2419; x_wconf 87' lang='lat' dir='ltr'>et</span> <span class='ocrx_word' id='word_1_466' title='bbox 984 2384 1172 2430; x_wconf 85' lang='lat' dir='ltr'>cognomina</span> <span class='ocrx_word' id='word_1_467' title='bbox 1191 2391 1220 2417; x_wconf 86' lang='lat' dir='ltr'>et</span> 
     </span>
     <span class='ocr_line' id='line_1_91' title="bbox 471 2433 1217 2486; baseline -0.007 -14"><span class='ocrx_word' id='word_1_468' title='bbox 471 2437 656 2486; x_wconf 76' lang='lat' dir='ltr'>qualitates.</span> <span class='ocrx_word' id='word_1_469' title='bbox 682 2436 739 2472; x_wconf 89' lang='lat' dir='ltr'>etsi</span> <span class='ocrx_word' id='word_1_470' title='bbox 775 2436 886 2482; x_wconf 82' lang='lat' dir='ltr'>quavis</span> <span class='ocrx_word' id='word_1_471' title='bbox 920 2433 1002 2470; x_wconf 88' lang='lat' dir='ltr'>celsa</span> <span class='ocrx_word' id='word_1_472' title='bbox 1031 2433 1078 2469; x_wconf 85' lang='lat' dir='ltr'>vel</span> <span class='ocrx_word' id='word_1_473' title='bbox 1106 2434 1217 2480; x_wconf 83' lang='lat' dir='ltr'>grandi</span> 
     </span>
     <span class='ocr_line' id='line_1_92' title="bbox 472 2483 1219 2535; baseline -0.004 -14"><span class='ocrx_word' id='word_1_474' title='bbox 472 2487 685 2535; x_wconf 78' lang='lat' dir='ltr'>praefulgeant</span> <span class='ocrx_word' id='word_1_475' title='bbox 712 2485 862 2533; x_wconf 82' lang='lat' dir='ltr'>dignitate</span> <span class='ocrx_word' id='word_1_476' title='bbox 881 2513 888 2526; x_wconf 79' lang='lat'>‚</span> <span class='ocrx_word' id='word_1_477' title='bbox 911 2483 1130 2532; x_wconf 85' lang='lat' dir='ltr'>praesentibus</span> <span class='ocrx_word' id='word_1_478' title='bbox 1164 2484 1219 2519; x_wconf 91' lang='lat' dir='ltr'>ha-</span> 
     </span>
     <span class='ocr_line' id='line_1_93' title="bbox 473 2534 1220 2584; baseline -0.008 -10"><span class='ocrx_word' id='word_1_479' title='bbox 473 2539 538 2574; x_wconf 90' lang='lat' dir='ltr'>beri</span> <span class='ocrx_word' id='word_1_480' title='bbox 563 2539 707 2573; x_wconf 87' lang='lat' dir='ltr'>volumus</span> <span class='ocrx_word' id='word_1_481' title='bbox 735 2548 790 2584; x_wconf 90' lang='lat' dir='ltr'>pro</span> <span class='ocrx_word' id='word_1_482' title='bbox 812 2536 984 2584; x_wconf 79' lang='lat' dir='ltr'>expressis,</span> <span class='ocrx_word' id='word_1_483' title='bbox 1007 2547 1042 2570; x_wconf 90' lang='lat' dir='ltr'>ac</span> <span class='ocrx_word' id='word_1_484' title='bbox 1064 2534 1090 2569; x_wconf 89' lang='lat' dir='ltr'>si</span> <span class='ocrx_word' id='word_1_485' title='bbox 1114 2535 1220 2569; x_wconf 92' lang='lat' dir='ltr'>nomi-</span> 
     </span>
     <span class='ocr_line' id='line_1_94' title="bbox 473 2585 1219 2636; baseline -0.007 -12"><span class='ocrx_word' id='word_1_486' title='bbox 473 2588 568 2624; x_wconf 89' lang='lat' dir='ltr'>natim</span> <span class='ocrx_word' id='word_1_487' title='bbox 591 2588 856 2636; x_wconf 88' lang='lat' dir='ltr'>exprimerentur,</span> <span class='ocrx_word' id='word_1_488' title='bbox 883 2597 919 2621; x_wconf 90' lang='lat' dir='ltr'>ac</span> <span class='ocrx_word' id='word_1_489' title='bbox 943 2586 974 2620; x_wconf 90' lang='lat' dir='ltr'>in</span> <span class='ocrx_word' id='word_1_490' title='bbox 1010 2585 1135 2621; x_wconf 90' lang='lat' dir='ltr'>illorum</span> <span class='ocrx_word' id='word_1_491' title='bbox 1159 2598 1219 2631; x_wconf 91' lang='lat' dir='ltr'>pu-</span> 
     </span>
     <span class='ocr_line' id='line_1_95' title="bbox 474 2635 1218 2686; baseline -0.004 -12"><span class='ocrx_word' id='word_1_492' title='bbox 474 2638 660 2682; x_wconf 88' lang='lat' dir='ltr'>blicatione,</span> <span class='ocrx_word' id='word_1_493' title='bbox 688 2638 794 2686; x_wconf 85' lang='lat' dir='ltr'>vigore</span> <span class='ocrx_word' id='word_1_494' title='bbox 817 2636 1027 2684; x_wconf 84' lang='lat' dir='ltr'>praesentium</span> <span class='ocrx_word' id='word_1_495' title='bbox 1057 2635 1196 2671; x_wconf 85' lang='lat' dir='ltr'>facienda</span> <span class='ocrx_word' id='word_1_496' title='bbox 1211 2663 1218 2676; x_wconf 81' lang='grc'>,</span> 
     </span>
    </p>
   </div>
   <div class='ocr_carea' id='block_1_14' title="bbox 507 2699 1096 2738">
    <p class='ocr_par' dir='ltr' id='par_1_16' title="bbox 507 2699 1096 2738">
     <span class='ocr_line' id='line_1_96' title="bbox 507 2699 1096 2738; baseline -0.003 -10"><span class='ocrx_word' id='word_1_497' title='bbox 507 2701 550 2738; x_wconf 83' lang='grc'>(1)</span> <span class='ocrx_word' id='word_1_498' title='bbox 564 2702 709 2731; x_wconf 72' lang='lat' dir='ltr'>Lutherant</span> <span class='ocrx_word' id='word_1_499' title='bbox 724 2700 803 2731; x_wconf 75' lang='lat' dir='ltr'>habet</span> <span class='ocrx_word' id='word_1_500' title='bbox 819 2699 972 2737; x_wconf 84' lang='lat' dir='ltr'>Raynaldus</span> <span class='ocrx_word' id='word_1_501' title='bbox 987 2699 1025 2735; x_wconf 80' lang='lat' dir='ltr'>(rt.</span> <span class='ocrx_word' id='word_1_502' title='bbox 1047 2699 1096 2735; x_wconf 87' lang='grc' dir='ltr'>τ.).</span> 
     </span>
    </p>
   </div>
   <div class='ocr_carea' id='block_1_15' title="bbox 1262 2074 2015 2730">
    <p class='ocr_par' dir='ltr' id='par_1_17' title="bbox 1262 2074 2015 2730">
     <span class='ocr_line' id='line_1_97' title="bbox 1264 2074 2014 2120; baseline -0.005 -7"><span class='ocrx_word' id='word_1_503' title='bbox 1264 2086 1353 2113; x_wconf 87' lang='lat' dir='ltr'>natae</span> <span class='ocrx_word' id='word_1_504' title='bbox 1381 2076 1566 2112; x_wconf 89' lang='lat' dir='ltr'>temeritatis</span> <span class='ocrx_word' id='word_1_505' title='bbox 1587 2074 1716 2111; x_wconf 87' lang='lat' dir='ltr'>audacia</span> <span class='ocrx_word' id='word_1_506' title='bbox 1754 2074 1952 2120; x_wconf 88' lang='lat' dir='ltr'>innotescat,</span> <span class='ocrx_word' id='word_1_507' title='bbox 1975 2086 2014 2109; x_wconf 90' lang='lat' dir='ltr'>ne</span> 
     </span>
     <span class='ocr_line' id='line_1_98' title="bbox 1262 2129 2014 2179; baseline -0.004 -11"><span class='ocrx_word' id='word_1_508' title='bbox 1262 2132 1404 2168; x_wconf 86' lang='lat' dir='ltr'>morbida</span> <span class='ocrx_word' id='word_1_509' title='bbox 1432 2144 1529 2179; x_wconf 91' lang='lat' dir='ltr'>pecus</span> <span class='ocrx_word' id='word_1_510' title='bbox 1557 2143 1684 2179; x_wconf 80' lang='lat' dir='ltr'>gregem</span> <span class='ocrx_word' id='word_1_511' title='bbox 1713 2129 1853 2175; x_wconf 80' lang='lat' dir='ltr'>inliciat,</span> <span class='ocrx_word' id='word_1_512' title='bbox 1881 2141 2014 2178; x_wconf 88' lang='lat' dir='ltr'>parsque</span> 
     </span>
     <span class='ocr_line' id='line_1_99' title="bbox 1262 2184 2014 2227; baseline -0.005 -4"><span class='ocrx_word' id='word_1_513' title='bbox 1262 2189 1382 2223; x_wconf 90' lang='lat' dir='ltr'>sincera</span> <span class='ocrx_word' id='word_1_514' title='bbox 1404 2187 1442 2222; x_wconf 87' lang='lat' dir='ltr'>ad</span> <span class='ocrx_word' id='word_1_515' title='bbox 1467 2186 1668 2222; x_wconf 80' lang='lat' dir='ltr'>infectionem</span> <span class='ocrx_word' id='word_1_516' title='bbox 1694 2184 1844 2227; x_wconf 85' lang='lat' dir='ltr'>trahatur,</span> <span class='ocrx_word' id='word_1_517' title='bbox 1860 2184 2014 2220; x_wconf 91' lang='lat' dir='ltr'>universis</span> 
     </span>
     <span class='ocr_line' id='line_1_100' title="bbox 1262 2240 2015 2290; baseline -0.005 -12"><span class='ocrx_word' id='word_1_518' title='bbox 1262 2252 1291 2279; x_wconf 88' lang='lat' dir='ltr'>et</span> <span class='ocrx_word' id='word_1_519' title='bbox 1313 2242 1446 2290; x_wconf 84' lang='lat' dir='ltr'>singulis</span> <span class='ocrx_word' id='word_1_520' title='bbox 1464 2241 1658 2290; x_wconf 82' lang='lat' dir='ltr'>patriarchiS,</span> <span class='ocrx_word' id='word_1_521' title='bbox 1674 2240 1934 2287; x_wconf 83' lang='lat' dir='ltr'>archiepiscopis,</span> <span class='ocrx_word' id='word_1_522' title='bbox 1952 2240 2015 2288; x_wconf 90' lang='lat' dir='ltr'>epi-</span> 
     </span>
     <span class='ocr_line' id='line_1_101' title="bbox 1262 2295 2013 2347; baseline -0.005 -13"><span class='ocrx_word' id='word_1_523' title='bbox 1262 2299 1380 2347; x_wconf 59' lang='lat' dir='ltr'>scopis,</span> <span class='ocrx_word' id='word_1_524' title='bbox 1403 2297 1671 2346; x_wconf 86' lang='lat' dir='ltr'>patriarchalium,</span> <span class='ocrx_word' id='word_1_525' title='bbox 1687 2295 2013 2343; x_wconf 84' lang='lat' dir='ltr'>metropolitanarum,</span> 
     </span>
     <span class='ocr_line' id='line_1_102' title="bbox 1262 2350 2012 2399; baseline -0.005 -9"><span class='ocrx_word' id='word_1_526' title='bbox 1262 2353 1489 2390; x_wconf 88' lang='lat' dir='ltr'>cathedralium</span> <span class='ocrx_word' id='word_1_527' title='bbox 1513 2360 1541 2388; x_wconf 89' lang='lat' dir='ltr'>et</span> <span class='ocrx_word' id='word_1_528' title='bbox 1561 2351 1795 2399; x_wconf 79' lang='lat' dir='ltr'>collegiatarum</span> <span class='ocrx_word' id='word_1_529' title='bbox 1810 2350 2012 2386; x_wconf 85' lang='lat' dir='ltr'>ecclesiarum</span> 
     </span>
     <span class='ocr_line' id='line_1_103' title="bbox 1263 2405 2014 2457; baseline -0.004 -14"><span class='ocrx_word' id='word_1_530' title='bbox 1263 2409 1425 2457; x_wconf 89' lang='lat' dir='ltr'>praelatis,</span> <span class='ocrx_word' id='word_1_531' title='bbox 1453 2407 1601 2456; x_wconf 85' lang='lat' dir='ltr'>capitulis</span> <span class='ocrx_word' id='word_1_532' title='bbox 1627 2414 1656 2441; x_wconf 90' lang='lat' dir='ltr'>ct</span> <span class='ocrx_word' id='word_1_533' title='bbox 1686 2405 1828 2454; x_wconf 89' lang='lat' dir='ltr'>personis</span> <span class='ocrx_word' id='word_1_534' title='bbox 1863 2405 2014 2441; x_wconf 86' lang='lat' dir='ltr'>ecclesia-</span> 
     </span>
     <span class='ocr_line' id='line_1_104' title="bbox 1262 2459 2013 2512; baseline -0.008 -12"><span class='ocrx_word' id='word_1_535' title='bbox 1262 2465 1346 2500; x_wconf 90' lang='lat' dir='ltr'>sticis</span> <span class='ocrx_word' id='word_1_536' title='bbox 1361 2472 1390 2500; x_wconf 91' lang='lat' dir='ltr'>et</span> <span class='ocrx_word' id='word_1_537' title='bbox 1405 2463 1587 2512; x_wconf 89' lang='lat' dir='ltr'>quorumvis</span> <span class='ocrx_word' id='word_1_538' title='bbox 1600 2460 1770 2506; x_wconf 89' lang='lat' dir='ltr'>Ordinum,</span> <span class='ocrx_word' id='word_1_539' title='bbox 1785 2459 1876 2496; x_wconf 86' lang='lat' dir='ltr'>etiam</span> <span class='ocrx_word' id='word_1_540' title='bbox 1894 2459 2013 2496; x_wconf 83' lang='lat' dir='ltr'>Mendi-</span> 
     </span>
     <span class='ocr_line' id='line_1_105' title="bbox 1262 2516 2011 2565; baseline -0.009 -10"><span class='ocrx_word' id='word_1_541' title='bbox 1262 2521 1411 2563; x_wconf 88' lang='lat' dir='ltr'>cantium,</span> <span class='ocrx_word' id='word_1_542' title='bbox 1426 2517 1590 2565; x_wconf 80' lang='lat' dir='ltr'>religiosis,</span> <span class='ocrx_word' id='word_1_543' title='bbox 1606 2516 1761 2564; x_wconf 88' lang='lat' dir='ltr'>exemptis</span> <span class='ocrx_word' id='word_1_544' title='bbox 1786 2523 1816 2551; x_wconf 88' lang='lat' dir='ltr'>et</span> <span class='ocrx_word' id='word_1_545' title='bbox 1832 2527 1894 2550; x_wconf 92' lang='lat' dir='ltr'>non</span> <span class='ocrx_word' id='word_1_546' title='bbox 1910 2526 2011 2549; x_wconf 84' lang='lat' dir='ltr'>exem-</span> 
     </span>
     <span class='ocr_line' id='line_1_106' title="bbox 1263 2570 2011 2623; baseline -0.007 -14"><span class='ocrx_word' id='word_1_547' title='bbox 1263 2573 1477 2623; x_wconf 86' lang='lat' dir='ltr'>ptis,nbilibet</span> <span class='ocrx_word' id='word_1_548' title='bbox 1492 2572 1681 2612; x_wconf 83' lang='lat' dir='ltr'>constitutis,</span> <span class='ocrx_word' id='word_1_549' title='bbox 1702 2571 1730 2605; x_wconf 93' lang='lat' dir='ltr'>in</span> <span class='ocrx_word' id='word_1_550' title='bbox 1754 2570 1865 2605; x_wconf 87' lang='lat' dir='ltr'>virtute</span> <span class='ocrx_word' id='word_1_551' title='bbox 1885 2576 2011 2604; x_wconf 86' lang='lat' dir='ltr'>sanctae</span> 
     </span>
     <span class='ocr_line' id='line_1_107' title="bbox 1262 2624 2010 2664; baseline -0.005 0"><span class='ocrx_word' id='word_1_552' title='bbox 1262 2628 1457 2664; x_wconf 89' lang='lat' dir='ltr'>obedientiae</span> <span class='ocrx_word' id='word_1_553' title='bbox 1479 2636 1509 2662; x_wconf 88' lang='lat' dir='ltr'>et</span> <span class='ocrx_word' id='word_1_554' title='bbox 1531 2626 1591 2662; x_wconf 90' lang='lat' dir='ltr'>snb</span> <span class='ocrx_word' id='word_1_555' title='bbox 1613 2624 1947 2662; x_wconf 87' lang='lat' dir='ltr'>excommunicationis</span> <span class='ocrx_word' id='word_1_556' title='bbox 1966 2624 2010 2660; x_wconf 92' lang='lat' dir='ltr'>la-</span> 
     </span>
     <span class='ocr_line' id='line_1_108' title="bbox 1263 2679 2010 2730; baseline -0.005 -11"><span class='ocrx_word' id='word_1_557' title='bbox 1263 2692 1310 2719; x_wconf 89' lang='lat' dir='ltr'>tae</span> <span class='ocrx_word' id='word_1_558' title='bbox 1332 2683 1507 2719; x_wconf 88' lang='lat' dir='ltr'>sententiae</span> <span class='ocrx_word' id='word_1_559' title='bbox 1535 2681 1669 2730; x_wconf 84' lang='lat' dir='ltr'>poenis,</span> <span class='ocrx_word' id='word_1_560' title='bbox 1693 2679 1878 2717; x_wconf 82' lang='lat' dir='ltr'>mandamus</span> <span class='ocrx_word' id='word_1_561' title='bbox 1899 2687 2010 2729; x_wconf 87' lang='lat' dir='ltr'>quate-</span> 
     </span>
    </p>
   </div>
   <div class='ocr_carea' id='block_1_16' title="bbox 2278 2385 2281 3068">
    <p class='ocr_par' dir='ltr' id='par_1_18' title="bbox 2278 2385 2281 3068">
     <span class='ocr_line' id='line_1_109' title="bbox 2278 2385 2281 3068; baseline 0 0"><span class='ocrx_word' id='word_1_562' title='bbox 2278 2385 2281 3068; x_wconf 95' lang='lat' dir='ltr'> </span> 
     </span>
    </p>
   </div>
  </div>
 </body>
</html>
