2281 3251
101 300 148 328 Αη.
168 297 277 325 011159

146 1673 263 1694 Exordium.

976 294 1042 317 l'tt'S
1065 294 1085 317 ΙΙ
1112 293 1157 316 ΡΡ.

339 356 415 382 runt.
433 366 470 374 -—
490 352 514 380 7.
534 350 627 388 Reges
647 359 762 389 quoquc
786 354 814 379 et
830 349 975 387 generalis
992 350 1045 377 (lr-

336 397 413 426 dinis
436 396 544 434 aliique
565 395 710 424 testificati
730 399 799 423 sunt
820 394 968 433 praeclara
988 403 1046 423 me-

337 441 389 470 rita
413 445 441 470 ct
457 440 596 470 miracula
616 439 644 468 S.
666 439 820 473 Vincentii,
839 443 888 467 etv.
901 455 939 460 -—
954 440 980 466 8.
997 438 1046 468 llis

338 490 498 524 promotus,
517 484 609 514 Nicol.
633 483 651 512 V
673 484 909 513 informationem
934 484 1047 522 praedi-

338 534 449 559 ctorum
474 529 568 559 tribus
595 529 796 558 cardinalibus
828 529 985 565 commisit,
1010 546 1049 551 —

338 574 364 602 (l.
381 573 435 608 Qui
459 582 630 612 processum
651 574 822 608 formarunt,
841 578 868 603 ct
888 574 975 603 multa
995 574 1050 602 mi-

339 617 436 646 racula
454 618 599 647 vcrissrata
618 618 745 647 suerunt.
756 635 794 640 —
808 618 853 647 lO.
867 616 985 647 Nicolao
1001 620 1050 648 dc-

341 662 449 697 t'nncto‚
472 661 610 692 Callistus
633 661 668 690 lll
685 666 801 691 creatus
824 666 869 691 est
887 661 1049 701 l'ont.,qui,

339 715 405 735 cum
422 712 501 737 esset
517 716 593 736 unus
610 707 644 736 de
658 706 750 736 tribus
768 707 1050 746 carditi.1leptttatiS,

340 751 429 780 alimn
449 752 627 782 cardinalem
646 752 708 781 loco
732 752 777 781 sui
795 752 928 783 suffecit,
944 768 982 773 —
1005 752 1050 780 ll.

342 794 507 836 llahuitque
531 797 558 827 in
583 797 769 826 consistoriis
790 797 911 825 secretis
935 796 1052 826 relatio-

341 849 406 869 nem
441 841 648 871 verificationis
682 842 818 870 virtutum
843 845 871 869 et
897 840 1053 870 miraculo-

342 893 417 920 rum,
436 885 561 925 ideoque
588 886 622 915 ad
647 885 785 915 ulteriora
810 885 927 925 procedi
956 885 1052 917 iussit,

343 945 381 950 —
407 929 451 958 ΓΞ.
475 929 507 959 Et
529 930 644 959 tandem
669 930 703 959 ad
723 929 974 959 canonizationem
998 929 1052 958 tle-

344 973 518 1003 veniendum
531 983 596 1003 esse
610 974 822 1013 pronunciavit,
834 991 871 995 —
882 973 924 1002 13.
939 972 1054 1012 Ipsum-

344 1027 400 1055 que
428 1018 618 1053 canonizavit,
641 1023 668 1047 et
692 1017 738 1048 ss,
767 1018 970 1047 consessorum
995 1027 1052 1045 nu-

345 1071 425 1091 mero
454 1062 623 1102 adscripsit.
647 1079 685 1084 —
713 1062 758 1092 tt.
778 1061 845 1091 Eius
869 1061 974 1091 festum
1008 1061 1054 1090 die

345 1107 362 1135 (5
385 1107 488 1146 aprilis
511 1106 651 1136 celebrari
678 1107 776 1136 iussit.
800 1122 838 1127 —
862 1106 906 1134 lsi.
926 1105 1053 1135 Miracu-

346 1151 440 1180 lorum
460 1160 630 1190 processum
655 1151 682 1180 in
703 1151 881 1179 monasterio
901 1149 929 1179 B.
948 1149 1055 1179 Mariae

348 1204 436 1234 super
457 1195 612 1225 Minervam
641 1195 675 1224 de
698 1194 775 1224 Frhe
807 1194 948 1223 asservari
974 1203 1057 1233 prae-

347 1241 432 1279 cepit.
463 1257 502 1262 —
530 1240 575 1269 ¹16.
603 1239 751 1268 Ecclesias
775 1239 838 1268 eius
871 1238 1057 1268 visitantibus

347 1285 546 1323 indulgentias
569 1285 726 1314 concessit.
748 1300 787 1305 —
813 1283 855 1313 17.
874 1283 984 1313 Callist.
1008 1293 1058 1313 au-

349 1334 404 1359 tem
438 1329 473 1358 lll
497 1329 577 1365 obiit,
610 1335 637 1358 et
659 1329 739 1358 bulla
769 1329 898 1368 desuper
924 1338 981 1358 non
1006 1328 1059 1358 fuit

348 1374 490 1414 expedita,
513 1374 577 1403 idco
602 1374 647 1403 bie
676 1373 780 1403 Pontis.
808 1383 870 1402 eam
895 1373 994 1402 edidit.
1021 1390 1059 1395 —

349 1418 395 1449 18.
417 1417 534 1448 Sanctio
559 1418 700 1458 poenalis.

399 1494 461 1523 Pius
478 1494 622 1530 opiscopus
641 1501 737 1523 servus
761 1501 901 1523 servorum
915 1493 969 1526 Dei,

450 1544 484 1572 ad
502 1545 664 1580 perpetuam
686 1544 728 1572 rei
746 1544 915 1573 memoriam.

360 1615 485 1651 Rationi
508 1616 654 1662 congruit
676 1624 707 1651 et
725 1617 871 1651 convenit
895 1616 1061 1657 honestati,

314 1675 346 1701 ut
380 1678 414 1701 ea
437 1678 528 1714 quae,
556 1665 689 1701 Romani
716 1665 878 1701 Pontificis
904 1665 1062 1701 delibera-

314 1716 398 1752 tione
433 1715 559 1763 provida
595 1728 631 1751 ac
673 1715 897 1751 venerabilium
934 1716 1061 1751 fratrum

316 1774 493 1801 nostrorum
510 1765 546 1800 S.
561 1764 601 1800 R.
617 1765 654 1800 E.
671 1765 879 1801 cardinalium
909 1766 1065 1801 omnium-

315 1828 376 1864 que
405 1815 613 1862 praelatorum
642 1823 715 1850 tunc
746 1816 776 1850 in
801 1815 942 1850 Romana
970 1814 1063 1851 Curia

317 1864 521 1900 residentium
545 1865 677 1900 consilio
699 1874 729 1900 et
755 1877 886 1900 assensu
911 1866 1064 1909 unanimi,

316 1915 453 1960 decreta,
471 1922 588 1950 statuta
613 1923 643 1949 et
666 1915 807 1950 ordinata
824 1915 963 1955 suerunt,
982 1915 1064 1955 licet,

318 1965 418 2011 ipsius
438 1964 688 2012 praedecessoris
703 1965 946 2012 superveniente
965 1964 1065 2008 obitu,

317 2014 425 2049 literae
451 2014 642 2060 apostolicae
665 2014 828 2050 confectae
857 2027 917 2049 non
952 2013 1067 2049 fuerint

318 2075 413 2110 super
449 2064 529 2104 illis,
556 2076 649 2098 suum
687 2064 862 2111 plenarium
897 2064 1068 2099 sortiantur

319 2112 478 2148 effectum.

369 2162 389 2210 S
412 2166 442 2197 t.
472 2162 598 2198 Dudum
622 2162 776 2210 siquidem
800 2163 899 2198 felicis
922 2163 1069 2199 recorda-

1714 283 1724 314 l
1740 284 1781 315 lii

1088 350 1159 383 dolo
1190 347 1358 396 serpentis,
1386 359 1550 391 avorsum,
1573 348 1608 381 ad
1637 361 1668 381 sc
1705 349 1831 383 brachio

1088 411 1161 433 suae
1190 399 1309 433 virtutis
1344 397 1510 441 reducere,
1533 407 1560 431 et
1596 397 1706 444 culpae
1734 398 1832 443 ipsius

1090 449 1209 495 lapsmn
1245 448 1351 483 rolens
1379 448 1408 481 in
1434 459 1565 494 persona
1590 448 1712 494 propria
1743 462 1833 494 ropa-

1091 511 1176 542 rarc,
1212 499 1367 533 humanae
1396 507 1522 532 naturae
1559 497 1731 531 ministerio
1761 511 1835 530 usus

1091 557 1148 590 est,
1173 557 1204 582 ut
1226 561 1281 583 sua
1304 547 1436 582 mirabili
1462 548 1609 593 potentia,
1630 546 1702 580 inde
1727 547 1834 580 mode—

1091 601 1150 634 lam
1187 598 1278 632 ferret
1306 597 1498 640 bominibus,
1528 596 1610 631 unde
1633 596 1746 630 vulnus
1768 610 1836 629 cvr-

1093 649 1224 683 uebatur
1252 648 1382 691 illatum,
1405 660 1439 681 ac
1465 659 1520 694 pro
1541 658 1595 681 sua
1620 646 1756 680 bonitate
1780 646 1837 679 dc-

1094 699 1173 732 bitor
1209 698 1274 744 ipse
1310 698 1402 732 bomo
1425 706 1454 732 et
1476 696 1629 731 obnoxius
1652 705 1836 730 remanet-vt.

1092 747 1184 789 Nam,
1209 747 1281 781 licet
1317 748 1516 794 omnipotens
1553 758 1656 781 sermo
1695 746 1839 792 dilapsus

1094 797 1171 831 foret
1193 805 1281 831 antea
1306 798 1335 831 in
1360 797 1538 844 propbetas,
1563 805 1593 830 ut
1616 795 1711 829 divini
1735 807 1840 828 sucre·

1095 855 1161 881 tum
1190 846 1311 881 consilii
1341 854 1578 892 cognoscenteS,
1606 857 1640 879 ac
1668 857 1755 892 spem
1782 845 1840 877 lm-

1095 908 1205 930 manae
1228 895 1434 942 reparationis
1453 895 1604 929 babentes
1627 895 1727 929 solum
1751 895 1839 928 Crea-

1097 945 1153 979 tori
1177 957 1234 979 suo
1257 945 1423 987 servirent,
1450 946 1552 992 ipsum
1575 944 1748 978 Dominum
1772 943 1840 977 ado-

1096 1003 1210 1038 rarent,
1244 1006 1278 1029 ac
1313 1003 1453 1041 posteros
1484 994 1621 1028 venerari
1657 1002 1685 1027 et
1712 993 1842 1027 adorare

1097 1044 1257 1083 docerenr,
1281 1044 1310 1078 in
1335 1043 1394 1078 sine
1417 1052 1518 1078 tamen
1536 1043 1748 1081 saeculorum,
1771 1055 1841 1076 cuni

1099 1093 1180 1128 venit
1217 1094 1367 1140 temporis
1397 1092 1580 1139 plenitudo,
1608 1092 1843 1126 misericordia-

1099 1156 1167 1177 rum
1188 1142 1280 1177 Pater
1303 1143 1471 1189 ingenitus,
1495 1141 1632 1177 Verbum
1657 1154 1761 1185 sumn,
1791 1155 1844 1188 per

1099 1192 1180 1240 quod
1205 1192 1277 1227 fecit
1298 1201 1328 1227 et
1354 1192 1491 1232 saecula,
1519 1192 1556 1226 de
1584 1191 1680 1225 coelis
1702 1191 1783 1225 misit
1814 1192 1842 1224 iu

1099 1242 1226 1282 orbem,
1255 1250 1287 1276 ut
1318 1243 1487 1277 humanam
1516 1253 1641 1276 carnem
1668 1253 1846 1283 assumens,

1100 1300 1243 1327 aeternae
1280 1292 1357 1326 vitae
1400 1292 1479 1326 viam
1517 1291 1612 1337 lapsis
1654 1289 1846 1338 perditisque

1100 1341 1292 1385 ostenderet,
1311 1342 1434 1388 culpam
1456 1341 1636 1388 protoplasti
1652 1342 1681 1374 in
1704 1352 1755 1374 ara
1773 1340 1849 1373 (Iru-

1101 1392 1158 1431 cis,
1175 1391 1300 1438 proprio
1316 1403 1427 1426 cruore
1443 1390 1586 1433 dilueret,
1604 1389 1756 1436 uobisque
1778 1389 1847 1423 coeli

1103 1441 1225 1475 ianuam
1245 1441 1390 1488 aperiret.
1408 1440 1511 1488 thue
1534 1440 1609 1474 tanti
1625 1440 1774 1486 mysterii,
1797 1439 1849 1472 ln-

1101 1491 1291 1525 carnationis
1310 1490 1453 1525 videlicet
1475 1497 1505 1524 et
1525 1488 1765 1536 Redemptionis
1788 1489 1849 1523 lm-

1104 1540 1238 1575 iusmodi
1263 1540 1375 1575 veritas
1403 1540 1525 1574 cunctis
1553 1538 1736 1574 mortalibus
1764 1539 1851 1572 inno-

1104 1598 1257 1632 tesceret,
1291 1590 1447 1637 apostolos
1477 1601 1563 1634 suos,
1588 1600 1667 1636 quos
1695 1589 1723 1622 in
1748 1588 1826 1622 vitae
1842 1615 1850 1629 ,

1104 1639 1264 1674 doctrinae
1284 1648 1313 1674 et
1335 1652 1464 1687 operum
1484 1651 1614 1674 suorum
1635 1638 1850 1673 testimonium

1104 1690 1253 1736 elegerat,
1269 1689 1410 1736 aliosque
1429 1688 1604 1736 discipulos
1623 1688 1652 1722 in
1671 1688 1850 1722 universum

1105 1739 1258 1774 mundum
1298 1738 1335 1774 ad
1366 1738 1610 1786 praedicandum
1645 1738 1851 1784 Evangelium

1106 1789 1284 1827 destinavit,
1303 1789 1355 1836 qui
1379 1789 1444 1823 suis
1466 1788 1613 1836 eloquiis,
1628 1788 1726 1835 signis
1748 1797 1775 1821 et
1798 1789 1854 1822 vir-

1107 1839 1240 1879 tutibus,
1258 1838 1351 1873 veluti
1366 1838 1442 1873 solis
1455 1838 1561 1882 radiis,
1577 1837 1684 1873 orhem
1703 1845 1853 1871 terrarum

1109 1888 1332 1923 illuminarent.
1347 1887 1409 1923 Sed
1426 1900 1510 1929 cum,
1530 1899 1678 1922 successu
1695 1887 1855 1934 temporis,

1108 1938 1211 1973 callidi
1227 1938 1326 1972 bostis
1345 1938 1503 1984 iniquitas,
1526 1938 1671 1985 antiquae
1691 1945 1719 1971 et
1738 1937 1857 1970 usitatxe

1108 1987 1228 2023 fraudis
1250 1988 1451 2028 commentis,
1479 1987 1653 2022 humanum
1673 1998 1772 2032 genus
1796 1995 1855 2019 tam

1109 2037 1238 2084 grandis
1287 2045 1317 2072 et
1352 2037 1580 2071 sacratissimae
1631 2036 1857 2083 redemptionis

1110 2088 1211 2122 fructu
1244 2087 1376 2134 privare,
1411 2095 1441 2121 et
1469 2086 1497 2120 in
1521 2095 1676 2121 aeternam
1712 2084 1856 2132 praedam

1110 2141 1269 2176 adducere
1286 2140 1459 2185 moliretur,
1475 2140 1578 2174 divina
1597 2139 1763 2175 clementia
1779 2151 1860 2173 sem-

1113 2208 1166 2242 per
1189 2195 1296 2242 generi
1322 2195 1466 2229 miserata
1485 2195 1634 2235 lmmano,
1657 2206 1732 2229 suae
1755 2194 1860 2228 Eccle-

1847 295 1884 320 Αιι
1914 293 2022 320 4111&ss

108 2229 112 2232 ·
147 2220 200 2242 Deus
228 2218 305 2255 multo?
322 2212 414 2247 tionis
435 2211 585 2249 Callistus
606 2212 689 2260 Papa
704 2212 994 2260 Ill,praedecessor
1018 2225 1070 2248 no-

125 2255 182 2303 2¹32,
197 2253 308 2302 summ
322 2271 397 2304 ster,
419 2261 490 2297 lesu
513 2261 631 2297 Christi
654 2263 684 2296 in
709 2264 809 2307 terris,
836 2275 970 2310 superna
1002 2263 1071 2297 dis-

125 2314 257 2365 ffihfflm*
274 2319 308 2332 '⁸‘
325 2311 492 2361 positione,
515 2311 669 2353 Vicarius,
696 2321 726 2347 et
753 2311 790 2346 B.
816 2312 899 2347 Petri
930 2313 1072 2348 caelestis

174 2361 178 2364 ”
325 2361 412 2409 regni
435 2362 581 2409 clavigeri
609 2374 785 2407 successor,
808 2375 879 2397 cunt
909 2362 1071 2397 militantis

325 2411 490 2447 Ecclesiae
525 2412 738 2458 gubernacula
774 2424 910 2459 superna
950 2421 1073 2460 regeret

326 2461 496 2507 voluntate,
518 2471 548 2496 et
583 2462 769 2497 immensam
795 2462 849 2497 Dei
883 2464 978 2498 nostri
1007 2463 1074 2497 ole-

328 2515 476 2550 mentiam
499 2516 528 2551 in
561 2529 599 2551 eo
626 2517 763 2551 maxime
794 2516 913 2551 interna
943 2516 1075 2552 medita-

328 2569 410 2604 tione
435 2579 651 2617 cognosceret,
673 2570 757 2618 quod
782 2571 954 2615 bominem,
981 2583 1074 2619 quem

313 2623 366 2658 -ad
389 2635 475 2658 suam
500 2624 666 2670 imaginem
690 2624 995 2672 similitudinemque
1014 2625 1076 2660 for-

1112 2250 1175 2285 siae
1211 2249 1404 2284 orthodoxae
1431 2256 1608 2295 opportune
1646 2247 1859 2287 subveniens,

1114 2304 1195 2339 viros
1212 2303 1294 2338 misit
1319 2303 1481 2350 plurimos,
1497 2303 1660 2338 sanctitate
1682 2311 1711 2337 et
1730 2303 1859 2337 scientia

1114 2358 1282 2406 praeditos,
1316 2356 1482 2391 virtutibus
1515 2356 1693 2397 redimitos,
1729 2358 1860 2403 tempori

1115 2413 1349 2455 convenientes,
1369 2411 1434 2459 qui,
1456 2411 1536 2446 velut
1553 2412 1648 2446 divini
1665 2413 1771 2459 gregis
1784 2412 1862 2445 aric-

1117 2476 1182 2507 tes,
1219 2474 1336 2501 rectum
1362 2466 1418 2500 iter
1445 2467 1531 2513 gregi
1568 2479 1626 2501 suo
1652 2467 1863 2512 ducatumque

1118 2521 1315 2570 praeberent,
1343 2530 1373 2554 et
1406 2520 1495 2555 bonis
1523 2521 1762 2556 adhortantibus
1790 2534 1864 2566 ope-

1119 2577 1203 2611 ribus
1237 2584 1266 2610 et
1302 2575 1455 2622 exemplis
1492 2575 1654 2610 bominum
1696 2575 1865 2609 titubantes

1119 2631 1240 2664 animos
1258 2629 1452 2670 roborarent,
1471 2637 1523 2663 aut
1540 2629 1676 2677 martyrii
1700 2628 1794 2674 gloria
1815 2639 1865 2661 am

332 2686 480 2722 maverat,
507 2690 522 2712 a
544 2691 577 2712 se
601 2678 672 2726 ipso
701 2679 951 2714 incommutabili
976 2679 1077 2720 bono.
1120 2685 1198 2719 vitae
1223 2683 1418 2731 integritate,
1455 2696 1511 2718 scu
1534 2677 1674 2718 errorum
1702 2682 1865 2728 gentilium

412 2734 484 2765 Butt.
505 2735 579 2765 Rom.
604 2735 657 2766 Vol.
684 2735 711 2767 V.
927 2737 960 2767 19
