2281 3251
217 256 268 283 An.
284 255 313 283 C.
333 255 398 283 ¹517

465 245 534 280 700

414 311 614 351 dolianeri0s‚
637 308 848 344 conductores
875 314 905 341 et
931 305 1161 353 appaltatores,

415 361 507 395 etiam
543 361 622 395 circa
646 358 800 393 dohanam
834 356 959 404 Ripae,
987 355 1162 398 mercium,

414 410 564 457 grasciae,
587 408 679 451 salis,
701 407 895 450 aluminum,
918 404 1110 452 patrimonii,
1133 412 1162 438 et

415 459 560 494 zeccliain
577 487 586 502 ,
613 469 778 500 carceres,
805 464 942 499 stratas,
976 462 1037 489 tam
1067 453 1162 488 Urbis

415 521 506 556 quani
530 517 722 543 caeterarum
745 506 905 540 civitatum
940 512 971 539 et
999 503 1162 546 locorum,

416 559 504 593 nobis
531 567 558 592 et
594 556 696 591 eidem
730 555 889 590 Ecclesiae
920 553 1163 596 subiectorum,

415 620 507 655 quani
539 607 632 641 ctiam
661 607 741 641 circa
777 604 923 651 singulos
951 603 1163 638 thesaurarios

414 666 444 691 et
468 656 672 703 depositarios
707 655 736 689 in
765 654 858 689 dictis
881 653 958 688 locis
985 653 1165 687 consisten-

416 717 472 743 tes,
494 719 585 753 quam
611 705 764 740 liacteniis
787 704 901 739 habere
917 710 1163 742 consueverunt,

415 756 528 791 liabere
552 763 582 790 et
608 767 766 790 exercere.
795 754 841 789 Ac
868 753 1066 801 septingenta
1094 764 1165 787 can-

415 807 490 840 taria
513 805 701 849 aluminum,
724 816 780 852 pro
811 803 935 839 residuo
959 802 1165 837 milleducen-

417 865 518 890 toruiii
548 857 760 890 cantariorum
794 853 973 897 similium,
1002 864 1082 900 quae
1112 864 1166 899 per

415 905 640 953 appaltatorem
671 917 726 951 pro
749 903 883 938 (leciniis
908 902 953 937 vel
977 902 1053 937 alias
1077 901 1166 936 fabri-

416 956 478 990 cari
515 955 653 998 debent,
676 954 809 1001 singtilis
836 952 928 988 annis
959 952 1109 987 fabricare
1136 960 1166 986 et

417 1005 560 1040 fabricari
596 1004 716 1045 facere,
747 1017 783 1039 ac
815 1003 865 1037 illa
899 1002 995 1037 libere
1031 1002 1165 1048 exigere,

416 1054 562 1099 vendere,
577 1063 608 1089 ct
629 1055 762 1103 pretium
788 1053 860 1087 inile
885 1053 1071 1099 proveniens
1087 1053 1167 1086 iuter

416 1117 448 1140 se
472 1104 626 1149 dividere,
654 1104 751 1139 libere
774 1111 803 1138 et
831 1102 914 1137 licite
944 1102 1074 1145 valeant,
1088 1113 1168 1136 con-

416 1154 569 1189 cedimus.

1006 251 1191 275 Bul-Lamum
1220 249 1380 273 nonnum

1241 320 1280 326 —-
1296 304 1324 333 ΞΖ.
1345 302 1396 333 Hic
1416 303 1500 332 modo
1519 301 1650 332 Pontifex
1666 301 1714 331 illa
1731 301 1829 331 omnia
1848 310 1955 341 appro-

1243 347 1292 377 bat
1314 357 1371 377 uua
1402 356 1468 376 rum
1491 346 1584 376 bullis
1608 347 1654 376 liic
1677 345 1752 375 infra
1777 355 1842 375 mox
1871 346 1953 376 inse-

1243 392 1353 425 rendis,
1370 395 1398 421 et
1409 391 1505 420 omnia
1518 390 1666 430 privilegia
1685 390 1840 420 camerarii
1852 394 1880 420 et
1895 391 1955 420 cle-

1244 437 1373 466 ricorum
1392 436 1556 470 confirmat3
1570 452 1609 457 —
1625 435 1651 465 3.
1669 435 1834 474 lteratoque
1857 436 1954 465 omnia

1244 480 1354 510 statuit.
1366 497 1404 502 —
1417 480 1436 509 4
1447 480 1482 509 ad
1498 480 1525 509 ὓ.
1537 478 1768 509 Constitutiones
1783 478 1956 516 innoceniii,

1244 524 1309 554 Iulii
1327 529 1355 555 et
1373 524 1488 554 Leonis.
1503 541 1541 545 —
1557 524 1582 552 7.
1599 523 1677 554 Ultra
1696 533 1770 562 quas
1789 524 1955 562 pontificias

1245 570 1481 605 constitutiones,
1496 568 1597 598 clerici
1614 568 1669 597 alia
1689 568 1884 598 condiderunt
1900 574 1957 597 sta-

1246 614 1317 645 tuta,
1335 619 1410 649 quae
1432 609 1586 639 confirmat
1605 608 1652 637 liic
1674 607 1817 638 Pontifex.
1839 625 1878 630 —
1899 607 1955 638 Se-

1245 655 1345 694 quitur
1364 660 1446 684 tenor
1463 658 1640 684 statutorum
1659 662 1672 682 a
1693 653 1810 682 clericis
1828 652 1957 683 Camerae

1245 700 1400 735 editorum,
1423 698 1458 728 de
1481 698 1590 738 quibus
1609 706 1709 737 supra.
1731 714 1770 719 —
1797 697 1824 727 8.
1844 696 1910 727 lulii
1934 697 1958 726 ll

1246 745 1374 775 mandati
1403 744 1599 773 observantia.
1624 759 1664 765 —
1685 743 1713 772 9.
1735 741 1844 771 Notarii
1872 751 1957 771 nien-

1246 790 1316 820 sarii
1350 788 1443 818 officia
1468 788 1545 817 circa
1570 787 1784 825 expeditionem
1811 785 1958 816 bullarum

1245 852 1284 857 —
1307 834 1352 864 10.
1375 832 1407 862 Et
1425 834 1504 862 circa
1533 832 1766 869 resignationuni
1795 835 1823 860 ct
1846 830 1960 860 cessio-

1246 890 1315 909 num
1337 878 1584 915 registrationeni.
1606 893 1645 898 —
1664 877 1710 905 11.
1728 876 1888 906 Canierarii
1912 876 1962 906 de-

1247 930 1358 955 cretum
1388 924 1424 954 ad
1456 923 1606 953 evitandas
1630 921 1749 951 fraudes
1779 921 1959 950 notariorum

1248 971 1276 999 in
1300 968 1445 999 eiusmodi
1465 966 1736 1005 registrationibus.
1754 983 1794 987 —
1820 966 1865 995 12.
1890 965 1962 995 Pro-

1249 1014 1323 1044 videt
1341 1014 1416 1043 circa
1435 1012 1650 1050 resignationes
1666 1011 1839 1049 praeteritas
1856 1027 1896 1032 —
1911 1010 1960 1040 13.

1248 1058 1280 1088 Et
1299 1059 1377 1088 circa
1395 1057 1520 1093 futuras,
1537 1073 1576 1079 —
1598 1056 1644 1085 1-1.
1664 1055 1891 1093 Resignationes
1909 1055 1964 1084 ali-

1249 1107 1292 1133 ter
1315 1103 1405 1132 factas
1430 1102 1534 1138 irritat,
1555 1118 1594 1123 —
1613 1101 1658 1130 15.
1682 1099 1813 1136 Clericis,
1832 1104 1862 1129 ut
1880 1105 1962 1129 nota·

1248 1148 1307 1177 rios
1318 1147 1571 1177 contravenientes
1590 1149 1754 1181 coerceant,
1772 1144 1908 1182 iniungit.
1923 1161 1963 1166 —

1972 243 2023 271 An.
2040 243 2070 270 C.
2083 242 2149 270 1⁸17

1249 1193 1296 1222 16.
1329 1192 1512 1221 Statutorum
1535 1189 1673 1219 Gamerae
1702 1194 1784 1219 tenor
1810 1189 1963 1228 sequitur,

466 1208 481 1248 ἓ
504 1207 536 1238 ’7.
571 1204 653 1239 Cum
687 1203 834 1238 facultate
857 1201 1002 1236 visitandi
1026 1200 1167 1249 quolibet
1466 1237 1470 1241 ι
1490 1235 1494 1240 ,
1656 1235 1661 1240 ,
1925 1233 1930 1238 ,
1955 1233 1960 1238 ,

1249 1246 1338 1276 super
1371 1236 1588 1275 expeditionum
1616 1243 1833 1273 cuiuscumque
1861 1233 1963 1263 clerici

217 1257 401 1279 5³⁰⁰¹¹³²0m⁵¹¹1·
417 1266 500 1288 anno
524 1263 621 1289 terras
643 1253 815 1292 Ecclesiae,
831 1251 1018 1298 illarumque
1037 1262 1125 1286 arces
1139 1259 1168 1285 et

248 1855 317 1876 Solam
335 1855 405 1876 bullae

221 1888 349 1912 signaturam
361 1886 406 1907 suf-

222 1919 285 1939 ficere
301 1918 405 1939 decernite

218 1290 401 1315 eulisannister-
418 1304 516 1339 Officia
580 1316 595 1338 e
626 1315 680 1338 mn
718 1302 757 1336 *f
777 1315 790 1336 r
825 1301 897 1337 aul·
939 1300 1114 1336 corffoenl-
1139 1308 1169 1334 et
1248 1282 1464 1319 registi-atione,
1493 1297 1530 1302 —-
1559 1280 1604 1309 17.
1626 1279 1828 1317 Mandatisque
1852 1287 1962 1316 procu-

219 1320 402 1378 ffissjss'ecdegffp‘gsj
522 1332 529 1343 '
558 1317 575 1338 n
599 1316 626 1359 ,ει
710 1316 773 1337 '²⁰
794 1316 821 1337 ¹¹¹
868 1316 912 1346 ‘¹³
956 1351 962 1357 .
997 1315 1056 1356 ¹0.
1086 1314 1116 1355 (f
1250 1331 1379 1356 ratorum
1410 1325 1602 1363 registrandis
1635 1324 1664 1353 in
1693 1323 1792 1353 causis
1820 1323 1963 1353 interesse

218 1385 307 1405 ‘ioum
317 1385 403 1405 visiian-
418 1353 607 1409 eme¹¹q³¹¹d¹
631 1365 679 1408 ⁰³7
701 1364 782 1400 qnae
806 1351 1028 1387 s⁰s⁰sm²¹¹⁰ne
1050 1350 1170 1397 ¹¹¹d¹ge‘
1249 1370 1388 1401 Gamerae
1411 1368 1668 1404 concernentibus,
1700 1384 1739 1390 —
1765 1367 1811 1396 18.
1839 1366 1963 1397 Clericis

218 1417 238 1436 ai
254 1419 291 1435 etc.
323 1416 402 1437 eoniu-
419 1415 499 1447 rent,
522 1412 606 1438 iuxta
629 1403 718 1447 alias,
742 1411 802 1436 tarn
829 1414 883 1449 per
905 1400 1090 1435 recolendae
1107 1412 1170 1434 me·
1250 1415 1434 1451 absentibus,
1458 1414 1501 1444 vei
1521 1414 1557 1443 ad
1580 1413 1731 1442 eameram
1756 1421 1808 1451 pe,-
1831 1420 1963 1441 mensem

219 1451 274 1471 '¹³³¹‘
419 1454 537 1487 moriae
554 1450 1168 1495 Urbanum.Martinum,Innocentium,
1251 1470 1309 1490 non
1341 1459 1564 1494 accedentibus,
1590 1475 1628 1479 -
1658 1458 1704 1487 19.
1727 1457 1907 1486 elericorum
1938 1459 1966 1485 et

418 1502 534 1537 luliuiii
551 1512 581 1537 et
602 1502 679 1537 alios
701 1501 863 1536 Romanos
885 1500 1058 1535 Pontifices
1085 1511 1171 1547 prae-
1250 1505 1430 1535 notariorum
1454 1503 1646 1538 admissione,
1667 1518 1706 1524 -
1731 1501 1780 1532 ΞΟ.
1802 1500 1965 1530 Causarum

418 1553 602 1588 decessores
625 1560 762 1592 nostros,
779 1563 872 1598 quam
894 1563 948 1597 per
969 1561 1169 1588 camerarios,

418 1604 471 1649 qui
497 1615 551 1650 pro
574 1612 715 1649 tempore
737 1601 876 1645 suerunt,
899 1612 1065 1640 coiicessa;
1093 1612 1170 1646 quas

418 1665 642 1688 concessiones
656 1660 685 1686 et
702 1665 732 1686 in
755 1664 800 1686 eis
827 1658 974 1686 contenta
997 1661 1170 1696 quaecum-

419 1715 480 1749 que
515 1711 623 1737 tenore
647 1701 856 1749 praesentium
879 1699 1105 1735 confirmamus
1140 1708 1170 1734 et

419 1753 644 1800 approbamus.
671 1750 741 1785 Non
770 1749 970 1785 obstantibus
993 1757 1046 1784 etc.

469 1802 489 1849 S
509 1805 541 1837 8.
564 1801 715 1836 Volentes
736 1800 820 1847 quod
849 1800 986 1847 desuper
1008 1798 1118 1833 literae
1140 1798 1170 1833 iii

422 1851 519 1886 fornia
548 1852 696 1898 gratiosa,
717 1850 754 1885 ad
775 1858 956 1897 perpetuam
980 1849 1024 1883 rei
1051 1860 1172 1882 memo-

423 1902 512 1943 riam,
534 1901 675 1948 expediri
701 1901 833 1947 possint,
855 1899 949 1934 etiam
970 1898 1030 1933 sub
1045 1898 1171 1945 plumbo

424 1952 470 1987 vel
495 1965 549 1999 per
572 1951 678 1986 breve.
703 1949 739 1984 Et
762 1950 854 1984 etiarn
875 1949 958 1997 quod
983 1948 1047 1983 sola
1064 1949 1172 1994 signa-

422 2011 489 2037 tura
526 2000 681 2044 suffieiat,
708 2007 737 2034 et
765 1999 862 2047 quod,
896 2007 957 2033 tam
995 1998 1024 2032 in
1055 1998 1172 2032 iudicio

421 2065 514 2100 quarn
543 2059 628 2086 extra
658 2049 747 2090 illud,
773 2049 896 2096 plenam
921 2048 1015 2083 fidem
1039 2047 1139 2082 faciat.

471 2101 586 2136 Datum
621 2099 742 2135 Romae
777 2100 828 2134 die
857 2097 1044 2133 duodecima
1073 2097 1172 2141 iunii,

422 2151 590 2186 millesimo
613 2149 869 2198 quingentesimo
892 2147 1172 2195 decimoseptimo,

422 2201 622 2248 pontificatus
645 2199 743 2234 nostri
766 2211 850 2234 anno
877 2210 910 2232 v.

473 2258 532 2288 Dat.
552 2258 598 2288 die
621 2257 658 2287 12
681 2256 754 2287 iunii
775 2256 861 2293 1517,
882 2254 984 2296 pontif.
1005 2263 1081 2285 anno
1100 2263 1125 2284 v.

422 2346 569 2390 Sequitur
580 2345 645 2378 alia
656 2344 829 2377 constitutio
847 2341 1079 2388 confirmatoria
1099 2351 1175 2385 proe-

471 2395 599 2428 cedenli‘s
614 2401 640 2428 el
655 2395 791 2428 aliarum
813 2394 860 2427 hic
885 2392 1009 2426 relative
1043 2392 1174 2424 inseria-

471 2445 857 2488 rum,ordi'nationumque
884 2454 904 2476 a
925 2441 1040 2475 clericis
1065 2440 1175 2473 Came-

473 2506 524 2528 rae
535 2505 593 2539 pro
605 2494 668 2527 eius
682 2494 831 2538 yubernio
847 2491 979 2537 feliciori
991 2491 1157 2524 editarum.

695 2557 909 2589 §militantum

422 2614 609 2645 Prooeinium.
626 2630 663 2635 —
680 2613 705 2642 1.
725 2612 795 2649 Eug.
812 2612 846 2641 iv
863 2612 1005 2651 quasdam
1023 2610 1102 2640 Cam.
1120 2610 1172 2648 Ap.

463 2659 661 2689 ordinationes
677 2669 691 2687 a
711 2657 828 2687 clericis
846 2658 975 2687 firmatas
993 2654 1175 2695 approbavit.

1251 1550 1425 1580 clericorum
1444 1548 1628 1583 defensione,
1642 1564 1681 1569 —
1698 1546 1746 1576 21.
1764 1546 1968 1576 lnfirmorum-

1251 1605 1307 1635 que
1327 1594 1503 1629 visitatione,
1520 1610 1560 1615 —-
1577 1592 1624 1622 2⁶2.
1640 1591 1825 1622 Morieiitiuni
1846 1599 1966 1630 quoque

1252 1639 1449 1673 funeralibus,
1466 1655 1506 1660 —
1523 1637 1571 1667 ⁶23.
1590 1636 1813 1666 praedictorum
1834 1635 1965 1665 oninium

1251 1684 1446 1719 observantia,
1474 1700 1513 1706 -
1540 1682 1587 1712 at.
1610 1681 1644 1711 Et
1670 1681 1796 1719 singulis
1828 1680 1914 1710 annis
1937 1679 1967 1710 in

1252 1730 1345 1769 prima
1369 1728 1488 1758 Caniera
1513 1727 1631 1767 publica
1655 1726 1789 1756 lectione.

1284 1797 1334 1825 Leo
1364 1795 1506 1832 episcopus
1537 1800 1632 1823 servus
1667 1799 1807 1822 servorum
1835 1791 1892 1825 Dei.

1361 1847 1395 1874 ad
1410 1845 1571 1881 perpetuam
1590 1843 1631 1872 rei
1649 1843 1817 1871 memoriam.

1262 1918 1351 1954 Sicut
1363 1917 1502 1966 prudens
1513 1916 1735 1964 paterfamilias
1749 1922 1876 1958 cuncta,
1886 1925 1967 1962 quae

1215 1969 1244 2003 in
1268 1969 1337 2003 eius
1365 1968 1459 2003 domo
1480 1975 1566 2006 sunt,
1594 1966 1632 2000 ad
1656 1966 1739 2000 illius
1761 1965 1913 2000 honorem
1937 1972 1969 1999 et

1214 2019 1359 2065 gloriam,
1383 2016 1510 2064 provida
1538 2015 1756 2051 moderatione
1783 2015 1921 2061 disponit
1938 2023 1968 2049 et

1214 2068 1359 2109 ordinat;
1383 2069 1422 2102 iia
1446 2075 1476 2102 et
1500 2079 1568 2106 nos,
1590 2066 1657 2113 qui,
1674 2065 1792 2100 meritis
1819 2065 1893 2099 licet
1909 2065 1969 2098 im-

1215 2118 1354 2166 paribus,
1385 2117 1424 2152 ab
1460 2117 1529 2164 ipso
1556 2127 1707 2162 supremo
1740 2113 1968 2149 patrefamilias

1216 2169 1299 2203 illius
1320 2167 1407 2203 domi
1433 2167 1669 2213 dispensatores
1704 2164 1807 2201 effecti
1831 2175 1967 2207 sumus,

1215 2218 1284 2253 eius
1306 2230 1414 2253 curam
1431 2216 1577 2255 studiosa
1605 2214 1806 2250 solicitudine
1830 2214 1875 2249 sic
1889 2226 1968 2249 con-

1216 2268 1298 2304 venit
1337 2266 1499 2303 attendere
1531 2275 1565 2300 ut
1605 2265 1635 2299 in
1673 2265 1723 2299 illa
1739 2292 1748 2309 ,
1783 2263 1966 2312 praesertim

1216 2317 1320 2366 quoad
1343 2330 1391 2356 ea,
1413 2328 1494 2364 quae
1511 2315 1671 2350 Romanae
1686 2314 1802 2349 Curiae
1818 2313 1968 2361 illiusque

1216 2372 1422 2416 officialium,
1446 2370 1610 2418 potissime
1642 2368 1794 2404 Canierae
1827 2368 1968 2416 Aposto-

1216 2427 1312 2472 licae,
1334 2427 1396 2467 cui,
1421 2438 1476 2473 pro
1499 2433 1598 2460 status
1619 2423 1782 2459 Romanae
1807 2422 1968 2457 Ecclesiae

1217 2480 1469 2520 conseri-atione,
1498 2479 1618 2514 diversa
1645 2490 1740 2513 onera
1768 2476 1964 2514 incumbunt,

1217 2536 1374 2570 salubrem
1399 2543 1538 2578 statum,
1561 2533 1701 2579 regimen
1734 2540 1763 2566 ct
1792 2531 1966 2578 profectum

1218 2590 1427 2637 conspiciunt,
1440 2597 1542 2623 rectus
1558 2588 1634 2622 ordo
1650 2593 1803 2630 servetur,
1820 2598 1854 2619 ac
1868 2584 1967 2619 officia

1219 2645 1283 2692 ipsa
1307 2644 1484 2690 diligenter,
1507 2651 1652 2678 accurate
1671 2649 1699 2676 et
1715 2639 1862 2675 decenter
1878 2651 1968 2674 exer-

2008 1927 2140 1951 Praemium.
