2281 3251
59 300 109 327 An.
127 299 156 326 C.
172 298 239 326 ¹520

62 358 247 413 cgp'isisigfflizuffl':
262 362 383 399 nesqne
410 350 462 386 alii
491 350 674 396 supradicti,
712 363 792 398 quos
831 360 1012 397 praesentes

61 423 108 444 lam.

76 1390 174 1412 ctausutu
189 1387 252 1410 de'ro-

68 1423 154 1448 gatoriu.

97 2331 182 2353 sanctio
206 2336 259 2359 poe-

76 2363 136 2384 nutis.

938 298 1000 321 LEO
1023 299 1041 321 X
1064 298 1116 323 PP.

261 401 368 435 literae
400 400 638 447 quomodolibet
670 409 890 440 concernunt,
922 402 1014 447 igno-

260 449 393 484 rantiam
421 449 602 484 earumdem
644 450 801 484 literarum
837 459 868 483 ct
904 451 933 484 in
969 451 1014 485 cis

261 506 482 533 contentorum
497 499 640 533 omnium
665 507 695 533 et
717 498 913 545 singulorum
928 511 1014 545 prae-

261 548 389 582 tendere
420 548 553 587 valeant,
578 548 681 582 literas
703 549 787 595 ipsas
815 548 844 581 in
869 548 1013 582 basilicae

260 596 414 643 Principis
453 597 667 643 apostolorum
691 605 720 631 et
742 597 953 631 Cancellariae
970 598 1013 631 A·

261 646 443 692 postolicae,
472 658 595 681 necnon
619 646 845 681 cathedralium
870 646 1014 681 ecclesia-

261 707 330 729 rum
354 694 660 742 Brandebnrgensis,
683 695 856 729 Misnensis
878 703 907 729 et
935 695 1013 729 Mes-

261 745 425 791 pergensis
453 745 548 779 valvis
575 744 655 790 attigi
684 752 714 779 et
745 744 896 791 publicari
925 745 1014 778 volu-

261 806 344 828 mus.
372 793 586 828 Decernentes
620 794 704 840 quod
733 793 916 828 earumdem
946 793 1010 828 lite-

262 854 365 877 rarum
402 843 571 890 publicatio
604 844 649 878 sic
683 843 759 878 facta
798 842 1012 890 supradictum

261 891 432 926 Martinnm
455 904 631 938 omnesque
644 892 722 926 alios
738 899 767 926 et
782 892 924 938 singulos
940 904 1015 938 prae-

263 941 452 985 nominatos,
476 954 555 988 quos
584 941 689 976 literae
724 941 905 976 huiusmodi
933 953 1014 987 qno-

263 990 438 1024 modolibet
465 999 684 1032 concernunt,
709 990 839 1037 perinde
873 997 1015 1033 arctent,

225 1043 230 1047 ”
263 1052 298 1073 ac
325 1039 350 1073 si
374 1039 481 1074 literae
514 1040 616 1087 ipsae,
644 1039 694 1074 die
721 1040 875 1074 allisionis
902 1046 931 1073 et
955 1051 1014 1086 pn-

264 1088 442 1123 blicationis
465 1089 662 1129 huiusmodi,
685 1089 730 1123 eis
754 1089 960 1136 personaliter
975 1088 1017 1122 le-

263 1146 330 1172 ctae
365 1146 395 1173 et
429 1138 590 1173 intimatae
618 1138 742 1177 forent,
777 1151 849 1172 cum
888 1150 950 1171 non
978 1137 1016 1170 sit

265 1187 432 1221 verisimile
460 1188 543 1235 quod
578 1200 637 1231 ea,
666 1199 745 1234 quae
779 1196 838 1221 tam
875 1194 1017 1233 patenter

268 1237 371 1275 liunt,
407 1236 543 1272 debeant
575 1237 659 1284 apud
691 1249 745 1271 eos
772 1237 930 1282 incognita
960 1247 1017 1270 re—

266 1298 405 1320 manere.

314 1335 334 1382 g
358 1338 413 1369 19.
436 1335 505 1369 Non
523 1335 722 1369 obstantibus
736 1333 1018 1368 constitutionibus

266 1393 295 1419 ct
327 1384 583 1419 ordinationibus
610 1383 813 1430 apostolicis,
836 1396 890 1417 seu
914 1383 938 1417 si
962 1396 1018 1417 su-

269 1433 417 1480 pradictis
442 1433 591 1468 omnibus
614 1442 644 1467 et
667 1433 815 1478 singulis,
840 1432 884 1466 vel
909 1445 1017 1467 eorum

267 1483 358 1517 alicui
393 1491 447 1518 aut
481 1482 648 1529 quibusvis
685 1483 752 1516 aliis
779 1494 794 1516 a
823 1481 905 1516 Sede
932 1482 1018 1528 Apo-

267 1532 377 1566 stolica
419 1533 576 1578 praedicta
612 1532 656 1565 vel
685 1531 723 1565 ab
762 1543 796 1565 ea
832 1539 1018 1577 potestatem

267 1581 470 1625 habentibus,
492 1581 552 1615 sub
570 1581 680 1628 quavis
703 1580 814 1623 forma,
837 1581 930 1614 etiam
947 1592 1019 1614 con-

268 1631 441 1670 sessionati,
465 1638 495 1664 et
517 1643 588 1664 cum
617 1629 781 1677 quibusvis
803 1629 895 1663 etiam
920 1629 1019 1663 fortis-

267 1680 356 1714 simis
383 1680 548 1720 clausulis,
571 1688 623 1713 ant
650 1692 687 1713 ex
715 1680 825 1725 quavis
848 1691 939 1712 causa
963 1691 1016 1712 sen

268 1730 376 1776 grandi
405 1729 670 1770 consideratione,
693 1728 848 1762 indultum
871 1728 916 1761 vel
940 1740 1018 1761 con-

269 1791 393 1814 cessum
422 1779 531 1813 existat
571 1778 654 1825 quod
685 1778 843 1820 interdici,
868 1777 1017 1823 suspendi

269 1828 316 1863 vel
344 1827 610 1862 excommunicari
629 1840 689 1861 non
709 1828 828 1873 possint
847 1838 902 1872 per
917 1826 1020 1860 literas

268 1878 456 1925 apostolicas
491 1890 552 1911 non
588 1876 736 1910 facientes
759 1876 882 1922 plenam
907 1883 937 1909 et
964 1887 1019 1909 ex-

270 1940 407 1974 pressam
443 1939 478 1960 ac
510 1926 548 1960 de
577 1925 670 1960 verbo
704 1925 741 1959 ad
779 1924 929 1963 verbnm,
957 1936 1018 1958 non

269 1985 371 2011 autem
395 1988 451 2022 per
473 1975 631 2009 clausulas
646 1975 808 2020 generales
836 1974 874 2020 id¹
901 1974 1021 2020 impor-

271 2034 383 2064 tantes,
403 2025 440 2059 de
464 2025 586 2058 indulto
610 2024 789 2058 huiusmodi
814 2023 1020 2067 mentionem,

270 2075 412 2109 eiusdem
438 2074 549 2107 indulti
574 2082 710 2117 tenores,
738 2072 894 2107 clausulas
910 2080 940 2107 et
958 2072 1021 2107 sor-

270 2137 355 2164 mas,
379 2123 510 2169 perinde
540 2135 574 2157 ac
603 2124 627 2156 si
651 2123 690 2156 de
713 2122 806 2156 verbo
829 2121 865 2155 ad
890 2122 1020 2156 verbum

271 2174 500 2213 insererentur,
517 2173 555 2206 ita
580 2180 611 2206 ut
629 2173 757 2206 omnino
781 2171 918 2215 tollatur,
935 2183 1022 2218 prae-

271 2223 414 2257 sentibus
443 2235 498 2267 pro
526 2222 686 2267 expressis
710 2221 873 2255 hahentes.

321 2276 336 2316 ἓ
363 2274 420 2306 20.
442 2271 525 2306 Nulli
554 2284 628 2316 ergo
651 2271 780 2304 omnino
801 2270 963 2303 hominum
989 2269 1023 2303 li-

273 2330 340 2357 ceat
368 2322 449 2355 banc
477 2322 622 2367 paginam
651 2330 775 2354 nostrae
798 2319 1021 2360 damnationis,

273 2371 513 2418 reprobationis,
543 2371 735 2409 reiectionis,
763 2369 893 2412 decreti,
916 2369 1021 2403 decla-

274 2422 415 2461 rationis,
440 2420 644 2457 inhibitionis.
673 2419 853 2457 voluntatis,
873 2418 1022 2458 mandati,

274 2472 460 2506 hortationis
477 2498 484 2509 ,
507 2469 732 2504 obsecrationis
750 2496 757 2508 ,
784 2467 1023 2514 requisitionis,

275 2521 478 2561 monitionis,
512 2519 757 2564 assignationis,
791 2517 1022 2557 concessionis,

275 2569 567 2612 condemnationis,
590 2567 813 2605 subiectionis,
836 2578 1024 2600 excommu-

275 2619 444 2653 nicationis
459 2626 488 2652 et
502 2616 824 2652 anathematizationis
840 2615 1024 2661 infringere,

276 2668 322 2704 vel
346 2668 371 2703 ei
400 2680 477 2703 ausu
507 2667 671 2703 temerario
694 2665 859 2700 contraire.
895 2665 929 2699 Si
953 2665 1025 2711 quis

1684 286 1751 319 757

1055 362 1161 388 autem
1186 353 1245 387 hoc
1272 359 1424 387 attentare
1448 351 1705 398 praesumpserit,
1721 351 1805 385 indi-

1056 403 1235 446 gnationem
1259 401 1486 448 omnipotentis
1513 400 1571 435 Dei
1591 412 1626 434 ac
1643 400 1804 435 beatorum

1057 452 1139 486 l’etri
1162 460 1191 486 et
1218 451 1304 485 Pauli
1347 451 1561 498 apostolorum
1589 450 1658 484 cius
1692 461 1726 484 se
1755 461 1808 484 no-

1058 509 1134 536 verit
1157 513 1368 535 incursurum.

1104 550 1218 584 Datum
1243 549 1361 584 Romae
1384 548 1467 596 apud
1490 548 1643 583 Sanctum
1662 547 1806 591 Petrum,

1057 612 1138 633 anno
1166 599 1394 633 Incarnationis
1429 598 1608 632 dominicae
1639 597 1806 632 millesimo

1056 648 1309 694 quingentesimo
1345 647 1518 693 vigesimo,
1549 659 1621 681 xvn
1657 646 1807 681 kalendas

1059 698 1144 737 iulii,
1174 696 1601 743 pontificatuanostriJanno
1623 708 1695 730 vili.

1096 750 1156 779 Dat.
1176 750 1222 780 die
1242 750 1278 779 115
1294 749 1368 779 iunii
1388 750 1473 786 «1520,
1491 750 1592 788 pontif.
1612 758 1687 779 anno
1706 757 1765 779 vnt.

1350 873 1435 907 xcv
1456 875 1510 917 (i).

1108 941 1322 985 Indulqeutiae
1349 941 1612 985 confraternitatis
1635 941 1761 974 Rosarii

1194 992 1297 1024 beatae
1314 991 1437 1024 Mariae
1465 991 1491 1022 V
1493 990 1602 1034 [rqint‘s
1619 991 1674 1033 (2).

1328 1059 1541 1090 SUMMARIUM

1061 1112 1251 1142 Prooeminm.
1272 1129 1311 1134 —
1330 1113 1355 1142 1.
1374 1112 1604 1142 Consraternitas
1621 1112 1744 1148 Rosarii,
1760 1121 1811 1141 an-

1100 1153 1221 1191 tiquitus
1236 1162 1249 1181 a
1268 1151 1298 1180 B.
1311 1151 1464 1181 Dominico
1483 1152 1625 1187 instituta,
1645 1162 1709 1181 mox
1727 1161 1811 1181 reno-

1099 1197 1160 1221 vata
1184 1196 1227 1220 est
1251 1193 1279 1220 in
1307 1192 1420 1221 civitate
1439 1191 1618 1221 Coloniensi.
1636 1208 1675 1213 —-
1692 1191 1719 1220 ⁶2.
1742 1190 1812 1220 Car-

1100 1231 1207 1261 dinalis
1227 1231 1341 1268 legatus
1361 1232 1397 1260 de
1416 1232 1505 1260 latere
1525 1231 1553 1260 in
1573 1230 1726 1260 Germania
1747 1239 1810 1260 eam

1099 1270 1263 1306 ratiticavit3
1279 1287 1316 1291 —
1328 1271 1354 1299 3.
1373 1270 1638 1309 Confratribusque
1655 1270 1813 1307 indulgen-

1102 1311 1170 1339 tiam
1190 1310 1346 1339 concessit.
1361 1326 1400 1331 —
1414 1310 1442 1339 st.
1461 1309 1529 1339 sixt.
1547 1309 1581 1339 lV
1601 1319 1663 1338 eam
1685 1310 1813 1339 extendit

1101 1351 1134 1379 ad
1159 1350 1255 1379 omnia
1280 1350 1334 1378 alia
1359 1350 1432 1385 loca;
1449 1366 1487 1371 —
1510 1350 1538 1379 5.
1559 1349 1728 1387 Orandique
1746 1358 1811 1378 mo-

1100 1390 1169 1418 dum
1190 1389 1347 1428 praedictis
1371 1389 1550 1428 approbavit,
1569 1393 1597 1418 et
1615 1389 1813 1426 indulgentias

1100 1430 1143 1458 sic
1169 1429 1322 1458 orantibus
1351 1430 1499 1458 concessit
1518 1430 1546 1457 in
1565 1429 1629 1457 eius
1653 1428 1815 1458 constutio-

1101 1477 1146 1498 ne.
1165 1485 1204 1490 -—
1226 1469 1252 1497 ὓ.
1276 1468 1464 1497 Innocentius
1484 1467 1545 1497 Vttl
1562 1468 1636 1497 alias
1660 1468 1815 1506 indulgen-

1102 1509 1155 1537 tias
1175 1509 1263 1537 dedit.
1282 1525 1320 1529 —
1339 1509 1457 1537 7.Alter
1476 1508 1634 1538 cardinalis
1651 1507 1680 1536 in
1694 1508 1815 1538 Germa-

1102 1548 1148 1577 nia
1177 1548 1291 1585 legatus
1316 1547 1410 1585 Papae
1439 1551 1466 1576 et
1488 1547 1537 1576 alii
1571 1547 1711 1577 ordinarii
1740 1547 1814 1577 alias

1102 1588 1188 1616 etiam
1224 1587 1421 1625 indulgentias
1450 1587 1603 1617 dederunt.
1633 1604 1671 1609 —
1704 1587 1731 1616 8.
1762 1585 1813 1615 Hic

1102 1627 1187 1657 modo
1207 1627 1348 1661 Pontifex,
1367 1627 1402 1656 de
1421 1626 1636 1665 praedictorum
1657 1627 1815 1655 confirma-

1104 1668 1181 1696 tione
1208 1667 1378 1705 requisssns,
1400 1683 1440 1688 —
1461 1667 1489 1695 9.
1518 1665 1620 1695 Omnia
1651 1666 1815 1702 confirmat,

1101 1723 1138 1727 ——
1162 1707 1203 1736 lo.
1224 1706 1423 1743 Indulgentias
1444 1712 1539 1743 auget3
1558 1723 1596 1728 —
1620 1706 1665 1735 11.
1693 1705 1815 1735 Confes-

1102 1747 1161 1775 sori
1188 1746 1355 1784 presbytero
1378 1745 1497 1775 Ordinis
1527 1746 1555 1776 S.
1574 1745 1718 1775 Dominici
1745 1754 1816 1774 con-

1104 1786 1207 1815 l'ratres
1226 1787 1408 1821 confitentes,
1428 1795 1477 1814 eos
1497 1786 1599 1815 andire
1619 1790 1647 1814 et
1664 1784 1815 1814 absolvere

1103 1835 1189 1863 posse
1213 1826 1355 1855 concedit.
1377 1842 1417 1847 —-
1442 1826 1484 1854 12.
1514 1825 1715 1862 lngredientes
1741 1834 1814 1853 con-

1102 1865 1313 1895 fraternitatem
1348 1865 1421 1894 nihil
1456 1865 1568 1894 solvere
1603 1869 1749 1894 tenentur.
1778 1881 1818 1886 —

1103 1905 1149 1934 113.
1172 1904 1329 1934 Clausulae
1346 1905 1590 1944 praeservativae.
1606 1904 1706 1934 -14,
1729 1903 1817 1933 Clau-

1103 1945 1185 1974 sulae
1204 1945 1418 1983 derogatoriae.
1437 1961 1476 1966 —
1495 1945 1540 1974 15.
1558 1944 1644 1974 Fides
1669 1949 1814 1973 transum-

1105 1989 1230 2024 ptorum.

1157 2043 1207 2071 Leo
1231 2042 1371 2077 episcopus
1396 2049 1492 2070 servus
1511 2048 1650 2070 servorum
1668 2040 1730 2074 Dei,

1223 2089 1256 2116 ad
1286 2088 1409 2116 futuram
1432 2088 1473 2116 rei
1491 2086 1658 2115 memoriam.

1114 2141 1255 2177 Pastoris
1269 2142 1388 2185 aeterni,
1401 2142 1465 2188 qui,
1480 2149 1511 2175 ut
1527 2141 1700 2176 humanum
1716 2152 1817 2186 genus

1065 2191 1245 2235 redimeret,
1269 2192 1298 2225 in
1315 2203 1365 2225 ara
1388 2191 1491 2225 crucis
1511 2190 1664 2224 immolari
1683 2202 1745 2224 non
1759 2189 1816 2224 ab·

1067 2241 1144 2280 nuit,
1155 2241 1248 2283 vices,
1259 2241 1328 2275 licet
1343 2240 1658 2286 immeriti,gereutes
1670 2239 1698 2273 in
1713 2240 1816 2284 terris,

1067 2290 1094 2324 id
1119 2302 1216 2337 super
1237 2290 1357 2337 reliqua
1380 2289 1483 2324 cordis
1508 2288 1604 2324 nostri
1629 2296 1696 2323 vota
1717 2289 1816 2336 potis—

1066 2340 1178 2374 simum
1207 2347 1364 2385 optamus,
1388 2347 1421 2373 ut
1447 2347 1579 2374 cunctos
1602 2338 1722 2380 fideles,
1738 2350 1817 2385 qnos

1068 2389 1284 2433 pretiosissimi
1297 2388 1470 2433 Sanguinis
1482 2389 1528 2423 sui
1546 2387 1727 2435 aspersione
1748 2388 1816 2422 Deo

1066 2438 1149 2472 Patri
1174 2438 1365 2473 reconciliari
1385 2438 1514 2481 curavit,
1537 2449 1737 2484 quorumque
1760 2448 1818 2471 re-

1066 2488 1170 2533 gimen
1200 2496 1227 2522 et
1251 2487 1510 2533 gubernationem
1536 2487 1627 2521 nobis
1645 2486 1818 2530 commisit,

1104 2558 1141 2593 (l)
1159 2559 1231 2584 Hanc
1251 2557 1300 2583 sub
1318 2565 1427 2583 numero
1448 2565 1512 2583 xcvr
1530 2556 1555 2583 in
1576 2557 1653 2584 Rom.
1678 2555 1747 2582 Edit.
1767 2555 1818 2582 ha-

1067 2598 1112 2624 bes
1129 2598 1168 2631 (n.
1189 2598 1238 2631 T.).
1277 2597 1315 2631 (2)
1333 2596 1557 2631 Approbationem
1574 2596 1652 2622 huius
1668 2595 1769 2631 antiqui
1781 2595 1818 2621 ri-

1068 2643 1110 2664 tus
1120 2637 1210 2664 orandi
1222 2637 1301 2663 habes
1311 2645 1372 2671 sup.
1385 2637 1411 2664 in
1421 2636 1611 2664 constitutione
1622 2643 1671 2662 xxi
1692 2635 1758 2663 Sixti
1772 2635 1817 2669 IV,

1068 2679 1106 2704 Eu
1127 2687 1202 2710 quae,
1225 2685 1282 2713 pag.
1301 2678 1362 2705 268.

1821 295 1871 322 An.
1889 295 1918 322 C.
1938 293 2004 322 ¹520

1858 2145 1990 2169 eron-mium.
