2281 3251
882 285 1053 308 CALLtsTts

281 340 596 389 comprehensibilem
638 341 802 374 scientiam
820 367 827 379 ,
874 340 1029 385 profunda

281 391 421 431 consilia,
446 404 550 425 rernm
574 390 717 424 ordini-m
753 389 970 424 admirabilem
1000 399 1028 423 et

283 440 516 486 investigabiles
534 440 597 474 vias
620 440 725 485 lingna
743 439 846 473 carnis
862 439 1030 476 disserere,

281 499 333 524 aut
357 490 536 524 intellectus
559 490 747 536 investigare
777 497 934 535 nequeat,
957 501 1028 522 cum

282 538 478 586 imperfectio
493 539 684 574 conditionis
707 538 875 581 hnmanae,
901 551 961 572 non
979 551 1031 572 so-

282 589 376 623 lum
370 602 399 623 m
434 590 538 624 causis
566 601 697 643 operum
731 588 832 622 dthci
828 597 856 621 ιι
890 600 1032 633 peiffscin-

282 638 396 676 landis,
413 651 520 673 terum
546 639 575 672 in
601 652 675 685 ipsis
694 650 857 672 caussinum
882 638 1031 682 operibus

283 689 330 722 vix
346 689 483 723 sul'liciat
496 688 598 723 admit
600 701 656 728 .·;ιιι
672 688 754 734 qnod
777 688 887 733 ntique
901 686 963 722 Vas
981 688 1031 721 ille

281 738 443 773 electionis
461 750 560 784 usqne
574 738 611 772 ad
631 739 752 772 coelum
770 737 893 771 tertium
912 746 1031 784 raptus,

282 787 490 822 admiratione
509 797 539 822 et
557 795 685 835 stupore
709 787 861 834 repletus,
885 800 1032 832 prorum-

283 850 361 883 pens
385 838 414 871 in
440 850 560 881 vocem,
577 838 746 871 exclamat:
779 838 954 871 oaliiimlo
980 839 1031 871 di-

281 889 427 921 vittarum
450 889 617 932 sapientiae
635 895 660 920 et
678 888 819 920 scientiae
839 887 911 920 Dei!
930 887 1032 927 Quam

282 938 598 982 incomprehensibilia
620 944 688 970 sunt
707 938 824 971 iudicia
842 937 917 974 eius,
941 943 967 969 et
988 937 1032 970 in-

279 987 467 1031 vestiyabt'les
482 988 548 1020 viae
561 988 641 1020 eius!
657 986 729 1020 Alto
744 984 935 1031 igiturlllius
950 997 1030 1019 con-

279 1036 436 1083 silio,qni,
445 1036 620 1070 secundum
631 1035 773 1070 ordinem
785 1034 1030 1075 Melchisedech

281 1086 427 1120 sacerdos
449 1094 494 1120 est
518 1087 687 1125 maximus,
711 1084 826 1119 sactum
850 1094 897 1119 est
926 1093 970 1129 ut,
992 1097 1030 1119 ex

281 1135 390 1169 eadem
425 1134 554 1181 Virgine
590 1144 680 1169 natus
708 1134 792 1169 orbis
814 1134 978 1173 Conditor,
1001 1143 1030 1168 et

283 1197 468 1231 progressus
496 1186 525 1219 in
555 1193 699 1232 tempus,
734 1184 921 1218 renovandis
944 1184 1029 1219 sonte

282 1234 496 1282 baptismatis,
519 1234 785 1281 quemadmodum
826 1234 864 1268 de
905 1242 1030 1268 aeterna

282 1293 382 1319 morte
404 1285 461 1319 iter
490 1285 581 1318 nobis
609 1292 730 1330 pararet
761 1284 798 1318 ad
829 1284 941 1322 vitam,
963 1292 1029 1317 stu-

282 1334 385 1380 pentis
414 1334 443 1368 in
467 1334 550 1368 unda
583 1333 738 1378 iordanis,
763 1333 888 1380 proprio
910 1333 1030 1367 lavacro

280 1384 441 1431 sacrisque
463 1384 612 1431 operibus
641 1383 798 1431 plurimis,
824 1383 952 1417 doceret
975 1387 1045 1429 pa-'

280 1433 354 1468 riter
373 1443 404 1468 et
425 1433 596 1480 exemplis,
623 1443 706 1468 etue
725 1433 891 1480 quisquam
911 1432 1030 1477 fugacis

280 1482 360 1517 vitae
382 1483 477 1517 huius
505 1483 636 1518 allectus
656 1482 823 1523 illecebriS,
851 1490 1031 1516 commuta-

281 1532 397 1567 tionem
427 1533 640 1580 praesentium
671 1546 725 1579 pro
745 1542 889 1567 aeternae
912 1532 1029 1578 gloriae

280 1581 449 1629 adeptione
478 1590 622 1630 pareret,
653 1591 818 1629 postquam
856 1590 968 1616 cuncta
991 1581 1027 1615 ad

281 1640 420 1667 nostram
443 1633 574 1667 salutem
599 1633 655 1666 rite
673 1640 846 1679 peregerat,
875 1632 1029 1665 immacu-

281 1681 373 1716 latam
401 1693 434 1716 se
456 1694 490 1716 se
506 1682 670 1716 hostiam
665 1695 695 1716 ιιι
718 1695 768 1716 ιιι-ἰ
793 1681 905 1716 Crucis
930 1691 1029 1715 morte

279 1732 407 1777 quidem
445 1732 625 1779 turpissima
669 1731 782 1766 obtulit
821 1731 887 1765 Deo
923 1730 1027 1765 Patri·
1021 1759 1028 1772 ,

280 1782 393 1828 suique
417 1782 637 1828 pretiosissimi
665 1781 840 1827 Sanguinis
863 1780 1028 1822 ellusione,

280 1842 341 1865 non
364 1842 466 1874 auro,
489 1840 632 1867 naturam
674 1831 805 1866 redemit
843 1830 1028 1874 humanam,

280 1858 528 1928 militantenique
556 1880 697 1916 fundavit
725 1880 926 1923 Ecclesiam,
950 1892 1028 1914 con-

279 1930 421 1971 secravit;
449 1939 479 1964 et
515 1943 553 1965 ne
592 1931 691 1978 portis
726 1930 815 1964 inferi
839 1939 891 1964 aut
919 1930 1029 1964 mortis

280 1979 404 2025 legibus
422 1980 599 2015 subiaceret
623 1992 723 2027 usque
741 1980 778 2014 ad
803 1980 896 2014 linem
911 1980 1026 2014 saeculi

279 2029 445 2072 stabilivit,
479 2038 509 2063 et
543 2030 686 2077 quamvis
714 2029 917 2076 profectionis
953 2041 1028 2064 suae

279 2079 422 2118 comites,
443 2088 566 2113 sanctos
595 2080 754 2126 apostolos
776 2079 917 2126 aliosque
936 2079 1028 2113 dlsci-

279 2133 381 2179 pulos,
403 2134 558 2180 corporali
588 2136 764 2181 praesentia
787 2134 967 2179 relicturus,
994 2147 1028 2169 se

278 2187 445 2223 nobiscnm
467 2202 594 2236 semper
621 2189 731 2224 adesse
753 2189 956 2236 praedixerit,
973 2202 1028 2236 pro

279 2243 419 2288 regendo
442 2252 545 2278 tamen
571 2244 756 2277 universalis
777 2252 851 2277 tunc
867 2244 1027 2278 nascentis

280 2296 439 2332 Ecclesiae
464 2298 676 2338 firmamento,
691 2297 836 2332 coelestis
861 2299 947 2344 regni
964 2299 1028 2333 cla-

281 2351 386 2398 vigero
422 2352 537 2393 Petro,
566 2353 596 2387 in
624 2365 712 2387 snam
741 2365 1028 2400 successorumque

280 2404 468 2441 Pontificum
493 2420 654 2454 personas,
677 2407 778 2441 claves
807 2408 894 2452 regni
921 2407 1029 2442 coelo-

282 2474 362 2502 rum,
385 2460 500 2506 ligandi
539 2462 681 2496 videlicet
703 2471 734 2495 et
768 2460 910 2495 solvendi
941 2461 1028 2496 dedit

282 2524 493 2563 potestatem,
515 2517 627 2564 suique
659 2517 763 2562 gregis
799 2516 912 2563 suique
939 2516 1029 2550 ovilis

281 2582 388 2605 curam
412 2570 536 2618 vigilem
560 2583 595 2605 ac
623 2572 760 2617 regimen
783 2571 919 2617 speciale
946 2582 1030 2605 com-

283 2625 378 2666 misit,
393 2637 605 2672 sponsamque
619 2638 706 2660 suam
724 2626 842 2660 nullam
859 2625 1026 2660 habentem

282 2691 388 2726 rugam
413 2691 517 2727 neque
534 2679 702 2726 maculam,
725 2687 953 2715 sacrosanctam
971 2679 1027 2715 Ec-

1699 272 1764 304 tto

1072 341 1198 374 clesiam
1223 338 1450 386 Apostolicam,
1469 350 1561 385 quac,
1585 350 1646 371 non
1671 349 1818 372 saxorum

1073 391 1166 429 mole,
1188 389 1241 424 sed
1267 388 1434 423 virtutibus
1450 388 1631 422 aedificatur
1654 395 1686 420 ut
1702 387 1821 430 civitas,

1072 438 1244 472 admirabili
1270 439 1414 472 lirinitate
1448 437 1623 479 stabiliens,
1646 449 1742 483 supet·
1769 448 1821 470 se-

1073 488 1174 534 ipsum
1190 488 1375 527 aedificarit,
1392 495 1421 521 et
1443 487 1480 521 ad
1504 487 1684 521 evidentem
1703 485 1821 520 roboris

1073 538 1248 572 lii-mitatem
1272 552 1306 573 se
1334 539 1436 572 vitum
1467 536 1631 571 colistitnit
1661 535 1822 581 angularis

1073 587 1209 634 lapidem
1226 587 1429 626 lirmamenti;
1459 586 1487 620 ιιι
1511 586 1581 621 altis
1598 598 1681 625 vero,
1705 586 1822 619 sanctis

1073 646 1103 671 et
1130 637 1239 672 electis
1260 637 1431 672 catholicae
1454 636 1635 675 doctrinae,
1664 634 1822 669 columnis

1072 687 1130 721 alia
1155 687 1356 722 fundamenta
1385 686 1593 726 substituens,
1618 695 1662 729 ut,
1685 685 1714 718 in
1731 697 1823 718 tuon—

1073 736 1158 770 tibus
1186 736 1310 771 fundata
1326 736 1546 776 sanctissimis,
1570 734 1690 769 nullum
1722 735 1820 768 vereri

1074 795 1179 832 posset
1202 787 1311 822 ruinae
1334 785 1559 833 dispendium,
1582 785 1636 819 sed
1671 784 1823 819 continno

1072 844 1252 870 sanctorum
1270 837 1413 870 innovata
1436 835 1670 882 splendoribus,
1692 834 1823 880 nequic-

1072 897 1167 931 quam
1196 885 1255 920 sub
1271 886 1377 920 modio
1400 886 1547 932 depressa
1568 885 1690 928 lateret,
1714 896 1821 917 verum

1073 935 1165 968 etiam
1184 935 1348 969 sublimata
1373 948 1428 982 per
1450 934 1584 981 amplius
1600 934 1723 969 cunctis
1743 945 1823 980 pt'ae·

1071 984 1161 1019 beret
1182 985 1293 1019 salutis
1319 984 1524 1030 exemplum,
1547 984 1627 1018 hanc
1646 983 1750 1030 itaque
1775 994 1823 1016 ve-

1072 1033 1128 1068 luti
1156 1034 1312 1080 Reginam
1349 1048 1363 1068 a
1392 1033 1529 1067 dthtetis
1557 1034 1624 1067 suis
1649 1034 1677 1067 in
1708 1033 1820 1066 vestitu

1072 1083 1235 1129 deauram,
1253 1097 1309 1131 per
1320 1084 1471 1118 eximium
1487 1082 1671 1130 prophetam
1689 1082 1821 1116 affirmat

1071 1134 1231 1178 assistere,
1241 1147 1316 1168 mira
1330 1134 1474 1167 uarietate
1486 1146 1530 1166 rn
1535 1141 1634 1166 tutum
1649 1131 1823 1167 circumda-

1072 1192 1146 1223 tam,
1160 1184 1238 1218 idest
1255 1193 1434 1218 sanctolum
1445 1191 1475 1217 et
1491 1183 1662 1217 electorum
1679 1194 1822 1226 suorum,

1071 1233 1188 1280 quibus
1210 1245 1264 1280 per
1291 1232 1447 1280 Spiritum
1475 1231 1626 1267 Sanctum
1650 1231 1730 1266 varia
1754 1231 1824 1264 dis·

1072 1282 1179 1317 tribuit
1207 1296 1337 1317 munera
1374 1283 1562 1328 gratiarum:
1588 1292 1725 1329 namque
1755 1280 1825 1315 aliis

1071 1333 1256 1378 sapientiae,
1270 1333 1340 1367 aliis
1356 1332 1506 1367 scientiae
1521 1344 1700 1366 sermonem
1718 1330 1822 1371 dedit;

1070 1381 1140 1416 aliis
1154 1382 1262 1422 fidem,
1284 1383 1355 1417 aliis
1369 1382 1538 1417 sanitatum
1553 1390 1647 1429 atque
1672 1381 1820 1415 virtutum

1070 1431 1197 1476 gratias,
1212 1432 1281 1467 aliis
1306 1431 1502 1479 prophetiam
1531 1430 1824 1477 discretionemque

1070 1481 1253 1528 spirituum,
1278 1482 1455 1528 linguarum
1484 1493 1612 1528 quoque
1634 1492 1749 1527 genera
1774 1481 1823 1513 in-

1071 1532 1374 1579 terpretationesque
1397 1543 1581 1566 sermonum
1600 1529 1729 1578 provida
1753 1542 1822 1564 mo-

1070 1580 1233 1616 deratione
1248 1581 1415 1621 concessit,
1432 1580 1602 1615 dividendo
1618 1579 1750 1625 singulis
1765 1591 1822 1627 pro

1070 1644 1144 1666 suae
1161 1632 1310 1666 mirificae
1327 1631 1495 1666 voluntatis
1516 1630 1656 1665 arbitrio.
1674 1629 1718 1664 Ea
1733 1641 1822 1663 nam-

1069 1693 1132 1728 que
1154 1690 1200 1715 est
1220 1682 1297 1716 mira
1313 1691 1344 1715 et
1359 1681 1471 1716 decora
1494 1681 1625 1715 varietas
1648 1680 1678 1714 in
1695 1691 1821 1714 summo

1069 1731 1210 1777 angulari
1235 1731 1338 1778 lapide
1365 1730 1493 1765 Christo
1508 1729 1579 1764 Iesu
1606 1729 1820 1767 coaedificata,

1070 1794 1163 1828 quam
1191 1781 1347 1827 gloriosus
1369 1780 1584 1828 apostolorum
1613 1779 1728 1814 chorus
1749 1778 1822 1813 ele-

1069 1840 1258 1878 ctorumque
1280 1831 1470 1878 spirituum,
1497 1830 1668 1865 5οοιειιι5ιε
1695 1837 1821 1863 sancto-

1069 1893 1138 1914 rum
1161 1881 1302 1915 omnium
1331 1880 1474 1928 quotidie
1502 1887 1724 1934 reptaesentat.
1757 1877 1819 1913 Sed

1069 1936 1140 1964 ante
1168 1931 1257 1971 alios,
1281 1930 1317 1964 ad
1358 1929 1616 1977 componendum
1659 1941 1689 1962 m
1731 1928 1820 1962 terris

1078 285 1113 307 ΙΙΙ
1140 284 1186 307 ΡΙ).

1069 1980 1232 2015 doctrinae
1254 1981 1400 2015 coelestis
1422 1979 1588 2014 exordium
1612 1986 1643 2012 et
1671 1990 1768 2012 novae
1784 1977 1820 2011 fi-

1069 2029 1118 2063 dei
1142 2029 1398 2071 fundamentum,
1422 2029 1480 2064 hos
1504 2028 1611 2064 mundi
1641 2028 1820 2074 triumpha-

1069 2087 1152 2114 tores
1185 2079 1344 2126 apostolos
1379 2078 1545 2114 duodenos
1585 2077 1743 2126 praeelegit
1783 2089 1818 2110 ex

1070 2134 1219 2178 millibus,
1232 2134 1373 2182 aliosque
1387 2133 1574 2181 discipulOS,
1589 2141 1620 2167 ut
1635 2143 1746 2167 eorum
1762 2130 1820 2165 do-

1069 2189 1167 2224 ctrina
1209 2190 1238 2223 in
1262 2189 1369 2224 orbem
1394 2197 1546 2224 terrarum
1576 2187 1668 2233 longe
1696 2187 1820 2233 lateque

1069 2242 1195 2287 diffusa,
1218 2251 1438 2278 sancrosancta
1460 2243 1593 2289 fulgeret
1612 2241 1767 2285 Ecclesia,
1790 2249 1820 2275 et

1071 2305 1191 2331 vetusta
1211 2298 1359 2332 servitute
1381 2297 1515 2342 sublata,
1530 2296 1655 2331 cunctis
1674 2295 1819 2330 fidelibus

1069 2352 1179 2386 salutis
1205 2361 1235 2387 et
1275 2353 1353 2388 vitae
1392 2352 1501 2387 semita
1536 2351 1735 2399 panderetur.
1765 2350 1817 2385 lsti

1069 2407 1197 2454 quidem
1221 2407 1331 2447 sancti,
1353 2406 1493 2452 magistri
1512 2407 1622 2453 optimi
1648 2406 1817 2440 imitatores

1071 2462 1196 2508 verique
1219 2461 1377 2508 discipuli,
1399 2461 1452 2508 qui
1493 2461 1523 2495 in
1553 2473 1680 2495 omnem
1703 2469 1816 2495 terram

1068 2516 1237 2551 coelestem
1261 2515 1394 2550 imbrem
1418 2524 1447 2549 et
1474 2515 1577 2549 divina
1601 2514 1745 2562 mysteria
1761 2512 1817 2547 dif-

1069 2570 1251 2614 fundentes,
1275 2570 1426 2616 sanguine
1447 2569 1573 2617 proprio
1598 2569 1816 2616 plantaverunt

1068 2625 1242 2661 Ecclesiam
1266 2624 1481 2672 praelibatam,
1504 2637 1539 2659 ac
1563 2636 1617 2671 per
1635 2623 1814 2658 universum

1069 2680 1177 2715 orbem
1223 2679 1336 2715 Crucis
1379 2679 1602 2715 circumtulere
1638 2677 1785 2714 vexillum
1807 2690 1813 2712 ;

1834 283 1883 308 An.
1902 282 1928 308 (ἶ.
1948 282 2013 309 ΙΙιὸὃ
