2281 3251
222 230 273 257 An.
292 229 320 257 C.
339 230 404 257 ¹506

237 590 300 611 tvi-u>
312 591 330 611 fl*
345 591 404 612 Fren-

223 627 240 641 τι
257 630 279 638 vr·
292 629 344 642 nou
357 628 403 642 ron>

223 654 242 671 oi·
252 655 361 672 ›veti-tatur,
371 654 402 672 dr.

222 684 249 703 dii
269 683 403 704 facultatem.

469 220 538 253 4⁸20

419 286 500 320 diuis
523 286 724 321 Mininiorum
749 286 942 328 liuiusmodi,
973 286 1001 318 in
1029 285 1167 331 qualibet

422 337 560 382 ipsorum
589 336 717 370 ecclesia
734 362 743 378 ,
777 344 838 370 tam
867 343 1045 370 constructa
1073 346 1166 380 quam

420 386 639 425 construenda,
651 386 779 431 cippum
796 397 851 419 seu
870 394 1028 428 truncum,
1042 384 1078 418 ad
1093 396 1168 430 quo-

421 436 552 470 tidianas
565 435 750 470 devotorum
773 435 989 482 eleemosynas
1002 434 1166 468 commode

421 485 628 532 reponendas,
653 485 761 531 utique
783 484 898 519 babere
926 493 1065 530 possent.

467 536 488 582 g
512 538 565 569 15.
603 534 640 568 Et
674 534 811 577 deinde,
846 546 900 580 pro
930 542 1015 580 parte
1040 534 1166 581 praefati

421 584 577 619 Francisci
601 584 640 618 de
663 583 756 618 Paula
783 583 872 618 nobis
899 584 1042 631 exposito
1064 584 1167 631 quod,

421 635 490 669 lii-et
506 634 578 668 olim
594 646 648 681 per
665 634 835 679 praefatum
852 633 1063 668 Alexandrum
1081 646 1167 681 prae-

420 685 630 727 decessorem,
653 683 781 717 fratrum
805 683 934 717 Ordinis
961 683 1164 718 Minimorun·

420 733 598 769 liuiusmodi
613 733 735 780 propria
747 733 866 779 Regula
880 733 1060 780 approbata,
1071 744 1100 767 et
1115 746 1168 780 per

419 797 489 818 eum
506 795 540 818 ac
553 782 669 818 Sedem
687 783 876 830 praedictam
900 782 1082 817 confirmata
1095 783 1167 818 suis-

418 844 484 875 s013
513 841 616 868 tamen
643 845 699 880 pro
721 832 886 867 salubriori
910 832 1010 867 dictae
1027 832 1167 878 Regulae

418 883 666 926 conservatione,
687 894 723 916 ac
747 893 779 917 ut
795 882 844 917 illa
867 881 980 916 melius
1000 891 1028 917 et
1046 882 1166 917 facilius

418 934 456 968 ab
483 935 550 968 eius
579 931 821 978 professoribus,
849 939 924 966 tunc
946 941 974 966 et
1004 945 1059 979 pro
1088 940 1167 966 tem-

420 995 493 1030 pore
516 982 545 1016 in
568 982 652 1016 dicto
679 981 800 1016 Ordine
827 981 1031 1027 degentibus,
1058 982 1166 1016 obser-

421 1034 480 1067 vari
506 1041 622 1079 posset,
646 1031 788 1077 cupiebat
812 1031 893 1065 idem
917 1030 1106 1066 Franciscus
1129 1032 1166 1067 de

421 1082 514 1117 Paula
553 1081 718 1116 nonnullas
753 1080 968 1116 ordinationes
995 1090 1024 1116 ct
1051 1090 1164 1116 statuta

419 1132 554 1167 salubria
582 1131 694 1170 facere,
717 1143 796 1177 qnae
831 1130 940 1165 fratres
963 1130 1080 1166 dictum
1104 1132 1167 1165 Or-

419 1183 524 1216 dinem
548 1181 750 1216 Minimornm
769 1180 897 1227 professi
913 1192 1049 1223 serrare,
1065 1190 1094 1216 et
1115 1193 1166 1216 sc-

419 1231 556 1266 cundum
572 1243 652 1278 quae
666 1238 771 1265 contra
797 1230 847 1265 illa
872 1230 1031 1264 venientes
1053 1243 1107 1265 seu
1122 1232 1166 1265 l'a-

419 1282 558 1320 cientes,
587 1281 658 1315 licet
685 1280 762 1315 alias
790 1288 952 1327 peccatum
989 1280 1164 1315 secundum

419 1340 581 1378 praecepta
605 1330 762 1364 Ecclesiae
785 1330 981 1364 committere
999 1342 1060 1364 non
1078 1330 1166 1365 ride-

418 1389 534 1424 rentur,
563 1392 660 1427 poena
689 1379 841 1426 corporali
861 1392 916 1413 seu
942 1380 1117 1426 temporali,
1135 1381 1164 1414 ιιι

416 1430 534 1465 eisdem
562 1429 684 1464 statutis
705 1438 863 1468 contenta,
888 1442 942 1476 per
973 1441 1081 1463 eorum
1111 1443 1166 1463 su-

417 1480 555 1525 periores
591 1479 695 1526 puniri
725 1479 873 1513 valerent.
898 1478 1070 1526 Quodque,
1094 1479 1163 1513 licet

416 1529 492 1564 alias
516 1541 571 1576 per
592 1528 715 1563 Sixtum
732 1537 761 1562 et
784 1528 1001 1564 innocentium
1030 1541 1066 1564 ac
1088 1528 1165 1563 Ale-

416 1578 568 1613 xandrum
586 1606 593 1618 ,
623 1578 881 1625 praedecessores
910 1578 1082 1625 praefatos,
1105 1579 1166 1612 eis-

416 1629 486 1663 dem
511 1627 659 1662 sratribus
680 1627 831 1668 Minimis,
859 1627 956 1674 quod.
975 1628 1123 1663 omnibus
1137 1637 1165 1663 et

416 1678 550 1725 singulis
575 1678 761 1724 privilegiis,
784 1678 911 1724 gratiis,
936 1677 1074 1717 indultis,
1099 1678 1165 1712 im-

417 1727 635 1771 munitatibus,
649 1727 845 1761 libertatibus
857 1736 887 1761 et
899 1727 1164 1774 exemptionibus,

415 1777 531 1824 quibus
552 1786 685 1824 quatuor
704 1776 950 1811 Mendicantium
973 1777 1112 1812 Ordines
1131 1790 1165 1812 ac

417 1827 541 1862 illorum
567 1838 718 1874 personae
743 1826 910 1861 utebantur
928 1835 957 1861 et
972 1826 1164 1873 gaudebant,

415 1889 468 1911 seu
492 1876 535 1911 uti
558 1884 588 1911 et
609 1875 747 1922 gaudere
781 1884 921 1922 poterant
949 1877 979 1910 in
1005 1876 1163 1916 futurum,

415 1926 458 1960 uti
486 1934 514 1960 et
536 1926 673 1972 gaudere
697 1926 1046 1963 valerent.concessum
1071 1938 1105 1961 ac
1121 1927 1166 1960 in-

415 1975 537 2010 dultum
573 1975 706 2015 fuisset;
742 1975 946 2009 nibilominus
968 1984 1071 2009 tamen
1089 2003 1097 2018 ,
1127 1988 1164 2009 eo

414 2025 498 2072 quod
522 2025 594 2060 dicti
613 2024 720 2059 Fratres
743 2024 864 2058 Minimi
891 2025 1051 2071 privilegia
1069 2034 1094 2059 et
1116 2025 1164 2059 iu-

415 2081 498 2116 dulta
534 2080 716 2115 huiusmodi
743 2080 937 2127 originaliter
971 2093 1032 2115 non
1062 2080 1164 2115 babe—

416 2136 500 2175 bant,
528 2147 564 2170 ac
590 2135 628 2169 de
652 2135 712 2169 illis
738 2134 831 2169 fidem
860 2134 961 2169 facero
991 2148 1050 2169 non
1076 2143 1162 2181 pote-

416 2199 483 2225 rant
502 2218 509 2229 ,
536 2198 565 2224 et
587 2190 678 2224 etiam
705 2190 776 2237 quia
812 2188 861 2223 illa
892 2201 946 2235 per
976 2202 1033 2224 nos
1061 2189 1162 2223 adlme

415 2244 596 2279 confirmata
613 2256 674 2278 non
691 2243 929 2290 fuerant,aliqui
947 2244 1055 2291 partim
1072 2256 1162 2278 seru-

415 2298 525 2345 pulosa
548 2297 750 2338 conscientia,
766 2306 795 2332 et
812 2299 921 2345 partim
945 2297 1058 2331 invidia
1076 2299 1161 2339 moti,

416 2354 525 2388 fratres
547 2353 694 2388 Minimos
717 2353 897 2388 huiusmodi
924 2353 1040 2388 eisdem
1066 2353 1162 2399 privi-

415 2409 502 2456 legiis
524 2417 552 2443 et
580 2408 689 2455 gratiis
715 2408 854 2455 gaudere
877 2420 937 2443 non
966 2407 1081 2443 debere
1109 2421 1162 2443 as-

414 2463 583 2502 serebant;
611 2474 672 2509 quo
696 2462 788 2498 fiebat
819 2470 851 2496 ut
886 2462 942 2509 ipsi
971 2462 1080 2497 fratres
1102 2462 1161 2496 Mt-

416 2518 489 2552 nimi
505 2517 624 2552 eisdem
640 2516 813 2563 privilegiis
823 2525 851 2551 et
867 2517 995 2551 indultis
1009 2517 1050 2551 uti
1069 2529 1159 2564 posse

416 2585 475 2607 non
499 2571 688 2619 sperabant,
717 2572 774 2606 nisi
798 2571 843 2605 eis
867 2584 920 2617 per
945 2583 1001 2605 nos
1026 2570 1161 2618 desuper

414 2637 592 2675 opportune
614 2625 840 2674 provideretur.
866 2625 930 2660 Nos
953 2637 1008 2674 per
1027 2624 1162 2673 reliquas

995 232 1024 252 1ss
1037 231 1145 252 tJARtt
1158 231 1179 252 M

1188 433 1190 447 t

1188 450 1189 462 l

1209 231 1298 253 ROMA
1306 231 1320 251 N
1327 232 1368 253 [Μ

1212 295 1334 320 nostras*
1350 286 1454 319 literas
1476 286 1577 319 eidem
1602 285 1770 320 Fiant-isco
1787 286 1824 318 de
1850 285 1957 321 t‘anta.

1210 348 1426 382 quascumque
1454 336 1670 370 ordinationes
1691 344 1720 369 et
1743 343 1857 369 statuta
1880 335 1956 369 salu*

1211 385 1275 419 bria
1294 394 1322 418 et
1340 385 1481 426 honesta,
1499 387 1597 419 sacris
1612 385 1786 419 canonibus
1802 397 1862 419 non
1880 397 1957 419 con-

1211 435 1314 477 traria,
1339 434 1367 467 ιιι
1393 444 1579 480 perpetuum
1610 435 1749 478 vatitura,
1777 447 1856 481 quae
1883 434 1956 469 dicti

1211 484 1318 518 fratres
1340 484 1459 518 Minimi
1489 496 1624 528 serrare,
1638 497 1674 519 ae
1687 485 1863 519 secundum
1879 497 1958 531 quae

1212 534 1312 568 rivere
1337 542 1530 571 tenerentur,
1559 543 1587 567 et
1603 543 1709 569 contra
1734 535 1781 568 illa
1798 534 1958 568 venientes

1210 596 1264 617 seu
1293 583 1453 626 facientes,
1477 584 1546 617 licet
1573 584 1647 618 alias
1675 593 1850 630 peccatum,
1875 584 1956 618 iuxta

1211 642 1375 679 praecepta
1399 632 1596 676 huiusmodi,
1617 634 1812 667 committere
1835 645 1896 667 non
1913 634 1958 667 vi-

1209 683 1368 722 derentur,
1392 696 1491 730 poena
1513 683 1668 729 corporali
1697 696 1752 717 seu
1781 684 1957 729 temporali,

1211 733 1239 766 in
1263 732 1381 767 eisdem
1398 733 1523 767 statutis
1549 740 1696 767 contenta
1715 745 1768 779 per
1781 744 1889 766 eorum
1909 746 1959 766 su-

1211 782 1350 828 periores
1375 783 1517 816 mulctari
1542 790 1681 828 possent,
1694 781 1850 817 condendi
1870 791 1899 816 et
1915 783 1959 816 l'a-

1209 832 1312 866 ciendi
1342 832 1465 879 plenam
1489 840 1518 866 et
1542 832 1668 867 liberam
1687 860 1695 872 ,
1725 831 1858 878 praefata
1882 844 1959 877 apo-

1209 882 1317 916 stolica
1351 882 1554 925 anctoritate,
1589 881 1746 917 licentiam
1771 880 1959 916 indulsimus

1209 940 1237 966 et
1261 930 1449 966 facultatem.

1257 980 1277 1027 ἓ
1307 983 1361 1015 14.
1387 982 1433 1016 Ac
1452 982 1556 1016 onmia
1580 990 1610 1015 et
1633 981 1754 1027 singula
1785 981 1958 1028 privilegia,

1209 1031 1335 1077 gratias,
1354 1031 1590 1075 concessiones,
1613 1031 1840 1070 immunitates,
1864 1030 1960 1066 liber-

1210 1090 1285 1115 tates
1300 1108 1308 1119 ,
1331 1082 1550 1127 exemptiones
1572 1094 1607 1115 ac
1635 1080 1755 1115 indulta
1780 1081 1935 1128 praedicta
1950 1109 1958 1116 .

1210 1131 1327 1176 quilius·
1343 1131 1469 1177 praefati
1490 1140 1625 1178 quatuor
1638 1130 1885 1165 Mendicantium
1901 1131 1959 1165 Or·

1209 1180 1302 1214 dines
1324 1189 1353 1214 rt
1380 1180 1504 1215 illorum
1530 1192 1681 1227 personae
1706 1180 1734 1213 ιιι
1758 1192 1872 1225 genere
1892 1188 1960 1214 ute-

1210 1229 1331 1264 bantur.
1358 1230 1557 1277 potiebantur
1572 1239 1601 1264 et
1621 1229 1813 1275 gaudebant,
1829 1242 1883 1264 seu
1904 1231 1959 1273 uti,

1209 1280 1299 1325 potiri
1328 1289 1357 1313 et
1379 1280 1516 1325 gaudere
1552 1288 1694 1327 poterant
1722 1279 1960 1326 quomodolibet

1209 1330 1238 1362 in
1276 1330 1428 1373 futurum,
1451 1330 1561 1363 Ordini
1586 1329 1788 1363 Minimorum
1817 1342 1852 1363 ac
1876 1329 1958 1363 illius

1209 1380 1351 1425 personis
1367 1388 1397 1413 ct
1421 1379 1567 1413 tratribus
1590 1378 1769 1413 liuiusmodi
1798 1380 1959 1413 concessi-

1209 1441 1291 1472 mus,
1311 1441 1346 1463 ae
1371 1439 1401 1463 ut
1425 1429 1485 1462 illis
1503 1429 1590 1463 Ordo
1606 1428 1807 1462 Minimorum
1828 1437 1857 1462 et
1874 1429 1958 1462 illius

1209 1490 1359 1524 personae
1386 1488 1415 1513 et
1439 1478 1548 1513 fratres
1572 1477 1752 1512 huiusmodi
1779 1487 1958 1522 uterentur,

1209 1528 1406 1573 potirentur,
1428 1528 1601 1573 gauderent
1618 1555 1625 1565 ,
1653 1540 1688 1562 ac
1716 1528 1759 1561 uti
1777 1556 1785 1568 ,
1815 1528 1904 1574 potiri
1928 1538 1959 1562 et

1207 1577 1346 1621 gaudere
1371 1578 1466 1612 libere
1490 1590 1525 1611 ae
1553 1578 1633 1612 licite
1661 1577 1810 1618 valerent,
1841 1590 1959 1624 appro-

1208 1626 1363 1669 bavimus,
1390 1637 1419 1662 et
1436 1628 1533 1662 nostri
1562 1627 1667 1673 scripti
1690 1628 1851 1673 patrocinii
1868 1640 1958 1662 com-

1209 1677 1410 1711 munivimus.
1447 1676 1608 1723 Dictisque
1636 1676 1779 1711 l'ratribns
1807 1677 1957 1713 Minimis.

1208 1734 1241 1760 ut
1270 1726 1308 1760 de
1337 1727 1429 1761 dictis
1458 1727 1630 1773 privilegiis
1652 1735 1681 1760 et
1710 1726 1842 1760 indultis
1864 1726 1957 1761 fidem

1208 1775 1308 1810 facore
1332 1786 1471 1822 possent,
1495 1778 1590 1823 quod,
1615 1786 1740 1822 sumpta
1763 1788 1801 1810 ex
1824 1776 1956 1810 Camera

1207 1825 1385 1872 Apostolica
1409 1838 1506 1873 super
1529 1826 1659 1871 singulis
1683 1826 1865 1872 privilegiis,
1880 1838 1958 1860 con-

1207 1875 1418 1917 cessionibus,
1433 1876 1554 1921 gratiis‚
1573 1875 1837 1916 immunitatilms,
1854 1888 1958 1910 exem-

1209 1925 1389 1970 ptionibus,
1413 1925 1610 1959 libertatibus
1633 1933 1662 1958 et
1687 1924 1817 1960 indultis
1846 1925 1958 1959 liuius-

1208 1975 1303 2014 modi,
1330 1975 1477 2021 praefatis
1490 1983 1624 2022 quatuor
1637 1973 1885 2010 Mendicantium
1900 1974 1957 2009 Or-

1206 2023 1334 2058 dinibus
1363 2038 1417 2070 per
1439 2037 1659 2072 quoscumque
1688 2024 1851 2060 Romanos
1866 2024 1956 2059 Pon—

1207 2079 1304 2113 tifices
1340 2088 1369 2113 et
1402 2078 1516 2113 Sedem
1548 2078 1716 2125 praefatam
1741 2079 1900 2114 concessis
1922 2092 1957 2114 ac

1208 2134 1237 2166 in
1268 2142 1429 2179 posterum
1453 2132 1679 2176 concedendis,
1704 2133 1830 2173 liabere3
1849 2142 1878 2167 ct
1906 2133 1955 2167 illa

1205 2196 1235 2221 et
1262 2187 1368 2222 literas
1390 2189 1580 2234 apostolicas
1601 2200 1653 2222 eas
1675 2197 1703 2221 et
1727 2200 1763 2222 ea
1785 2188 1955 2234 quomodo-

1207 2242 1280 2276 libet
1308 2243 1544 2284 concernentia,
1568 2255 1690 2277 necnon
1716 2242 1818 2276 literas
1834 2250 1955 2277 nostras

1206 2296 1398 2341 huiusmodi7
1427 2310 1482 2344 por
1510 2297 1609 2344 ipsius
1636 2296 1787 2331 Gamerae
1822 2296 1954 2331 audito—

1206 2363 1268 2386 rem
1304 2361 1331 2385 et
1367 2364 1584 2398 quoscumque
1621 2351 1740 2396 iudices
1778 2351 1954 2387 ordinarios

1205 2406 1261 2440 rite
1295 2406 1515 2452 transumptari
1551 2414 1580 2440 et
1613 2405 1818 2440 autlienticari
1856 2406 1953 2441 facere

1206 2460 1301 2495 libere
1338 2474 1374 2495 ac
1413 2460 1495 2495 licite
1535 2460 1669 2494 valerent
1689 2474 1696 2501 ς
1725 2469 1752 2495 et
1788 2469 1950 2507 postquam

1205 2523 1430 2562 transumptata
1453 2524 1480 2549 et
1511 2515 1721 2549 authenticam
1751 2514 1869 2557 forent,
1894 2514 1952 2548 illis

1204 2582 1239 2604 ac
1259 2571 1372 2605 uostris
1396 2578 1425 2603 et
1448 2569 1517 2603 aliis
1541 2569 1636 2603 literis
1661 2568 1838 2602 liuiusnmdi
1856 2581 1953 2615 super

1204 2624 1294 2658 dictis
1325 2624 1509 2671 privilegiis,
1537 2622 1804 2668 concesstouibus,
1833 2623 1950 2669 gratiis,

1974 231 2025 256 An.
2041 232 2068 255 tl.
2089 230 2155 254 ίίιυύ

1989 991 2085 1017 Privilcg.
2106 998 2157 1018 qua-

1975 1027 2021 1044 tuor
2037 1025 2085 1044 tir-d.
2099 1024 2158 1045 Men-

1975 1055 2087 1076 ‹tit-mutum
2100 1061 2159 1076 eum-

1975 1087 2099 1109 muni-satin
