2281 3251
255 254 271 280 Α
278 262 291 279 u
324 253 352 278 Γ..
370 252 432 278 uim

261 1306 282 1326 ln
291 1307 391 1326 luleeutiu
401 1310 437 1332 pro

499 241 543 274 43
554 241 567 273 l

449 308 565 354 gationi
583 307 625 342 vel
641 306 670 340 in
685 306 754 340 eius
766 304 901 339 favorem
925 305 1087 349 faciendis,
1108 318 1197 352 prac-

450 357 601 392 iudicium
621 356 779 390 inferatur.
796 354 858 390 Sed
874 354 942 389 illae
964 366 1085 399 omnes,
1106 356 1196 389 etiam

451 416 518 454 post
541 405 763 445 revocationes,
781 402 972 440 cassationos
997 413 1026 439 et
1053 405 1199 439 annulla-

451 457 551 491 tiones
568 455 755 503 praedictas,
767 455 795 488 in
811 467 869 489 suo
887 453 996 488 robore
1012 454 1198 489 inconcusse

452 506 631 553 persistant,
647 505 675 539 in
700 504 848 539 omnibus
861 512 889 539 ct
905 516 959 551 per
975 504 1091 543 omnia,
1112 517 1147 539 ac
1162 504 1198 547 si,

451 556 553 603 quoad
573 567 625 590 eas
648 555 693 589 vel
718 555 854 602 ipsarum
868 552 1018 600 singulaS,
1032 553 1136 601 aliqua
1151 566 1200 588 re-

452 606 582 645 vocatio,
601 604 773 640 annullatio
796 604 841 639 vel
864 604 995 639 cassatio
1024 604 1200 638 nullatenus

451 663 659 690 emanassent:
676 654 733 689 nisi
747 654 821 689 dum
832 662 860 688 et
873 653 999 701 quando
1013 653 1098 701 ipsae
1106 666 1140 688 su
1148 666 1201 701 per

453 705 632 747 unionibus,
647 703 907 739 concessionibus
929 711 957 738 et
972 704 1202 750 approbationi-

452 756 510 789 bus
536 767 590 790 seu
614 754 838 789 donationibus
864 753 1023 788 confectae
1044 753 1150 788 literae
1171 754 1199 787 in

454 805 685 839 revocatiouum
713 812 743 838 et
769 803 1020 838 annullationum
1050 803 1147 837 literis
1173 812 1201 837 et

451 853 728 889 constitutionibus
755 862 785 888 et
811 852 1062 888 ordinationibus
1090 852 1202 887 liuius-

451 903 535 938 modi
552 903 591 938 de
612 903 706 938 verbo
727 903 764 938 ad
782 903 876 938 verbu
885 916 911 936 m
929 903 1152 942 insererentur,
1168 914 1203 937 ac

452 954 482 988 in
505 954 550 988 eis
571 953 728 1001 specialis,
755 965 899 1000 expressa
920 961 949 987 et
977 952 1134 986 individua
1165 952 1202 986 de

453 1003 528 1050 ipsis
545 1003 744 1038 monasteriis
762 1011 791 1037 et
814 1003 891 1038 locis
910 1015 946 1037 ac
962 1003 1202 1049 congregatione

452 1053 572 1088 mentio
588 1054 686 1089 lieret.
709 1053 838 1087 Necnon
859 1053 978 1087 irritum
999 1061 1028 1086 ct
1044 1052 1134 1087 inane
1150 1060 1202 1086 to-

452 1112 516 1137 tum
540 1111 569 1137 et
591 1103 740 1151 quicquid
757 1103 785 1137 iu
801 1104 1004 1147 contrarium,
1024 1102 1132 1150 quavis
1146 1114 1202 1136 au—

451 1153 606 1193 ctoritate,
620 1154 756 1188 scienter
772 1153 817 1187 rel
835 1153 1014 1199 ignoranter
1036 1152 1201 1198 contigerit

451 1211 605 1238 attentari.

501 1253 520 1299 ᾗ
539 1254 595 1286 38.
612 1251 740 1287 Necnon
752 1251 889 1298 generali
905 1259 932 1285 ct
947 1252 1014 1285 aliis
1027 1250 1202 1289 abbatibus,

454 1302 612 1350 prioribus
634 1310 663 1336 et
687 1302 838 1341 monacis,
860 1302 1030 1341 conversis,
1053 1301 1201 1335 commis—

453 1353 494 1386 sis
511 1361 540 1386 et
563 1351 687 1386 novitiis
711 1351 929 1398 praesentibus
949 1359 978 1385 et
1002 1351 1113 1385 futuris
1128 1363 1203 1385 con-

453 1402 643 1448 gregationis
666 1401 861 1446 huiusmodi,
891 1409 923 1435 ut
945 1413 1052 1435 corum
1082 1400 1203 1435 devotio

453 1452 589 1498 amplius
612 1459 803 1498 propagetur
836 1460 865 1485 et
892 1463 1000 1485 eorum
1028 1450 1201 1485 animarum

453 1501 544 1536 saluti
569 1501 697 1535 uberius
719 1500 920 1541 consulatur,
951 1509 981 1534 ut
1009 1500 1205 1535 confessores

454 1550 571 1592 idonei,
585 1563 664 1599 quos
679 1551 717 1585 de
739 1563 867 1586 suorum
889 1550 1049 1584 voluntate
1063 1550 1205 1596 superio-

454 1613 535 1646 rum,
557 1610 609 1636 aut
633 1601 690 1648 ipsi
714 1601 895 1648 superiores
921 1613 975 1646 pro
998 1599 1085 1634 libito
1099 1601 1203 1645 elege-

455 1651 526 1695 rint,
540 1651 678 1685 omnium
698 1659 897 1697 peccatorum
921 1662 1064 1689 suorum,
1081 1649 1118 1683 de
1134 1650 1205 1696 qui-

455 1701 512 1735 bus
525 1700 619 1735 corde
635 1700 758 1735 contriti
774 1709 803 1734 et
826 1712 905 1747 quae
918 1712 971 1734 ore,
987 1700 1119 1734 confessi
1137 1701 1205 1734 fue-

456 1751 527 1794 rint,
554 1751 676 1798 plenam
700 1751 797 1785 semel
826 1758 945 1784 tantum
971 1749 999 1783 in
1029 1749 1138 1784 mortis
1153 1762 1204 1783 ar—

455 1800 550 1835 ticulo
565 1800 782 1835 remissionem
806 1801 850 1834 eis
874 1799 903 1833 in
926 1799 1103 1834 sinceritate
1121 1799 1205 1835 fidei.

457 1850 573 1885 unitate
595 1858 719 1884 sanctae
733 1850 895 1884 Romanae
909 1849 1122 1886 flectimini-,ae
1134 1849 1206 1883 obc-

455 1899 571 1934 dientia
597 1908 627 1934 et
649 1899 814 1934 devotione
838 1907 940 1933 nostra
966 1899 1010 1933 vel
1039 1911 1205 1933 successo-

456 1962 523 1984 rum
565 1958 740 1984 nostrorum
770 1948 985 1984 Romanorum
1016 1947 1203 1983 Pontificum

1023 250 1208 273 ut·t.t..tntt'.u
1234 251 1390 273 ttoatftxru

1240 307 1316 350 rint,
1328 306 1570 353 quinquagesies
1592 306 1774 341 Orationem
1789 305 1986 341 Dominicam

1241 364 1268 390 et
1293 357 1405 390 totiens
1417 354 1643 391 Salutationem
1659 356 1840 403 Angelieam
1855 356 1990 397 singulis

1243 405 1448 440 hebdomadis
1476 406 1618 447 recitare3
1640 406 1746 454 idque,
1766 406 1904 453 legitimo
1927 418 1994 441 ces-

1242 464 1329 489 sante
1346 454 1584 502 impedimento,
1609 469 1663 502 per
1684 468 1800 491 annum
1822 457 1993 503 integrum,

1242 505 1334 539 etiam
1357 505 1382 538 si
1413 505 1540 540 totidem
1571 505 1641 552 plus
1662 506 1777 551 minus,
1800 514 1851 541 aut
1875 518 1911 541 ex
1934 505 1992 540 alia

1243 554 1353 601 quavis
1376 566 1468 589 causa
1495 567 1550 590 eos
1571 554 1686 590 dixisse
1709 565 1759 590 aut
1775 555 1879 590 dicere
1898 567 1994 603 opor-

1244 614 1307 639 tere
1329 605 1537 651 contingeret,
1557 605 1703 652 prosequi
1721 613 1751 639 et
1773 605 1932 652 complere
1947 613 1993 640 te-

1245 662 1388 695 neantur3
1397 663 1580 689 occurrente
1590 666 1662 689 vero
1672 654 1897 702 impedimento
1909 667 1995 702 prae·

1244 704 1329 738 dicto
1343 712 1372 738 ct
1384 714 1489 751 postea
1502 713 1657 748 cessante,
1669 716 1760 751 quam
1778 705 1912 751 primum
1931 716 1994 751 po-

1246 754 1526 795 teriutcommode,
1551 755 1783 801 impositionem
1808 753 1992 789 huiusmodi

1246 803 1383 837 reficiant
1396 803 1637 851 etadimpleant.
1648 803 1776 838 Necnon
1786 803 1868 850 quod
1881 802 1995 838 diebus

1245 853 1358 900 quibus
1381 853 1551 888 nonnullae
1574 853 1670 888 Urbis
1691 853 1841 888 ecclesiae
1863 864 1918 900 pro
1932 860 1996 888 sta-

1246 903 1384 937 tionibus
1399 903 1630 950 consequendis
1645 916 1660 938 a
1677 902 1933 938 christifidelibus
1951 903 1996 936 vi-

1245 952 1329 987 sitari
1345 952 1458 992 solent,
1473 953 1612 1001 quinque
1627 953 1733 988 altaria
1757 952 1909 988 ecclesiae
1925 964 1996 987 mo-

1245 1003 1371 1037 nasterii
1407 1015 1460 1037 seu
1495 1003 1622 1038 alterius
1657 1002 1715 1037 loci
1744 1002 1997 1049 congregationis

1246 1052 1439 1093 huiusmodi,
1456 1052 1506 1087 ubi
1524 1052 1666 1099 singulos
1677 1064 1713 1087 ex
1731 1053 1775 1087 eis
1791 1052 1902 1087 morari
1920 1063 1998 1087 con-

1246 1102 1360 1149 tigerit,
1383 1112 1435 1138 aut
1457 1103 1615 1150 pauciora,
1633 1103 1657 1136 si
1673 1110 1716 1136 tot
1731 1102 1771 1136 ibi
1787 1114 1848 1136 non
1869 1101 1997 1141 fuerint,

1246 1151 1357 1187 devote
1379 1152 1546 1195 visitando,
1561 1152 1721 1198 semelque
1744 1152 1897 1199 psalmum
1916 1151 1998 1186 inci-

1247 1202 1383 1248 pientem
1398 1204 1541 1237 Miserere
1554 1203 1613 1236 mei
1623 1203 1704 1236 Deus
1718 1209 1783 1241 ecc„
1797 1200 1879 1248 apud
1895 1200 1998 1248 quod-

1247 1251 1321 1286 libet
1335 1252 1430 1287 altare
1459 1265 1513 1299 pro
1533 1252 1614 1287 felici
1638 1259 1717 1286 statu
1735 1259 1860 1286 sanctae
1873 1250 1998 1285 Roma-

1247 1313 1303 1336 nae
1314 1301 1473 1337 Ecclesiae
1489 1301 1634 1345 dicendo,
1644 1300 1770 1336 easdem
1787 1300 1999 1347 indulgentias

1246 1359 1275 1385 et
1298 1360 1496 1398 peccatorum
1526 1351 1727 1386 remissiones
1749 1358 1997 1398 consequantur,

1246 1413 1324 1447 quas
1352 1410 1621 1448 consequerentur
1638 1401 1662 1435 si
1688 1401 1771 1447 ipsas
1785 1399 1881 1435 Urbis
1895 1399 1998 1434 eccle-

1247 1450 1307 1485 sias
1335 1458 1410 1486 tunc
1439 1450 1643 1498 personaliter
1665 1450 1834 1485 visitarent.
1865 1448 1899 1485 Si
1927 1461 1998 1484 vero

1246 1499 1368 1547 aliquae
1387 1513 1424 1534 ex
1449 1501 1591 1548 personis
1612 1499 1864 1547 congregationis
1886 1499 1998 1533 buius-

1248 1549 1359 1589 modi,
1383 1563 1439 1597 pro
1468 1550 1567 1598 ipsius
1594 1549 1845 1596 congregationis
1867 1549 1999 1595 negotiis

1247 1607 1299 1634 aut
1313 1600 1381 1634 aliis
1398 1600 1545 1647 legitimis
1560 1601 1674 1644 causis,
1691 1608 1775 1634 extra
1790 1599 1912 1646 propria
1930 1610 1998 1632 mo-

1248 1650 1381 1684 nasteria
1399 1663 1515 1685 moram
1531 1650 1692 1693 traxerint,
1711 1649 1903 1696 ubicumque
1916 1659 1998 1683 com-

1248 1700 1373 1734 modius
1397 1700 1544 1747 poterint,
1573 1699 1699 1734 totidem
1728 1699 1833 1734 altaria
1862 1699 1891 1732 in
1917 1709 1998 1745 qua-

1247 1761 1384 1796 cumque
1411 1750 1555 1793 ccclesia,
1579 1762 1650 1784 cum
1671 1749 1744 1783 dicti
1774 1748 1884 1795 psalmi
1913 1748 1996 1795 apud

1247 1799 1408 1846 quodlibet
1437 1813 1473 1834 ex
1494 1799 1570 1846 ipsis
1588 1798 1736 1834 altaribus
1753 1797 1949 1838 recitatione,
1966 1805 1997 1831 ut

1249 1858 1467 1895 praemittitur,
1479 1857 1680 1890 visttavermt;
1695 1857 1724 1883 et
1738 1861 1761 1883 st
1777 1859 1917 1882 convers!
1933 1859 1997 1881 stre

1247 1899 1422 1939 commissi,
1445 1899 1546 1933 forsan
1575 1898 1693 1933 dictum
1718 1897 1872 1945 psalmum
1890 1896 1996 1931 dicere.

1249 1949 1435 1988 nescientes,
1456 1948 1581 1992 fuerint,
1595 1956 1640 1982 ter
1654 1948 1836 1982 Orationem
1852 1946 1997 1981 Domini-

2008 252 2045 277 Αιι
2073 251 2101 278 C.
2121 251 2191 278 1507

2025 820 2132 846 tndulgen.
2145 826 2194 840 cou-

2011 858 2067 878 μω.
2096 852 2194 872 eeclesiis

2012 892 2021 903 v
2033 888 2121 904 -neessa

455 1999 606 2034 canonice
630 1999 810 2034 intrantium
828 1997 1080 2046 persistentibus,
1098 2007 1205 2033 aueto-
1248 2010 1314 2033 cam
1343 2007 1372 2033 et
1401 1999 1515 2032 totiens
1536 1998 1767 2033 Salutationem
1795 1996 1994 2042 Angelicam,

457 2049 543 2084 ritate
557 2048 689 2096 praefata
704 2048 877 2083 concedere
888 2048 1019 2082 valeant.
1035 2047 1087 2082 Sic
1101 2056 1202 2083 tamen
1225 2071 1227 2107 ἦ
1247 2047 1328 2095 apud
1343 2048 1508 2095 quodlibet
1523 2048 1618 2082 altare
1628 2046 1808 2082 huiusmodi
1824 2044 1996 2086 recitando,

456 2098 539 2146 quod
569 2099 626 2146 ipsi
655 2099 850 2134 confessores
877 2097 915 2133 de
937 2098 999 2141 bis,
1027 2097 1066 2131 de
1093 2097 1206 2145 quibus

458 2149 550 2183 fuerit
572 2148 658 2183 alteri
681 2148 848 2183 satisfactio
877 2146 1099 2195 impendenda,
1122 2148 1203 2182 illam

456 2199 709 2245 congregationis
731 2198 911 2233 huiusmodi
937 2197 1090 2245 personis,
1113 2207 1202 2244 prout

456 2248 493 2282 ad
518 2248 585 2283 illas
607 2248 796 2296 pervenerit,
825 2260 878 2295 per
905 2259 939 2281 se
962 2247 1007 2281 vel
1030 2246 1108 2282 alios
1127 2248 1205 2282 fien-

456 2298 525 2332 dam
543 2298 720 2345 iniungant,
736 2310 829 2345 qnam
853 2297 893 2331 illi
914 2297 1025 2336 facere,
1041 2305 1129 2343 prout
1149 2310 1205 2344 po-

457 2356 573 2391 terunt,
587 2349 715 2384 omnino
728 2356 902 2382 teneantur.
915 2345 1074 2393 Quodque
1088 2347 1202 2393 singuli

456 2411 492 2432 ex
517 2397 637 2433 eisdem
667 2398 808 2444 personis
830 2397 932 2432 cleriei
955 2409 1048 2443 quam
1069 2397 1202 2442 primum

456 2447 670 2482 concessionis
697 2447 893 2482 absolutione
921 2446 1099 2480 huiusmodi
1126 2458 1204 2492 gau-

457 2497 530 2532 dere
549 2497 715 2538 voluerint,
736 2505 857 2544 septem
883 2496 1019 2544 psalmos
1042 2497 1204 2542 poeniteu-

458 2547 545 2581 tiales
559 2560 630 2581 cum
647 2546 767 2581 letaniis
781 2555 811 2581 et
826 2546 1019 2581 orationibus
1032 2546 1203 2584 consuetis,

458 2597 598 2631 conversi
628 2608 699 2630 vero
726 2604 754 2630 ct
778 2596 951 2640 commissi,
973 2604 1024 2629 aut
1047 2595 1099 2642 qui
1119 2608 1190 2641 pras·

1247 2097 1389 2132 eamdem
1402 2098 1493 2132 etiam
1510 2096 1735 2144 indulgentiam
1753 2103 1995 2143 consequantur.

1296 2148 1386 2195 539.
1403 2147 1560 2195 Quodque
1580 2146 1761 2182 huiusmodi
1784 2145 1997 2192 congregatio-

1249 2198 1297 2232 nis
1313 2198 1493 2232 sacerdotes
1509 2199 1538 2232 in
1556 2197 1665 2232 itinere
1684 2196 1845 2231 constituti
1861 2202 1914 2229 aut
1939 2194 1995 2230 alia

1247 2259 1340 2282 causa
1375 2247 1578 2291 subsistente,
1608 2256 1679 2281 ante
1712 2245 1794 2280 diem
1822 2257 1924 2292 usque
1957 2244 1994 2279 ad

1248 2309 1360 2332 nonam
1378 2297 1529 2332 inclusive
1547 2298 1671 2331 missam
1688 2295 1848 2330 celebrare
1863 2294 1995 2336 valeant,

1248 2355 1346 2388 motu,
1373 2347 1501 2382 scientia
1525 2355 1554 2381 ct
1578 2346 1762 2381 auctoritate
1792 2345 1995 2392 praemissis,

1246 2397 1284 2431 de
1311 2397 1439 2444 speciali
1462 2397 1545 2431 dono
1567 2396 1683 2443 gratiae
1705 2395 1911 2430 concedimus
1938 2406 1994 2442 pa-

1248 2448 1321 2481 ritcr
1342 2455 1372 2482 et
1396 2446 1608 2493 indulgemus,

1294 2498 1314 2542 ,ξ
1334 2499 1392 2531 to.
1417 2495 1570 2531 Volumus
1591 2495 1684 2530 etiam
1716 2495 1800 2542 quod
1830 2494 1993 2529 universae.
2009 2541 2014 2558 ι
2032 2506 2192 2559 ,ιζζυὶ-οιιςεηε-

1246 2555 1275 2581 et
1301 2542 1445 2593 singulae
1474 2557 1637 2593 personae,
1656 2545 1773 2592 quibus
1795 2556 1908 2579 causae
1929 2556 1992 2579 au—

1281 2618 1319 2652 (l)
1337 2618 1401 2644 Vide
1417 2617 1513 2643 eoncit
1534 2616 1616 2649 Trid,
1634 2624 1696 2643 sess.
1714 2623 1784 2647 xxii,
1797 2617 1899 2641 Deci-et.
1911 2617 1940 2640 dc
1951 2617 1995 2640 ob—

459 2647 535 2680 ΓὶῑΙΟἳ
562 2646 697 2693 ΡῖῧΙῐΠΟὸ
720 2646 822 2680 tllssstl't'
847 2646 1011 2681 COllllllOtl(¹
1036 2657 1095 2679 {10¹¹
1114 2653 1199 2691 {¹0¹⁹—
1245 2660 1380 2683 servandis
1393 2662 1416 2683 et
1433 2659 1558 2683 evitandis
1578 2659 1605 2682 iu
1625 2658 1717 2682 celebr.
1738 2659 1839 2681 missae.

2024 2161 2105 2183 Missam
2128 2162 2193 2183 ttine-

2011 2196 2064 2214 itmt.
2080 2196 2129 2214 ante
2138 2194 2192 2214 diorn

2010 2224 2120 2245 celebrare
2142 2230 2193 2251 pm-

2011 2259 2056 2276 ·uut
2074 2256 2110 2282 (1).
