2281 3251
104 269 152 296 Αῐι.
171 268 201 296 C.
216 267 282 295 15ίὰ

990 270 1050 294 LEO
1073 270 1088 293 Χ
1114 269 1160 292 ΡΡ.

301 324 395 367 tibus,
408 324 602 373 applicandis
619 333 650 360 ut
666 324 862 369 ius1·a,unius
876 325 947 361 anni
965 327 1046 362 mul-

300 382 411 416 ctetur,
426 383 455 410 et
471 375 530 410 hoc
546 375 584 409 sit
600 387 654 422 pro
672 376 768 420 prima
791 376 869 417 vice,
887 389 947 424 qua
964 376 1046 412 blas-

300 424 432 471 phemus
459 424 498 459 ita
521 423 697 471 deliquerit.
720 424 782 459 Pro
808 425 946 461 secunda
963 439 1045 465 vcro,

299 473 324 507 si
348 474 387 508 ita
415 473 626 521 deliqueritet
644 475 819 514 convictus,
850 484 881 509 ut
910 476 1047 522 praefer-

299 531 358 565 tur,
374 523 477 568 fuerit,
499 524 524 557 si
541 523 668 558 unicum
686 524 830 559 habuerit
847 525 1045 568 beneficium,

298 584 335 607 eo
363 573 516 620 privetur3
543 574 567 608 si
595 582 698 608 autem
727 574 827 620 plura,
851 575 933 621 quod
962 575 1047 608 ordi-

299 622 406 657 narius
421 622 576 667 maluerit,
597 622 627 657 id
643 623 785 658 amittere
799 632 936 670 cogatur.
953 624 1044 666 Quod

299 672 323 706 si
346 672 436 707 tertio
458 673 525 707 eius
547 672 674 707 sceleris
701 682 849 719 arguatur
870 682 899 708 et
922 674 1048 708 convin-

298 729 396 762 catur,
424 721 630 768 dignitatibus
647 734 681 757 ac
709 722 871 757 beneficiis
887 723 1046 767 omnibus,

298 783 517 819 quaecumque
532 771 685 811 habuerit,
700 784 737 806 eo
753 772 821 818 ipso
837 772 973 819 privatus
988 773 1045 807 exi

298 829 369 864 stat,
385 820 423 855 ad
444 833 542 868 eaque
567 821 698 856 ulterius
719 822 879 856 retinenda
901 822 1045 856 inhabilis

300 870 456 909 reddatur,
471 883 568 918 eaque
586 870 679 905 libere
695 871 851 917 impetrari
867 879 896 906 et
912 871 1045 906 conferri

300 920 431 965 possint.
456 919 569 955 Laicus
596 932 668 954 vero
695 919 926 967 blasphemans,
942 921 966 954 si
991 933 1046 954 uo-

298 968 370 1004 hilis
397 969 501 1013 suerit,
528 981 628 1016 poena
659 981 728 1003 xxv
750 970 935 1005 ducatorum
966 969 1046 1004 mul-

298 1026 409 1059 ctetur;
425 1027 453 1052 et
471 1031 526 1065 pro
547 1018 685 1053 secunda
702 1019 780 1063 vice,
796 1032 824 1057 L,
844 1019 977 1053 fabricae
992 1019 1046 1053 ba-

298 1067 405 1102 silicae
421 1067 576 1115 Principis
592 1068 814 1114 Apostolorum
831 1068 868 1102 dc
892 1068 977 1103 Urbe
991 1081 1046 1115 ap-

300 1117 529 1162 plicandorum,
551 1126 580 1152 et
603 1118 681 1160 altis,
705 1125 736 1151 ut
764 1117 840 1151 insta
869 1117 1043 1152 deducitur.

298 1165 360 1201 Pro
377 1168 464 1201 tertia
480 1179 563 1210 vero,
579 1166 773 1201 nobilitatem
791 1167 908 1213 perdat.
925 1166 958 1201 Si
976 1180 1045 1201 vero

299 1215 446 1261 ignobilis
474 1229 509 1250 ac
537 1216 678 1263 plebeius
701 1216 806 1257 suerit,
829 1216 858 1250 iu
888 1228 1043 1251 carcerem

298 1265 494 1307 detrudatur,
516 1265 598 1312 quod
622 1265 646 1298 si
675 1264 754 1300 ultra
782 1265 859 1299 duas
883 1265 964 1300 vices
987 1279 1046 1313 pu-

299 1313 377 1348 blice
395 1314 615 1361 blasphemans
628 1314 845 1361 deprehensus
868 1314 971 1356 fuerit,
987 1317 1045 1350 mi-

297 1363 363 1398 thra
387 1363 494 1397 infami
519 1376 574 1410 per
596 1363 748 1410 integram
772 1364 854 1399 diem
877 1365 1045 1400 anteferes

296 1412 446 1448 ecclesiae
464 1412 646 1460 principalis
667 1413 833 1448 mithratus
855 1422 936 1449 stare
950 1427 1044 1461 coga-

296 1469 356 1503 tur;
379 1462 403 1497 si
432 1474 503 1497 vero
526 1463 642 1509 pluries
665 1462 694 1497 in
718 1463 778 1497 hoc
801 1464 903 1510 ipsum
934 1477 1045 1511 pecca-

295 1519 361 1545 tum
384 1511 491 1559 lapsus
513 1512 619 1552 fuerit,
647 1512 684 1547 ad
714 1521 883 1560 perpetuos
905 1526 1045 1549 carceres

297 1560 341 1596 vel
365 1561 403 1596 ad
428 1562 570 1596 triremes
593 1561 771 1603 damnetur,
795 1562 832 1597 ad
862 1563 977 1598 iudicis
990 1564 1045 1598 de-

296 1611 393 1657 putati
408 1611 583 1646 arbitrium.
607 1610 640 1645 In
664 1611 730 1647 foro
753 1621 856 1647 autem
880 1614 1043 1648 conscien-

296 1661 365 1701 tiae,
382 1673 474 1695 nemo
496 1661 708 1708 blasphemiae
730 1673 812 1706 reus,
835 1662 951 1710 absque
972 1675 1045 1709 gra-

297 1710 419 1745 vissima
439 1711 642 1757 poenitentia,
665 1711 763 1746 severi
787 1712 975 1747 confessoris
989 1725 1044 1747 ar-

297 1758 388 1794 bitrio
404 1760 554 1799 iniuncta,
569 1761 873 1807 possitabsolvi.Qui
890 1774 962 1796 vero
979 1763 1046 1797 reli-

295 1821 374 1855 quos
396 1817 522 1844 sanctos
543 1810 817 1857 blasphemaverit,
839 1811 966 1846 arbitrio
989 1813 1045 1846 iu-

296 1858 385 1899 dicis,
410 1860 558 1894 rationem
589 1872 791 1906 personarum
819 1860 968 1901 habituri,
985 1862 1045 1895 mi-

298 1908 358 1942 tius
380 1908 541 1956 aliquanto
566 1910 669 1956 puniri
693 1910 848 1944 volumus.
871 1911 1045 1946 Statuimus

297 1958 390 1992 etiam
427 1967 462 1992 ut
491 1959 668 1993 saeculares
690 1959 828 2003 iudices,
864 1960 916 2007 qui
940 1969 1044 1995 contra

298 2007 375 2041 tales
403 2007 615 2053 blasphemiae
638 2009 796 2043 convictos
825 2022 885 2043 non
908 2010 1045 2044 animad-

299 2057 458 2098 verterint,
471 2069 589 2104 eosque
613 2058 701 2092 iustis
715 2059 825 2105 poenis
848 2060 976 2094 minime
998 2059 1046 2094 af-

299 2110 604 2158 fecerint,quantum
621 2112 651 2146 in
665 2112 710 2147 eis
723 2112 826 2154 suerit,
840 2114 927 2160 quasi
943 2113 1044 2148 eidem

297 2165 406 2200 sceleri
421 2165 560 2210 obnoxii,
572 2166 689 2201 eisdem
704 2179 829 2214 quoque
850 2168 961 2214 poenis
975 2168 1046 2202 suh-

299 2219 454 2254 iiciantur.
493 2219 556 2262 Qui
592 2232 664 2255 vero
695 2220 726 2255 in
760 2221 821 2255 illis
849 2221 1047 2268 inquirendis

299 2273 532 2321 puniendisque
559 2273 725 2320 diligentes
747 2283 776 2309 et
798 2276 895 2310 severi
919 2276 1046 2316 suerint,

300 2340 355 2375 pro
377 2328 514 2376 qualibet
529 2329 605 2373 vice,
628 2328 736 2364 decem
765 2341 918 2364 annorum
942 2330 1048 2365 indul·

299 2383 437 2429 gentiam
465 2391 702 2431 consequantur
724 2392 753 2419 et
781 2385 900 2418 tertiam
930 2393 1046 2431 partem

300 2437 434 2473 mulctae
456 2438 655 2485 pecuniariae
678 2438 823 2473 habeant.
847 2438 1048 2486 Quicumque

301 2503 373 2527 vero
386 2492 655 2539 blasphemantem
671 2493 840 2537 audierint,
855 2506 926 2528 eum
943 2494 1048 2529 verbis

301 2546 412 2581 acriter
433 2546 598 2593 obiurgare
619 2555 794 2592 teneantur,
817 2548 842 2581 si
866 2549 940 2583 citra
965 2548 1050 2595 peri-

301 2599 406 2635 culum
423 2613 515 2636 suum
536 2602 563 2636 id
580 2602 644 2636 sieri
659 2614 750 2649 posse
769 2602 942 2648 continget,
956 2615 1049 2638 eum-

302 2653 436 2707 demque
449 2655 570 2692 deferre
585 2656 629 2692 vel
644 2657 804 2692 notificare
820 2657 901 2705 apud
915 2657 1048 2692 iudicem

1715 263 1778 295 6121

1088 325 1333 361 ecclesiasticum
1368 338 1422 361 seu
1456 325 1646 362 saecularem
1676 327 1753 362 intra
1783 329 1834 362 tri-

1089 377 1184 411 duum
1196 375 1339 411 debeant.
1352 376 1444 419 Quod
1459 377 1483 411 si
1499 376 1604 424 plures
1616 376 1732 411 dictum
1751 377 1834 412 blas-

1090 427 1287 473 phemantem
1305 427 1396 461 simul
1419 426 1612 467 audiverint,
1627 427 1738 473 singuli
1761 440 1832 462 eum

1089 488 1234 510 accusare
1257 483 1431 517 teneantur,
1454 477 1511 511 nisi
1536 476 1612 511 sorte
1634 488 1743 511 omnes
1757 489 1834 512 cou-

1090 526 1232 560 venerint
1248 534 1280 559 ut
1301 539 1384 560 unus
1400 537 1455 573 pro
1482 526 1602 561 cunctis
1619 526 1668 561 tali
1689 525 1835 573 fungatur

1089 575 1199 609 ollicio.
1217 574 1305 617 Quos
1329 588 1438 610 omnes
1454 575 1482 610 in
1499 577 1610 610 virtute
1625 584 1749 611 sanctae
1764 577 1835 611 ohe-

1089 624 1224 659 dientiae
1237 625 1408 664 hortamur,
1427 634 1456 660 et
1473 637 1638 660 monemus
1651 626 1681 660 iu
1698 624 1834 660 Domino

1089 681 1134 716 ut,
1146 687 1200 720 pro
1210 674 1305 708 divini
1323 675 1458 708 nominis
1475 677 1644 710 reverentia
1660 675 1834 719 ethonore,

1090 724 1119 757 in
1133 724 1199 758 suis
1213 723 1362 757 dominiis
1383 735 1418 758 ac
1433 725 1523 759 terris
1547 725 1714 771 praemissa
1731 725 1834 760 omnia

1089 773 1202 806 servari
1222 780 1251 806 et
1272 773 1470 808 exactissime
1491 774 1602 821 exequi
1625 775 1773 809 mandent
1800 787 1835 809 ac

1090 821 1213 863 saciant,
1229 821 1416 857 uberrimam
1441 823 1479 857 ab
1502 824 1570 869 ipso
1598 822 1664 858 Deo
1684 832 1744 859 tam
1762 824 1835 859 boni

1088 883 1123 906 ac
1139 872 1178 918 pii
1194 872 1298 918 operis
1316 872 1492 907 mercedem
1513 873 1660 917 habituri,
1681 874 1836 909 similem-

1088 933 1148 967 que
1163 933 1316 955 annorum
1332 921 1440 956 decem
1456 922 1682 968 indulgentiam
1698 923 1736 958 ab
1749 924 1837 971 Apo·

1088 970 1195 1004 stolica
1217 969 1300 1005 Sede
1321 971 1531 1015 consecuturi,
1553 984 1624 1006 cum
1641 973 1728 1007 tertia
1752 981 1836 1019 parte

1089 1019 1234 1059 mulctae,
1251 1032 1310 1066 qua
1330 1020 1431 1055 dictus
1446 1021 1649 1068 blasphemus
1673 1021 1836 1069 plectetur,

1088 1069 1234 1114 quotiens
1249 1070 1306 1104 tale
1319 1069 1422 1104 scelus
1439 1070 1635 1117 puniendum
1649 1072 1835 1112 curaverint,

1089 1129 1183 1164 quam
1211 1118 1338 1165 quidem
1368 1119 1596 1165 indulgentiam
1625 1128 1655 1155 et
1684 1121 1835 1168 reliquam

1089 1168 1207 1201 tertiam
1238 1168 1372 1203 mulctae
1402 1178 1518 1215 partem
1550 1171 1723 1205 accusatori
1751 1170 1836 1205 blas·

1089 1216 1196 1263 phemi
1219 1229 1332 1252 nomen
1356 1217 1508 1252 deferenti
1537 1219 1680 1254 similiter
1706 1220 1834 1255 concedi

1088 1273 1118 1299 et
1142 1266 1294 1312 assignari
1324 1267 1479 1312 volumus,
1502 1268 1569 1303 aliis
1585 1270 1706 1315 poenis,
1728 1279 1834 1305 contra

1089 1314 1270 1350 huiusmodi
1290 1316 1490 1364 blasphemos
1512 1330 1568 1365 per
1579 1331 1684 1354 sacros
1699 1331 1836 1355 canones

1087 1367 1255 1412 expressis,
1277 1366 1484 1402 nihilominus
1507 1369 1538 1402 in
1560 1380 1618 1403 suo
1641 1368 1752 1405 robore
1768 1382 1836 1404 ma-

1088 1415 1246 1450 uentibus.

1134 1468 1149 1507 g
1177 1467 1233 1499 54.
1257 1465 1299 1501 Ut
1320 1465 1423 1501 clerici
1448 1467 1630 1514 praesertim
1651 1476 1734 1503 caste
1757 1480 1836 1504 con-

1087 1513 1298 1562 tinenterque,
1321 1515 1404 1550 iuxta
1426 1528 1581 1552 canonum
1602 1525 1775 1566 praecepta,
1789 1519 1836 1553 vi-

1087 1571 1171 1603 vant,
1193 1565 1359 1600 statuimus
1379 1573 1412 1600 ut
1437 1566 1694 1602 contrafacientes
1724 1569 1836 1604 acriter

1087 1613 1264 1648 secundum
1288 1627 1426 1650 canones
1453 1616 1634 1662 puniantur.

1135 1663 1155 1710 S
1183 1665 1239 1698 55.
1265 1663 1298 1698 S1
1327 1665 1380 1711 qui
1411 1677 1497 1706 vero,
1525 1674 1585 1700 tam
1619 1666 1716 1702 laicus
1743 1680 1835 1715 quam

1087 1712 1232 1756 clericus,
1251 1713 1288 1748 de
1302 1714 1433 1750 erimine
1450 1724 1577 1762 propter
1592 1716 1675 1764 quod
1694 1719 1777 1752 venit
1793 1719 1837 1752 ira

1088 1761 1143 1796 Dei
1165 1762 1194 1796 in
1218 1763 1297 1798 filios
1319 1764 1512 1800 diffidentiae
1547 1766 1709 1802 convictus
1731 1766 1836 1812 fuerit,

1090 1812 1199 1858 poeuis
1236 1825 1291 1860 per
1317 1826 1422 1848 sacros
1451 1826 1586 1850 canones
1604 1824 1657 1850 aut
1679 1817 1727 1852 ius
1749 1817 1838 1852 civile

1088 1862 1260 1908 respective
1276 1864 1432 1910 impositis
1456 1865 1613 1910 puniatur.

1135 1913 1221 1954 556.
1237 1911 1461 1947 Concubinarii
1475 1922 1592 1955 autem,
1611 1915 1676 1949 sive
1690 1914 1758 1949 laici
1773 1916 1838 1951 sive

1087 1960 1188 1995 clerici
1205 1960 1331 2003 suerint,
1348 1963 1530 1998 eorumdem
1555 1976 1709 1998 canonum
1728 1966 1838 2011 poenis

1090 2010 1282 2045 mulctentur
1297 2039 1306 2055 ,
1330 2024 1432 2059 neque
1454 2013 1654 2060 superiorum
1678 2013 1837 2049 tolerantia

1088 2071 1143 2094 seu
1167 2072 1258 2107 prava
1283 2062 1491 2106 consuetudo,
1513 2075 1592 2109 quae
1607 2063 1711 2109 potius
1729 2076 1838 2098 corru-

1090 2112 1170 2160 ptela
1194 2113 1325 2149 dicenda
1349 2123 1406 2159 est,
1434 2128 1450 2150 a
1479 2115 1681 2151 multitudine
1705 2129 1839 2163 peccan-

1089 2167 1180 2212 tium,
1197 2168 1293 2204 aliave
1316 2169 1474 2217 quaelibet
1500 2171 1660 2205 excusatio
1676 2171 1721 2205 eis
1735 2171 1839 2219 aliquo

1090 2222 1184 2256 modo
1211 2223 1413 2270 suffragetur,
1440 2223 1494 2258 sed
1519 2225 1601 2258 iuxta
1626 2225 1702 2260 iuris
1724 2238 1840 2261 censu-

1090 2288 1153 2311 ram
1174 2289 1281 2313 severe
1302 2279 1479 2325 puniantur.
1504 2278 1551 2312 Ad
1577 2278 1692 2313 bonum
1717 2292 1790 2315 vero
1810 2290 1838 2315 et

1089 2332 1230 2378 quietum
1244 2334 1380 2379 regimen
1393 2333 1552 2367 civitatum
1572 2345 1607 2368 ac
1622 2333 1760 2368 locorum
1777 2347 1838 2369 om-

1091 2386 1175 2420 nium
1191 2386 1350 2421 Romanae
1364 2386 1522 2422 Ecclesiae
1533 2387 1838 2432 subiectorum,cou-

1090 2441 1267 2476 stitutiones
1281 2440 1381 2475 bonae
1392 2442 1558 2476 memoriae
1566 2441 1686 2488 AEgidii
1699 2443 1837 2490 episcopi

1091 2493 1254 2539 Sabinen.,
1271 2495 1343 2529 olim
1367 2495 1477 2538 editas,
1501 2496 1696 2540 innovamus,
1724 2508 1839 2542 easque

1092 2549 1313 2584 inviolabiliter
1335 2550 1448 2584 servari
1469 2550 1676 2597 praecipimus
1697 2558 1726 2584 et
1749 2562 1839 2584 man-

1091 2601 1214 2637 damus.

1141 2656 1160 2703 g
1184 2658 1239 2691 57.
1263 2656 1300 2691 Et
1316 2666 1348 2691 ut
1364 2657 1498 2692 nefariae
1520 2658 1670 2693 simoniae
1691 2657 1775 2694 labes
1803 2669 1837 2695 ae

1852 277 1900 303 Αιι.
1919 273 1947 302 C.
1964 275 2027 303 istu

1865 1478 1991 1500 Clerlcnrum
2005 1481 2023 1499 ῐί

1851 1511 1958 1532 continua.
1982 1515 2021 1538 po·

1851 1547 1899 1562 nne.

1866 1684 1893 1705 Su
1903 1686 2020 1706 lwm'tornm

1899 1721 1986 1742 poento.

1870 1923 2036 1944 Coneuhtnario-

1853 1961 1896 1976 rum
1913 1960 2000 1982 poenae.
