2281 3251
94 279 142 307 An.
163 278 274 307 (1.1515

86 1967 177 1988 Praelati
193 1971 242 1989 etin
246 1974 269 1988 u-

86 1999 148 2019 nachi
167 2004 208 2019 non
232 2004 269 2019 co-

87 2033 161 2056 gantur
181 2031 267 2050 interes.

87 2060 190 2085 concitus,

207 2059 269 2080 tune-

86 2090 172 2116 ratibus,
183 2096 271 2118 proces-

87 2122 181 2142 sionibus
193 2126 229 2142 etr.
241 2122 268 2147 il¹¹

969 277 1030 300 LEO
1056 277 1078 299 x
1105 276 1154 299 PP.

292 344 442 368 excessus
463 343 518 366 seu
545 338 738 372 contractus,
761 338 813 366 aut
838 331 892 374 rei,
921 331 959 367 de
981 344 1041 378 qua

292 383 419 428 agitur,
453 381 646 428 ubicumque
680 381 802 415 ineatur·
836 388 1041 425 contractus,

291 430 504 466 comminatur
531 430 694 470 delictum,
717 439 769 465 aut
793 442 842 465 res
870 431 935 478 ipsa
964 443 1042 465 con-

290 480 389 518 sistat,
427 480 782 517 cxcommunicationis,
819 480 1040 527 suspensionis

290 537 320 563 et
342 529 496 564 interdicti
525 539 577 563 aut
598 529 673 563 alias
703 529 830 576 quasvis
852 530 1040 574 sententias,

291 577 349 612 nisi
385 577 424 612 ‹le
459 578 585 625 speciali
621 578 713 612 Sedis
748 579 921 624 praedictae
951 591 1040 614 com-

290 626 453 670 missione,
480 627 718 674 quomodolibet
740 628 858 663 directe
883 628 928 662 vel
953 629 1040 663 indi-

291 684 373 712 recte
397 676 534 723 proferre
550 689 604 711 seu
619 676 819 724 promulgare
832 690 892 712 ιιοιι
907 679 1039 724 possint,

290 737 419 770 prorsus
441 726 607 761 eximimus
629 734 657 761 ct
687 727 821 761 totaliter
856 727 1037 762 liberamus.

287 774 396 822 anue
410 775 513 810 omnia
526 783 678 810 eteorum
695 775 857 822 quodlibet
881 776 910 810 in
934 776 983 811 ius
1010 784 1039 811 et

288 824 510 871 proprietatem
545 825 581 859 B.
611 825 694 860 Petri
724 832 754 859 et
776 824 869 859 Sedis
897 825 1037 860 eiusdem

287 881 317 907 et
342 873 402 908 sub
423 886 531 909 eorum
566 882 596 908 et
629 881 733 909 nostra
770 874 962 919 protectione
984 887 1039 910 su-

287 922 466 970 scipimus,
494 935 530 957 ac
558 923 649 957 nobis
685 931 715 958 et
750 923 850 957 dictae
877 923 1038 959 Romanae

289 971 447 1008 Ecclesiae
469 985 611 1007 annuum
635 984 764 1007 censum
801 972 896 1007 unius
929 974 1038 1008 unciae

286 1021 364 1062 auri,
393 1033 449 1068 per
470 1022 613 1056 eamdem
637 1022 676 1057 de
699 1034 779 1056 novo
802 1030 939 1057 erectam
962 1035 1038 1058 con-

286 1071 513 1117 gregationem,
543 1071 674 1106 infesto
703 1071 870 1106 Beatorum
896 1071 980 1106 Petri
1009 1080 1039 1106 et

287 1119 375 1155 Pauli
390 1121 716 1167 apostolorunr,annis
727 1120 870 1166 singulis,
886 1120 1037 1156 Gamerae

286 1169 488 1216 Apostolicae
505 1170 760 1217 persolvendum,
777 1171 804 1203 in
823 1170 948 1215 siguum
968 1183 1036 1218 per

287 1226 397 1266 ceptae
420 1228 590 1267 perpetuae
610 1220 760 1254 libertatis
782 1227 811 1254 et
826 1221 1038 1266 exemptionis

287 1269 496 1314 assignamus.
519 1268 612 1310 Quod
637 1269 660 1303 si
685 1269 789 1315 legati,
816 1268 1012 1315 subdelegati
1028 1297 1037 1314 ,

287 1317 435 1352 ordinarii
463 1330 518 1353 seu
548 1318 626 1352 aliae
655 1330 805 1364 personae
835 1318 1036 1365 praedictae,

286 1374 394 1402 contra
417 1367 651 1414 exemptionem
680 1376 709 1401 et
731 1367 947 1403 liberationem
984 1381 1037 1403 vc-

287 1423 368 1451 stras
395 1416 590 1461 huiusmodi,
605 1416 777 1472 quidquam
797 1425 948 1452 attentare
964 1430 1038 1473 quo-

286 1477 349 1512 quo
372 1466 466 1500 modo
494 1466 775 1513 praesumpserint:
811 1479 845 1501 ac
881 1467 1036 1514 requisiti

286 1515 392 1561 vigore
416 1515 641 1571 praesentium,
670 1528 725 1562 per
752 1516 852 1563 ipsius
886 1516 924 1551 de
957 1529 1037 1552 novo

285 1573 406 1600 erectae
433 1565 684 1612 conoregationis
719 1566 873 1612 praelatos
897 1565 942 1600 vel
966 1579 1038 1601 mo-

286 1626 405 1659 nacos,
427 1614 504 1649 infra
527 1622 590 1649 tres
612 1615 679 1649 dies
701 1627 717 1649 a
741 1615 792 1650 die
820 1615 1038 1662 requisitionis

286 1663 481 1709 huiusmodi,
509 1676 571 1699 uon
595 1664 792 1705 destiterint,
815 1666 1037 1700 excommuni—

284 1713 417 1748 cationis
451 1714 625 1748 sentcntiae
643 1741 650 1754 ,
674 1713 742 1760 ipso
765 1714 866 1758 facto,
891 1716 1036 1750 noverint

284 1774 317 1797 se
339 1762 509 1797 subiectos.
532 1763 572 1798 Et
594 1763 812 1808 nibilominus,
835 1764 918 1810 quod
949 1765 1038 1799 aliter

283 1820 387 1847 actum
410 1812 515 1853 fuerit,
537 1824 576 1848 eo
598 1813 665 1858 ipso
688 1813 726 1847 sit
749 1813 869 1847 irritum
893 1822 922 1848 et
944 1814 1037 1849 inane

287 1861 471 1908 nulliusque
499 1861 621 1897 roboris
642 1862 688 1897 tel
718 1863 879 1898 momenti.

332 1910 352 1958 S
378 1912 435 1945 26.
463 1910 618 1946 Volumus
656 1911 788 1958 insuper
820 1912 904 1959 quod
934 1912 1037 1947 (lictae

284 1958 323 1994 de
357 1972 438 1995 novo
465 1968 587 1995 erectae
622 1962 876 2007 congregationis
906 1962 1035 2008 praelati

286 2013 330 2047 vel
355 2015 477 2049 monaci
514 2015 619 2050 literas
647 2015 835 2062 apostolicas
863 2028 959 2063 super
981 2016 1037 2051 ad-

287 2066 492 2103 ministranda
513 2068 643 2113 iustitia,
665 2070 851 2104 executione
877 2070 1035 2110 facienda,

286 2121 463 2158 visitatione
490 2123 663 2158 exercenda
691 2131 742 2158 aut
765 2124 824 2159 alio
843 2125 954 2171 quovis
981 2136 1036 2158 ne-

283 2175 375 2222 gocio
397 2177 589 2224 peragendo,
604 2177 640 2211 ad
664 2189 717 2212 eos
740 2189 796 2224 pro
819 2185 963 2225 tempore
980 2178 1034 2212 irn-

284 2237 419 2276 petratas
443 2231 488 2266 vel
512 2231 657 2276 directas,
670 2240 846 2278 acceptare,
869 2240 898 2266 et
921 2232 950 2266 in
975 2232 1035 2266 illis

283 2291 429 2320 contenta
456 2286 581 2332 exequi,
614 2294 643 2320 et
681 2285 891 2320 iuramentum
921 2285 959 2319 ‹le
983 2297 1036 2319 ca-

284 2335 403 2373 lumnia
436 2339 483 2374 vel
517 2339 642 2374 veritate
674 2339 805 2374 dicenda
830 2339 956 2383 subire,
983 2346 1036 2373 aut

284 2391 500 2428 testimonium
517 2393 694 2440 perliibere3
718 2406 773 2428 seu
797 2401 879 2427 extra
904 2405 977 2427 suas
998 2392 1036 2426 ci—

286 2446 408 2481 vitatem
431 2454 461 2482 et
483 2447 653 2483 dioecesim
678 2447 769 2487 trabi,
792 2455 822 2481 et
849 2447 885 2481 ad
909 2446 1035 2494 quaevis

284 2500 416 2536 concilia
441 2502 615 2548 generalia,
644 2501 845 2549 provincialia
875 2501 920 2536 vel
948 2513 1037 2548 syuo-

286 2553 379 2595 dalia,
407 2563 458 2590 aut
485 2556 757 2603 congregationes,
780 2555 891 2603 quovis
908 2556 1036 2590 nomine

321 2623 360 2658 (t)
376 2624 441 2652 Vide
452 2625 551 2653 Concil.
565 2626 637 2654 Trid.
651 2634 716 2654 sess.
730 2634 799 2659 xxv,
812 2634 870 2661 cap.
887 2626 917 2653 12
929 2629 954 2654 et
965 2634 1035 2662 seq„

287 2663 324 2690 De
338 2663 462 2697 Περαίαν.

1716 267 1785 300 549

1084 338 1283 375 censeantur,
1301 329 1581 365 ecclesiasticarum
1609 329 1657 365 vel
1684 330 1832 366 laicarum

1084 391 1303 435 personarum,
1326 380 1554 427 cuiuscumque
1586 379 1745 425 dignitatis
1780 389 1833 415 aut

1082 437 1180 464 status
1202 429 1356 473 existant,
1379 430 1471 464 etiam
1499 429 1669 476 apostolica
1696 430 1834 464 auctori-

1083 487 1142 513 tate
1180 478 1307 519 indicta,
1332 487 1551 526 praeterquam
1585 478 1623 514 ad
1663 478 1763 525 ipsius
1794 478 1833 514 dc

1082 540 1161 563 noio
1175 537 1295 563 erectae
1317 528 1569 575 congre‹⁷atioriis
1593 527 1764 574 capitulum
1781 540 1833 563 ce-

1081 577 1282 632 lebrandum,
1310 585 1362 612 aut
1384 578 1479 619 alias,
1509 578 1592 612 iuxta
1619 588 1728 612 eorum
1753 576 1833 612 ordi-

1081 628 1235 670 nationes,
1259 628 1303 661 ire
1331 627 1376 661 vel
1406 627 1541 667 mittere,
1569 634 1622 661 aut
1655 627 1833 672 processio-

1081 676 1175 710 nibus
1192 676 1326 723 publicis
1339 676 1385 711 vel
1401 676 1594 711 funeralibus
1617 676 1767 711 interesse
1784 676 1833 710 in-

1081 725 1131 759 viti
1168 725 1298 760 minime
1327 733 1502 760 teneantur.
1526 725 1590 760 Seu
1614 724 1696 772 quod
1725 725 1755 759 in
1780 737 1834 760 eo-

1080 786 1150 808 rum
1186 774 1264 809 locis
1306 774 1419 809 missac
1447 775 1494 809 vel
1523 775 1581 809 alia
1605 774 1710 808 divina
1733 774 1833 809 officia

1080 823 1291 864 celebrentur,
1314 824 1442 858 ordines
1474 824 1676 858 conserantur
1698 823 1744 858 vet
1767 823 1834 870 agi-

1080 880 1185 907 tentur
1207 885 1319 908 causae
1346 873 1452 908 civiles
1479 873 1525 908 vel
1549 872 1742 917 criminales,
1759 885 1833 920 pro-

1079 922 1240 957 cessiones
1268 930 1493 966 convocentur,
1516 930 1569 956 aut
1590 921 1743 969 synodus,
1756 934 1832 956 con-

1079 979 1191 1006 ventus
1207 984 1261 1006 seu
1283 972 1410 1018 quaevis
1430 972 1689 1017 congregationes
1709 978 1770 1005 tam
1786 983 1833 1006 ec-

1079 1020 1322 1055 clesiasticarum
1341 1032 1433 1067 quam
1457 1021 1607 1055 laicarum
1623 1032 1830 1067 personarum

1079 1069 1165 1114 liant,
1182 1070 1247 1104 sive
1263 1070 1347 1125 quod
1364 1069 1596 1104 huiusmodide
1615 1081 1695 1104 novo
1711 1078 1833 1104 erectae

1079 1119 1333 1165 congregationis
1373 1119 1439 1154 loca
1466 1119 1503 1153 ad
1532 1131 1624 1154 usum
1660 1118 1832 1174 hospitum,

1079 1147 1320 1213 habitationem,
1335 1168 1552 1203 detentionem
1569 1176 1598 1211 et
1618 1168 1832 1203 incarceratio-

1080 1229 1149 1252 nem
1167 1218 1395 1253 ecclesiasticar
1400 1230 1451 1252 um
1465 1218 1510 1252 vel
1524 1218 1673 1253 laicarum
1685 1229 1832 1264 persona-

1078 1279 1147 1301 rum
1164 1267 1369 1315 deputentur,
1398 1266 1549 1314 adstringi
1590 1279 1645 1302 seu
1681 1267 1830 1314 compelli

1080 1316 1167 1351 nullo
1196 1317 1290 1351 modo
1313 1317 1449 1363 possint.

1127 1366 1230 1412 §27-
1259 1366 1453 1401 Testimonia
1488 1377 1560 1401 vero
1595 1365 1831 1413 praelatorum,
1846 1376 1917 1397 resur
1906 1377 2029 1403 montara-

1079 1427 1298 1471 monacorum,
1325 1427 1562 1460 conversorum,
1585 1427 1830 1450 commissorum
1846 1409 2029 1464 ζζζζζιςωιεζοᾝζ

1079 1472 1108 1499 et
1145 1465 1332 1500 novitiorum
1370 1465 1471 1500 dictae
1504 1465 1777 1511 congregationis,
1799 1465 1902 1499 insunt

1078 1515 1183 1549 causis
1206 1514 1349 1561 ipsorum
1377 1514 1524 1550 civilibus
1546 1522 1576 1549 et
1603 1513 1832 1558 criminalibus,

1080 1563 1110 1597 in
1134 1564 1250 1599 iudicio
1277 1573 1307 1600 et
1329 1572 1427 1609 extra,
1455 1563 1594 1611 legitima
1622 1575 1677 1599 seu
1701 1563 1832 1598 iuridica

1079 1613 1152 1647 sint.

1127 1663 1146 1709 S
1168 1665 1226 1697 ⁶28.
1254 1662 1340 1698 Nulli
1370 1674 1498 1710 quoque
1521 1674 1627 1708 reges,
1659 1661 2006 1709 ριίηοῑρὲ5,ιι;ιειηριιοιιιιι
2003 1684 2030 1697 ιιι-

1079 1711 1224 1757 barones,
1247 1712 1373 1754 milites,
1397 1712 1531 1753 nobiles,
1554 1712 1638 1756 laici,
1659 1723 1833 1746 communr-
1846 1708 1967 1759 Ρζῗζζζᾚῦ
1980 1712 2027 1727 Μ

1078 1769 1168 1807 tates,
1197 1762 1427 1806 universitates,
1455 1739 1668 1808 magistrattis,
1696 1768 1833 1796 rectores

1078 1819 1108 1845 et
1139 1812 1286 1846 officiales
1315 1812 1497 1852 civitatum,
1522 1819 1686 1854 terrarum,
1713 1818 1832 1845 castro-

1078 1874 1148 1896 rum
1176 1869 1206 1896 et
1234 1861 1416 1896 dioecesum
1445 1860 1654 1904 diversorum,
1677 1867 1834 1894 monaste-

1078 1911 1143 1949 riis,
1162 1910 1364 1957 prioratibus,
1382 1910 1472 1954 locis,
1488 1910 1652 1957 cappellis,
1674 1908 1831 1948 ecclesiis,

1078 1960 1296 2004 manualibus,
1324 1960 1481 2006 grangiis,
1509 1959 1630 2002 castris,
1654 1958 1833 2005 possessio-

1078 2009 1172 2044 nibus
1194 2017 1225 2044 et
1252 2008 1357 2053 bonis,
1384 2021 1507 2044 necnon
1536 2008 1684 2055 praelatis
1706 2015 1735 2041 ct
1763 2018 1832 2040 mo-

1078 2059 1166 2093 nacis
1189 2058 1291 2105 ipsius
1314 2058 1580 2105 congregationis,
1603 2056 1754 2104 gabellas,
1777 2055 1832 2090 tal-

1078 2112 1152 2153 leas,
1176 2112 1268 2156 datia,
1297 2112 1461 2152 collectas,
1484 2111 1577 2146 etiam
1605 2122 1662 2157 pro
1686 2109 1830 2157 pontium

1079 2165 1298 2201 refectionibus
1321 2173 1374 2200 aut
1403 2165 1523 2200 viarum
1553 2163 1830 2210 reparationibus,

1076 2219 1173 2254 aliave
1200 2231 1294 2255 onera
1322 2232 1378 2254 seu
1406 2218 1585 2265 gravamina
1619 2218 1756 2261 inferre,
1779 2217 1832 2251 in-

1078 2273 1182 2308 dicere
1204 2282 1234 2308 ct
1259 2275 1433 2321 imponere,
1456 2282 1509 2308 aut
1529 2272 1644 2307 indicta
1668 2280 1698 2307 et
1727 2272 1831 2319 impo-

1076 2327 1133 2362 sita
1168 2328 1308 2374 exigere,
1342 2327 1401 2363 sub
1439 2325 1773 2362 excommunicationis
1795 2338 1831 2360 ac

1077 2380 1307 2417 maledictionis
1329 2389 1473 2416 aeternae
1495 2381 1622 2428 poenis,
1645 2391 1734 2428 quas,
1758 2379 1831 2423 nisi,

1077 2436 1287 2483 praesentium
1317 2435 1421 2470 habita
1456 2435 1583 2480 notitia,
1616 2446 1746 2482 prorsus
1774 2433 1831 2468 de-

1077 2490 1233 2529 stiterint,
1261 2490 1330 2537 ipso
1358 2490 1439 2524 sacto
1474 2489 1659 2533 incurrant,
1693 2487 1830 2523 audeant

1079 2544 1124 2579 vel
1147 2552 1361 2592 praesumant.

1125 2599 1145 2646 S
1168 2601 1224 2634 29.
1253 2598 1317 2633 Nec
1339 2597 1466 2645 aliquod
1494 2610 1532 2634 ex
1559 2597 1660 2633 dictae
1688 2596 1726 2631 de
1748 2607 1829 2631 novo

1077 2662 1198 2689 erectae
1225 2652 1477 2700 congregationis
1499 2651 1720 2693 monasteriis,
1741 2650 1828 2698 prio=
1846 2681 1849 2684 .

1851 273 1900 300 Αιι.
1921 273 1949 301 C.
1964 274 2030 301 ¹513
