2281 3251
213 282 262 308 An.
281 282 308 308 C.
329 283 394 310 taso

225 585 377 605 tonvtuuune·

239 2298 349 2318 buranum

464 276 530 309 l50

411 340 496 375 modi
519 341 739 376 sanctissimae
761 340 974 389 expeditionis
995 353 1031 374 ac
1060 340 1162 388 reipu-

410 390 509 426 blicae
544 390 788 426 christianorum
825 391 987 425 utilitatem
1023 390 1161 424 converti

411 439 555 475 volumus
576 450 605 475 et
631 441 740 476 barum
756 440 848 483 serie,
871 440 1053 475 anctoritate
1078 452 1163 486 prae-

410 489 503 530 dicta,
531 491 645 539 exponi
670 490 867 526 mandamus.

459 540 559 587 310.
594 540 679 575 Nulli
717 553 791 587 ergo
826 539 957 574 omnino
993 539 1160 574 hominum

411 589 502 624 liceat
534 590 615 625 hanc
641 590 786 637 paginam
818 598 995 624 nostrarum
1030 589 1162 624 innova—

410 640 527 683 tionis,
550 640 720 675 sanctionis
737 667 745 683 ‚
777 640 907 683 statuti,
931 638 1161 680 ordinationis,

411 689 645 736 prohibitionis,
675 690 904 729 revocationis,
932 688 1162 724 exhortationis

409 748 438 774 et
463 739 602 774 mandati
633 740 816 786 iuli-ingere,
843 748 897 773 etr.

457 789 572 824 Datum
598 788 717 824 Romae
739 789 820 836 apud
845 788 995 823 Sanctum
1020 788 1161 832 Petrum,

408 851 491 874 anno
525 838 756 874 lucar-nationis
783 837 963 873 dominicae
992 838 1162 873 millesimo

407 889 720 936 quadringentesimo
753 888 1022 936 quinquagesimo
1050 897 1161 926 sexto,

407 941 517 985 quinto
540 938 687 973 kalendas
718 939 808 977 iunii,
837 939 1038 985 pontificatus
1063 939 1160 973 nostri

406 1001 489 1022 anno
510 988 662 1023 secundo.

452 1050 510 1080 [lat.
535 1051 581 1081 die
604 1051 641 1080 *28
661 1051 728 1081 maii
758 1052 840 1088 1455,
864 1052 966 1091 pontis.
986 1061 1062 1080 anno
1087 1061 1115 1080 ιι.

765 1238 800 1272 V.

410 1322 473 1361 Qui
489 1321 698 1366 rhri‘sti'fideles
714 1320 928 1364 quoquomodo
943 1321 973 1351 in
988 1321 1159 1352 seri-ittuem

457 1372 602 1414 νεώρει-ε.
621 1371 749 1415 aliisque
774 1370 898 1402 rendere
920 1371 1044 1406 audent,
1065 1370 1160 1402 subii-

455 1423 577 1454 ci'uulur
595 1421 804 1453 anathemati.-
826 1420 993 1464 propositt's
1016 1432 1063 1451 eos
1081 1431 1155 1463 quo-

453 1471 615 1503 modolibet
642 1470 841 1503 liberantibus
864 1470 1072 1513 indulqentii's.

676 1552 891 1584 SUMMARttm

404 1631 570 1661 Exordium.
606 1648 642 1652 —
681 1631 703 1659 1.
725 1630 886 1660 Christiani
917 1631 944 1659 in
979 1630 1159 1660 rhristianos

443 1675 585 1707 saeviunt,
607 1685 770 1714 eorumque
794 1675 869 1704 bona
899 1675 1052 1714 diripiunt.
1071 1692 1110 1697 —
1133 1675 1158 1704 2.

443 1720 751 1750 Exeommnnicantur.
773 1737 812 1742 —
835 1720 862 1749 3.
885 1719 1048 1758 Uei-ogatio.
1071 1738 1110 1743 —
1131 1722 1158 1751 4.

442 1765 590 1794 tlrdinarii
620 1770 647 1794 et
678 1765 789 1794 dnrnini
821 1765 998 1803 temporales
1029 1765 1158 1795 locorum

443 1810 686 1842 animadvertant:
712 1826 750 1831 —
782 1810 809 1838 5.
838 1808 1046 1839 inobedientes
1070 1819 1158 1840 coer—

443 1860 537 1884 ceant.
554 1872 591 1877 —
604 1855 631 1884 ὓ,
651 1855 804 1890 Quomodo
828 1855 1064 1884 succurrerulum
1082 1855 1160 1885 chri-

443 1900 548 1929 suanis
578 1899 614 1929 ab
649 1900 813 1929 infidelium
848 1904 989 1938 potestate
1021 1899 1159 1929 recedere

444 1944 619 1975 volentibus.
639 1962 677 1966 —
694 1944 843 1974 Remissio
860 1944 961 1974 tertiae
979 1945 1070 1983 partis
1091 1953 1160 1984 per-

443 1993 574 2026 catorum
600 1989 634 2019 iis
653 1989 703 2029 qui
733 1988 944 2018 christifideles
961 1988 1159 2018 liberaverint.

444 2051 481 2056 -——
501 2034 526 2064 ·1.
551 2033 669 2064 Sanctio
693 2033 837 2072 poenalis.

449 2110 583 2140 Callistus
602 2109 745 2146 episcopus
779 2116 877 2138 servus
893 2116 1033 2138 servorum
1051 2110 1113 2142 Dei,

540 2166 572 2193 ad
601 2166 763 2201 perpetuam
796 2164 837 2192 roi
856 2164 1024 2192 memoriam.

456 2237 534 2272 lllud
574 2245 757 2284 reputantes
789 2248 850 2270 non
881 2245 941 2270 tarn
971 2236 1159 2270 christianae

407 2287 550 2333 religioni
572 2286 768 2326 detestabile,
791 2298 885 2333 qnam
911 2285 977 2320 Deo
999 2286 1157 2326 odiosum,

406 2338 490 2385 quod
515 2337 678 2371 christiani
695 2337 833 2370 nominis
850 2336 1000 2370 vocabulo
1019 2336 1156 2382 insigniti

408 2389 438 2422 in
467 2387 577 2422 fratres
599 2399 690 2426 snos,
714 2399 786 2421 cum
817 2387 863 2420 eis
891 2386 921 2419 in
957 2398 1016 2420 una
1041 2385 1102 2420 lide
1129 2394 1156 2419 et

408 2449 472 2471 uno
501 2437 687 2483 baptismate
710 2436 738 2470 in
765 2450 828 2471 nno
851 2435 1010 2470 Ecclesiae
1026 2447 1158 2482 corpore

406 2487 583 2525 adiunctos
601 2486 783 2533 praesertim
805 2499 871 2526 eos,
886 2486 939 2532 qui
958 2485 1155 2520 inimicorum

407 2536 510 2571 erucis
536 2535 654 2570 Christi
688 2535 863 2570 ditionibus
897 2543 1157 2574 commorantur,

409 2586 638 2633 persecutionis
659 2584 775 2631 gladio,
797 2585 916 2632 absque
938 2586 1017 2620 iusta
1050 2595 1157 2627 cansa,

407 2635 602 2677 desaeviunt;
628 2643 658 2670 et
681 2647 734 2670 eos
756 2635 785 2669 in
817 2636 963 2670 continua
992 2634 1158 2670 afflictione

408 2686 527 2738 positos
561 2684 722 2733 amplioris
751 2685 927 2720 afflictionis
963 2684 1157 2720 immanitate

1182 505 1185 518 ι
1206 503 1241 524 ur
1266 502 1356 524 emur

1182 519 1185 569 l
1207 503 1323 573 tragntes
1343 540 1475 585 rigorem
1495 552 1698 574 exerceamus
1722 538 1843 575 ultricis
1866 542 1959 575 iusti-

1182 571 1185 610 l
1205 589 1278 627 tiae,
1302 598 1328 622 et
1355 589 1397 624 illi
1413 589 1600 624 adiiciamus
1622 589 1746 625 debitae
1761 591 1958 626 executionis

1013 286 1197 310 tumtunm!
1227 286 1388 309 nouum!

1205 349 1410 379 consumunt,
1430 340 1548 387 quibus
1572 340 1677 387 potius
1699 341 1784 375 omni
1809 341 1958 376 humani-

1206 391 1276 425 tatis
1298 391 1395 436 gratia
1431 402 1467 424 ac
1502 390 1664 425 charitatis
1690 399 1719 425 et
1749 391 1874 437 pietatis
1905 390 1958 425 as—

1206 440 1286 475 fectu
1316 440 1427 475 adesse
1461 439 1630 480 deberent,
1667 452 1703 475 ex
1732 440 1824 475 officii
1861 441 1957 476 nostri

1378 489 1499 534 debito,
1523 499 1554 524 nt
1577 489 1729 524 adversus
1749 490 1820 525 talia
1845 503 1958 538 perpe-

1206 638 1410 685 praesidium,
1434 651 1496 685 quo
1511 640 1680 674 commissa
1703 640 1911 687 corrigantur,
1928 648 1956 675 et

1182 687 1410 744 ,triten-dicatu·-
1452 688 1582 724 audacia
1619 689 1815 736 quibuslibet
1843 690 1957 725 similia

1206 739 1412 786 imposterum
1437 739 1667 774 committendi.
1690 738 1765 774 lllos
1796 751 1879 781 vero,
1903 740 1956 788 qui

1205 787 1305 823 dictos
1328 788 1547 823 christifideles
1573 788 1612 823 ah
1634 788 1820 824 eorumdem
1844 789 1958 824 inlide-

1207 838 1282 873 lium
1307 838 1424 873 ditione
1460 838 1649 873 divertentes
1688 838 1894 875 humanitatis
1928 848 1958 874 et

1205 888 1365 923 charitatis
1389 888 1553 923 benefieiis
1576 897 1823 935 prosequuntur,
1845 889 1958 936 dignos

1206 939 1572 986 reputamusimpendiis
1596 948 1622 973 et
1649 939 1959 974 reuninerationibus

1204 989 1389 1035 specialium
1415 989 1596 1034 gratiarnm.

1253 1038 1273 1085 g
1293 1043 1320 1072 1.
1338 1038 1422 1073 Sane
1446 1038 1657 1073 lamentabilis
1681 1038 1853 1073 multorum
1875 1052 1956 1086 que—

1205 1088 1266 1122 rcla
1303 1097 1444 1123 nostrum
1488 1101 1587 1136 nuper
1629 1088 1764 1122 turbavit
1801 1088 1958 1134 auditum,

1204 1138 1385 1173 amaricavit
1424 1146 1452 1173 et
1490 1146 1626 1173 mentem
1645 1167 1651 1176 ,
1691 1138 1775 1186 quod
1813 1139 1956 1174 nonnulli

1206 1188 1378 1235 iniquitatis
1407 1188 1480 1232 filii,
1516 1200 1531 1222 a
1563 1200 1696 1235 quorum
1725 1188 1828 1223 oculis
1864 1189 1957 1224 timor

1205 1236 1331 1273 Domini
1355 1238 1519 1277 abscessit,
1536 1250 1608 1272 cuin
1637 1238 1666 1272 in
1689 1237 1868 1274 Orientales
1885 1251 1957 1286 par-

1204 1296 1251 1321 tes
1269 1289 1335 1323 suis
1359 1288 1492 1336 navigiis
1515 1287 1687 1331 declinant,
1705 1288 1734 1322 in
1764 1287 1957 1323 christianos

1205 1338 1234 1371 in
1259 1338 1376 1372 eisdem
1406 1338 1547 1385 partibus
1570 1338 1673 1384 magni
1697 1337 1813 1372 Turclii
1837 1347 1867 1373 et
1888 1337 1958 1373 Sol-

1204 1387 1274 1422 dani
1298 1388 1481 1423 Babiloniae,
1503 1388 1612 1422 ditioni
1628 1387 1789 1422 subiectos
1811 1400 1957 1423 commo-

1205 1446 1330 1481 ranteS,
1359 1448 1386 1472 et
1426 1437 1596 1484 aliquando
1636 1438 1672 1471 ad
1711 1437 1954 1472 christianorum

1204 1488 1270 1522 loca
1299 1501 1354 1535 pro
1386 1488 1453 1523 suis
1476 1487 1634 1522 salvandis
1656 1487 1822 1522 animabus
1849 1488 1956 1523 diver-

1203 1545 1316 1581 tentes,
1345 1550 1430 1572 more
1460 1538 1629 1585 piratarum
1659 1537 1804 1576 irruunt,
1840 1546 1869 1572 et
1901 1550 1957 1573 eos

1202 1588 1329 1635 capiunt
1354 1596 1383 1622 et
1413 1588 1442 1621 in
1473 1588 1653 1622 servitutem
1678 1587 1842 1634 redigunt,
1865 1599 1901 1622 ac
1923 1588 1954 1622 in

1202 1650 1308 1672 servos
1337 1637 1499 1679 vendunt,
1538 1649 1658 1672 necnon
1696 1636 1794 1675 bona,
1821 1638 1846 1672 si
1873 1650 1953 1686 quae

1204 1688 1360 1722 tenuerint
1387 1687 1432 1721 vel
1454 1687 1632 1730 habuerint,
1655 1687 1900 1733 depraedantur,
1924 1696 1952 1722 et

1204 1737 1350 1784 praedam
1379 1745 1551 1785 asportant.

1251 1792 1266 1830 ,ξ
1293 1790 1326 1821 ’2.
1350 1787 1414 1821 Nos
1455 1788 1559 1833 igitur,
1585 1786 1763 1821 huiusmodi
1802 1799 1951 1822 excessus

1203 1838 1262 1871 sub
1276 1838 1401 1872 silentio
1418 1837 1605 1884 pertransire
1618 1845 1826 1883 nequeuntes,
1843 1849 1880 1871 nc
1897 1837 1950 1872 im-

1204 1887 1352 1934 punitatis
1365 1886 1544 1933 exemplum
1569 1887 1777 1933 periculosius
1791 1887 1951 1921 dei-iretur

1204 1938 1232 1970 in
1256 1937 1344 1979 alios,
1367 1947 1394 1970 et
1417 1936 1668 1983 delinquentium
1688 1937 1830 1971 voluntas
1855 1936 1951 1971 laxior

1203 1987 1252 2020 liat
1280 1987 1316 2021 ad
1343 1986 1562 2034 peccandum,
1586 1998 1696 2020 omnes
1723 1995 1752 2020 et
1784 1986 1950 2031 singulos,

1180 2038 1182 2060 l
1202 2037 1269 2070 sire
1285 2037 1344 2070 sint
1374 2036 1502 2083 piratae,
1525 2037 1590 2070 sive
1612 2037 1743 2070 cursarii
1767 2044 1819 2070 aut
1836 2037 1950 2070 latrun-

1202 2087 1262 2121 culi
1277 2087 1435 2127 maritimi,
1450 2087 1514 2120 sive
1528 2086 1578 2120 alii
1598 2098 1653 2132 pro
1667 2086 1847 2120 mei-cantiis
1865 2098 1950 2120 exer-

1201 2136 1324 2172 cendis,
1347 2145 1397 2170 ant
1414 2148 1449 2170 ex
1478 2136 1642 2183 quibusvis
1661 2136 1730 2170 aliis
1752 2136 1856 2171 causis
1879 2135 1950 2170 ubi-

1202 2185 1275 2220 libet
1307 2187 1501 2231 navigantes,
1523 2186 1576 2233 qui
1607 2185 1796 2221 christianos
1824 2185 1853 2220 in
1881 2187 1951 2232 qui-

1203 2235 1310 2270 busvis
1330 2235 1504 2270 infidelium
1520 2235 1692 2270 ditionibus
1705 2243 1951 2280 commorantes,

1201 2298 1255 2319 seu
1298 2286 1333 2320 ad
1371 2285 1613 2320 christianorum
1649 2286 1713 2320 loca
1749 2285 1950 2325 divertentes,

1201 2336 1339 2382 capiunt,
1362 2344 1390 2369 et
1417 2337 1445 2370 in
1468 2336 1650 2371 servitutem
1675 2335 1835 2381 redigunt.
1857 2347 1893 2370 ac
1920 2336 1951 2369 in

1200 2397 1308 2419 servos
1330 2386 1482 2423 vendunt,
1505 2397 1625 2432 eosque
1645 2385 1892 2432 depraedantur,
1914 2398 1951 2419 ex

1202 2445 1288 2482 parte
1317 2435 1373 2469 Dei
1397 2436 1638 2481 ‹nnnipotentis,
1661 2436 1844 2470 anctoritate
1869 2434 1951 2470 Petri

1200 2494 1230 2519 et
1260 2485 1348 2519 l'auli
1372 2485 1585 2532 apostolorum
1609 2494 1703 2532 atque
1726 2493 1843 2528 nostra,
1862 2496 1953 2532 prae-

1200 2543 1336 2569 sentium
1361 2547 1455 2573 serie,
1482 2547 1796 2569 exeomnninieanuis
1824 2543 1854 2568 et
1875 2546 1952 2569 ana-

1201 2585 1452 2619 theniatizamus.

1249 2640 1263 2677 g
1293 2637 1324 2668 5.
1363 2634 1433 2669 Non
1464 2634 1662 2669 obstantibus
1696 2634 1952 2681 quibuscumque

1201 2684 1374 2731 privilegiis
1398 2694 1426 2718 et
1452 2683 1672 2731 indulgentiiS,
1700 2684 1746 2719 eis
1775 2683 1819 2720 vel
1841 2696 1950 2720 eorum

1974 286 2022 313 An.
2040 286 2069 313 C.
2085 286 2152 314 ¹256

1986 1049 2098 1070 Christiani
2136 1050 2157 1070 in

1973 1081 2102 1102 christianus
2115 1087 2158 1102 ιω-

1973 1114 2038 1137 viunt.
2071 1118 2158 1134 eorum—

1972 1149 2012 1171 que
2028 1144 2084 1164 bona
2095 1144 2156 1165 -diri-

1972 1176 2038 1202 piunt.

2004 1792 2154 1814 &commuui-

1967 1831 2006 1846 CED
2012 1829 2051 1845 111Γ.

1999 2640 2116 2668 Βετοῑειίο.
