2281 3251
101 276 152 303 An.
170 273 200 302 C.
216 273 285 302 ¹5¹6

117 1427 230 1450 concubia.
247 1434 287 1455 pu-

105 1460 156 1482 blici
171 1460 204 1487 qui
219 1460 268 1481 siut.

121 1876 235 1898 Concubin.
249 1881 291 1898 uon

108 1908 250 1935 permittendi.

974 263 1036 288 LEO
1057 263 1080 286 X
1102 262 1150 285 PP.

298 326 389 367 tinet,
412 336 477 369 eos,
501 330 534 358 ut
557 321 753 370 praedictum
777 328 834 362 est,
858 320 971 367 punire
994 331 1050 354 ne—

298 375 465 423 glexerint,
493 385 600 408 eorum
624 371 813 418 superiores,
836 378 899 405 tam
917 371 946 404 in
964 370 1050 417 ipsos

299 426 338 460 (le
363 424 520 471 neglectu,
543 434 636 470 quam
661 422 690 455 in
719 420 788 455 illos
818 433 874 468 pro
897 419 1050 455 concubi-

298 482 384 515 natu,
417 473 519 508 modis
547 471 716 511 omnibus,
751 470 843 517 digna
883 470 1050 517 punitione

297 523 559 559 animadvertant.
582 522 617 557 In
645 520 787 556 conciliis
809 520 901 555 etiam
927 520 1050 567 provin-

298 573 431 609 cialibus
459 582 490 609 et
512 571 727 621 synodalibus,
745 570 894 605 adversus
908 570 984 604 tales
998 582 1051 615 pu-

298 624 366 659 nire
388 623 586 670 negligentes
614 621 660 656 vel
688 620 728 655 de
752 620 812 655 boc
834 620 966 654 crimine
988 618 1050 653 dis-

298 673 441 714 samatos,
469 673 561 707 etiam
593 684 649 719 per
675 670 916 717 suspensionem
941 681 956 703 a
983 669 1050 703 col-

299 723 415 758 latione
443 722 671 758 beneficiorum
708 721 754 755 vel
796 721 852 755 alia
895 718 1049 764 condigna

300 785 412 822 poena,
425 773 577 808 severiter
601 770 800 818 procedatur-3
823 777 852 804 et
874 770 900 803 si
925 770 955 809 ii,
971 780 1051 815 quo-

299 836 370 858 rum
393 822 556 858 destitutio
578 821 616 856 ad
640 833 697 855 nos
728 828 758 855 et
786 819 901 854 Sedem
925 817 1051 865 praedi-

301 881 382 909 ctam
406 882 538 920 spectat,
561 884 616 919 per
638 871 768 906 concilia
785 869 987 917 provincialia
998 875 1051 901 aut

301 936 376 959 suos
411 923 615 970 superiores,
650 929 777 968 propter
803 918 1050 954 concubinatum

302 973 482 1021 publicum,
510 971 704 1018 reperiantur
735 969 907 1017 privatione
940 967 1051 1014 digni,

300 1023 403 1059 statim
431 1035 503 1058 cum
528 1033 676 1069 processu
702 1018 913 1066 inquisitionis
940 1017 976 1051 ad
997 1029 1051 1050 nos

301 1073 493 1109 deferantur:
514 1071 623 1106 eadem
651 1069 810 1116 diligentia
833 1077 863 1103 et
890 1066 1051 1114 inquisitio

301 1123 332 1158 in
364 1122 618 1170 quibuscumque
644 1119 842 1167 generalibus
879 1117 1025 1163 capitulis
1044 1143 1052 1156 ‚

301 1173 393 1208 etiam
424 1170 682 1220 provincialibus,
704 1168 806 1216 quoad
821 1180 875 1202 eos
898 1174 1051 1209 servetur,

304 1223 413 1270 poenis
435 1222 505 1257 aliis
527 1229 634 1256 contra
651 1218 826 1266 praedictos
845 1225 874 1252 et
896 1216 974 1251 alios
989 1227 1050 1250 non

301 1272 445 1320 publicos
472 1269 714 1306 concubinarios
740 1280 756 1302 a
784 1268 850 1302 iure
873 1266 998 1301 statutis
1021 1265 1051 1299 in

301 1334 358 1357 suo
382 1321 494 1356 robore
519 1318 744 1367 permansuris.

349 1375 364 1415 g
387 1373 444 1405 22.
473 1369 599 1406 Publici
627 1376 731 1403 autem
758 1364 955 1412 intelligendi
980 1373 1053 1399 sunt

300 1433 363 1456 non
387 1421 490 1456 solum
518 1420 553 1464 ii,
576 1431 711 1467 quorum
740 1416 970 1453 concubinatus
999 1427 1053 1461 per

300 1471 488 1507 sententiam
524 1477 576 1505 aut
604 1468 835 1504 confessionem
860 1466 890 1500 in
915 1465 982 1499 iure
1006 1464 1053 1499 fa-

301 1529 383 1556 ctam
405 1533 461 1556 sen
485 1532 540 1567 per
568 1519 611 1554 rei
640 1518 842 1561 evidentiam,
865 1527 945 1562 quae
968 1514 1053 1549 nulla

303 1571 400 1617 possit
420 1569 674 1617 tergiversatione
697 1567 808 1612 celari,
830 1565 972 1600 notorius
995 1571 1053 1603 est,

303 1621 357 1655 sed
381 1621 473 1655 ctiam
497 1620 548 1667 qui
572 1618 740 1653 mulierem
763 1617 801 1652 de
825 1614 1054 1650 incontinentia

304 1679 482 1718 suspectam
515 1678 546 1705 et
579 1668 768 1703 diffamatam
802 1673 920 1705 tenent,
943 1672 1055 1710 et,per

304 1733 396 1756 suum
432 1721 630 1768 superiorem
666 1717 836 1758 admoniti,
859 1717 959 1764 ipsam
982 1726 1053 1749 cum

305 1770 416 1805 effectu
437 1783 499 1805 non
523 1770 696 1804 dimittunt.

355 1821 375 1868 S
398 1824 456 1856 ⁶25.
480 1821 563 1863 Quia
591 1831 664 1853 vero
687 1818 716 1852 in
740 1816 930 1865 quibusdam
952 1815 1056 1862 regio-

306 1871 399 1907 nibus
422 1870 565 1906 nonnulli
594 1868 842 1903 iurisdictionem
866 1866 1056 1901 ecclesiasti-

306 1935 373 1958 cam
399 1921 551 1956 habentes
573 1919 772 1967 peeuniarios
790 1925 938 1964 quaestus
954 1929 970 1950 a
986 1928 1058 1950 con-

306 1971 477 2008 cubinariis
500 1971 663 2018 percipere
691 1981 752 2002 non
776 1967 980 2010 erubescunt,
1009 1978 1057 2012 pa-

307 2023 421 2057 tientes
443 2033 496 2055 eos
513 2021 542 2054 in
558 2020 606 2055 tali
626 2019 770 2053 foeditate
787 2018 983 2059 sordescere,
1000 2016 1058 2050 sub

308 2084 408 2120 poena
429 2069 661 2106 maledictionis
675 2076 818 2103 aeternae
844 2067 1059 2114 praecipimus

308 2139 347 2161 ne
369 2126 531 2172 deinceps,
558 2124 616 2159 sub
633 2131 733 2170 pacto,
756 2122 985 2169 compositione
1008 2128 1060 2154 aut

308 2193 365 2229 spe
387 2180 517 2215 alterius
547 2187 709 2226 quaestus,
745 2177 815 2211 talia
851 2174 1059 2223 quovismodo

309 2235 442 2270 tolerent
463 2242 515 2268 aut
537 2232 750 2273 dissimulent,
787 2230 944 2278 alioquin,
979 2228 1060 2263 ultra

309 2290 513 2338 praemissam
537 2287 746 2334 negligentiae
766 2297 912 2332 poenam,
927 2283 1059 2330 duplum

310 2345 388 2389 eius,
405 2344 489 2392 quod
513 2350 677 2391 propterea
692 2341 881 2388 acceperint,
898 2339 1061 2374 restituere

311 2408 342 2436 et
376 2400 414 2435 ad
452 2399 521 2447 pios
552 2410 628 2431 usus
655 2396 785 2431 omnino
808 2402 988 2430 convertere
1016 2402 1063 2429 te-

312 2462 445 2490 neantur
461 2461 491 2488 et
506 2451 746 2499 compellantur.
762 2450 850 2497 Ipsas
864 2457 969 2483 autem
985 2460 1062 2483 con-

312 2509 442 2545 cubinas
463 2516 517 2542 aut
538 2513 719 2553 suspectas,
747 2504 874 2552 praelati
915 2502 1063 2538 omnibus

313 2563 416 2599 modis
457 2569 567 2597 curent
589 2573 606 2596 a
628 2561 694 2595 suis
721 2559 872 2603 subditiS,
895 2569 950 2605 per
972 2557 1063 2592 auxi-

314 2617 393 2652 lium
428 2624 458 2652 et
492 2616 610 2650 bracliii
641 2614 810 2650 saecularis
833 2613 1062 2648 invocationem

316 2671 350 2716 (si
373 2683 453 2718 opus
475 2670 588 2714 fuerit),
606 2669 730 2716 penitus
750 2679 867 2709 arcere3
890 2667 945 2714 qui
971 2667 1062 2702 etiam

395 2728 468 2759 Bull.
485 2727 562 2759 Rom.
590 2727 642 2758 Vol.
664 2726 693 2756 V.
911 2724 948 2755 85
967 2742 971 2748 ι

1721 249 1791 281 675

1093 318 1174 353 filios
1189 328 1224 353 ex
1250 317 1301 351 tali
1321 315 1534 352 concubinatu
1550 321 1732 363 procreatos
1758 312 1843 360 apud

1094 377 1195 414 patres
1231 379 1305 401 suos
1336 366 1515 401 cohabitare
1551 377 1612 400 non
1651 363 1843 411 permittant.

1092 418 1242 452 Iubemus
1277 417 1407 463 insuper
1433 415 1516 462 quod
1542 415 1572 448 in
1597 413 1766 462 praedictis
1791 424 1846 460 sy-

1093 468 1184 502 nodis
1207 475 1236 501 et
1263 467 1408 513 capitulis
1431 464 1601 512 praemissa
1631 462 1844 511 publicentur,

1092 526 1122 551 et
1145 525 1177 552 ut
1200 516 1331 564 quilibet
1354 528 1428 550 suos
1456 514 1600 549 subditos
1635 513 1671 548 ad
1706 513 1844 559 ipsarum

1092 567 1340 602 concubinarum
1365 564 1588 599 dimissionem
1623 571 1749 597 moneat
1771 561 1846 596 dili-

1093 625 1212 663 genter.
1230 616 1428 662 lniungimus
1444 623 1602 662 praeterea
1616 612 1766 648 omnibus
1782 624 1846 647 sae-

1093 666 1254 701 cularibus
1277 666 1362 709 viris,
1395 666 1488 700 etiam
1524 664 1549 698 si
1579 663 1674 710 regali
1704 661 1844 710 praesul—

1092 725 1185 763 geant
1216 716 1389 761 dignitate,
1418 727 1456 748 ne
1486 713 1583 748 ullum
1612 712 1846 760 qualecumque

1094 766 1226 800 inferant
1247 766 1525 812 impedimentum,
1538 775 1739 810 quocumque
1754 774 1845 809 quae-

1093 816 1152 850 sito
1175 816 1290 854 colore,
1328 815 1492 861 praelatis,
1516 814 1582 860 qui,
1607 813 1724 847 ratione
1752 811 1846 846 officii

1093 866 1316 909 sui,adversus
1338 864 1483 898 subditos
1501 875 1575 897 suos
1595 875 1650 910 pro
1664 861 1847 896 huiusmodi

1094 915 1307 950 concubinatu
1343 922 1373 948 et
1404 914 1472 947 aliis
1506 912 1632 947 casibus
1654 913 1712 946 sibi
1735 924 1751 946 a
1781 912 1847 946 iure

1095 965 1256 1012 permissis
1280 963 1467 1012 procedunt.
1492 962 1530 997 Et
1553 975 1625 996 cum
1657 974 1752 997 omne
1779 961 1847 996 for-

1094 1014 1260 1049 nicationis
1288 1014 1407 1048 crimen
1431 1013 1500 1058 lege
1521 1012 1625 1046 divina
1650 1011 1847 1059 prohibitum

1094 1065 1145 1105 sit,
1168 1073 1199 1099 et
1221 1063 1280 1097 sub
1304 1075 1402 1110 poena
1426 1062 1544 1110 peccati
1568 1061 1711 1096 mortalis
1734 1073 1848 1096 neces-

1094 1115 1173 1149 sarie
1201 1113 1400 1157 evitandum,
1417 1124 1585 1146 monemus
1608 1123 1718 1146 omnes
1736 1111 1847 1155 laicos,

1094 1172 1156 1198 tam
1186 1172 1332 1198 uxoratos
1354 1174 1448 1210 quam
1477 1161 1621 1205 solutos,
1645 1169 1676 1194 ut
1705 1160 1849 1195 similiter

1094 1227 1110 1248 a
1137 1213 1348 1248 concubinatu
1363 1212 1558 1252 abstineant,
1579 1210 1674 1244 nimis
1696 1210 1782 1244 enim
1798 1222 1851 1245 re-

1096 1263 1319 1311 prehensibilis
1340 1270 1388 1297 est
1407 1262 1460 1309 qui
1485 1272 1615 1295 uxorem
1636 1259 1742 1301 habet,
1764 1267 1795 1294 et
1810 1259 1849 1294 ad

1095 1313 1185 1348 aliam
1211 1325 1340 1348 uxorem
1368 1324 1423 1347 seu
1449 1310 1616 1346 mulierem
1636 1309 1772 1350 aceedit;
1795 1309 1848 1357 qui

1096 1376 1168 1399 vero
1196 1364 1322 1398 solutus
1345 1371 1402 1403 est,
1425 1362 1450 1396 si
1472 1360 1635 1396 continere
1659 1359 1748 1400 nolit,
1765 1359 1848 1394 iuxta

1096 1414 1238 1462 Apostoli
1267 1413 1448 1455 consilium,
1482 1422 1611 1445 uxorem
1647 1409 1759 1448 ducat:
1794 1421 1851 1457 pro

1097 1463 1277 1499 huiusmodi
1301 1471 1405 1497 autem
1429 1461 1524 1496 divini
1547 1460 1743 1495 observantia
1765 1471 1851 1505 prae-

1096 1515 1190 1562 cepti,
1218 1514 1262 1554 hi,
1290 1513 1328 1547 ad
1351 1524 1432 1559 quos
1455 1510 1609 1559 pertinet,
1644 1517 1706 1543 tam
1729 1510 1848 1544 saluta-

1098 1565 1184 1600 ribus
1208 1563 1335 1598 monitis
1362 1574 1456 1609 quam
1481 1561 1550 1595 aliis
1572 1559 1733 1595 canonicis
1750 1571 1851 1594 reme-

1096 1615 1157 1650 diis
1185 1614 1269 1649 omni
1298 1612 1401 1647 studio
1425 1611 1576 1645 laborent.

1145 1669 1160 1708 g
1200 1667 1258 1698 24.
1298 1663 1475 1698 Statuimus
1510 1661 1665 1708 insuper,
1703 1659 1741 1694 ad
1777 1659 1849 1694 evi-

1099 1714 1227 1749 tandum
1254 1713 1401 1749 scandala
1428 1720 1457 1746 et
1476 1711 1573 1745 multa
1597 1710 1749 1757 pericula,
1770 1709 1849 1744 sub-

1099 1764 1354 1811 veniendumque
1368 1761 1568 1797 conscientiis
1583 1760 1748 1803 timoratis,
1764 1759 1848 1806 quod

1099 1828 1192 1850 nemo
1206 1814 1355 1860 deinceps
1374 1824 1390 1847 a
1409 1811 1696 1847 con'imunicatione
1715 1810 1849 1844 alicuius

1100 1866 1128 1899 in
1152 1872 1420 1900 sacramentorum
1441 1861 1711 1896 administratione
1736 1861 1781 1895 vel
1800 1872 1849 1894 re-

1099 1916 1243 1962 ceptione
1270 1923 1324 1949 aut
1347 1913 1415 1948 aliis
1443 1912 1700 1960 quibuscumque
1722 1910 1849 1955 divinis,

1100 1967 1146 1999 vel
1169 1966 1260 2000 etiam
1284 1971 1444 2011 praetextu
1467 1962 1696 2008 cuiuscumque
1716 1969 1850 1995 senten-

1101 2016 1160 2051 tiae
1182 2024 1233 2050 aut
1263 2026 1413 2049 censurae
1438 2012 1678 2051 ecclesiasticae,
1702 2023 1756 2045 seu
1779 2023 1851 2045 sus-

1103 2066 1263 2112 pensionis
1282 2073 1335 2099 aut
1360 2062 1583 2111 prohibitionis
1602 2061 1641 2096 ab
1661 2061 1788 2095 bomine
1804 2059 1851 2095 vel

1101 2133 1116 2155 a
1141 2121 1208 2154 iure
1230 2119 1368 2166 generali
1391 2116 1619 2165 promulgatae,
1641 2123 1783 2150 teneatur
1796 2114 1852 2149 ab·

1102 2176 1230 2215 stinere,
1248 2175 1292 2209 vel
1306 2174 1441 2221 aliquem
1458 2172 1565 2211 vitare,
1587 2170 1633 2204 vel
1651 2169 1850 2204 interdictum

1103 2229 1350 2265 ecclesiasticum
1374 2227 1557 2266 observare,
1585 2224 1644 2258 nisi
1673 2224 1851 2265 sententia,

1105 2284 1285 2333 prohibitio,
1310 2282 1476 2329 suspensio
1505 2279 1552 2314 vel
1579 2291 1711 2314 censura
1735 2279 1854 2313 liuius-

1106 2340 1189 2374 modi
1217 2339 1309 2373 fuerit
1332 2337 1378 2372 vel
1409 2343 1518 2371 contra
1553 2346 1733 2382 personam,
1756 2334 1854 2369 colle-

1104 2396 1203 2442 gium,
1222 2393 1469 2432 universitatem,
1493 2389 1660 2425 ecclesiam
1680 2396 1733 2423 aut
1749 2388 1853 2423 locum

1105 2458 1225 2485 certum
1253 2457 1306 2483 aut
1327 2455 1443 2482 certam
1471 2457 1487 2479 a
1510 2444 1613 2479 iudice
1643 2443 1799 2491 publicata
1826 2450 1856 2477 et

1107 2504 1296 2539 denunciata
1319 2500 1496 2549 specialiter
1518 2506 1548 2533 et
1570 2509 1730 2545 expresse;
1752 2505 1806 2531 aut
1827 2497 1853 2531 si

1108 2559 1228 2595 notorie
1252 2559 1281 2592 in
1309 2553 1644 2591 excommunicationis
1666 2551 1853 2587 sententiam

1107 2613 1281 2650 constiterit
1321 2610 1492 2650 incidisse,
1525 2620 1606 2656 quae
1642 2606 1727 2642 nulla
1756 2606 1855 2653 possit

1108 2667 1362 2717 tergiversatione
1383 2664 1476 2701 celari
1498 2672 1550 2700 aut
1571 2662 1675 2710 aliquo
1696 2660 1773 2697 iuris
1787 2660 1856 2696 sus-

1859 254 1911 283 ΑΒ.
1928 255 1959 282 C.
1974 254 2020 282 {5¹

1876 1670 1905 1691 De
1930 1672 2045 1690 conver-n-

1864 1702 1921 1722 tione
1942 1705 1987 1721 cum
2008 1704 2047 1719 ex·-

1864 1731 2029 1756 communicatu,
