2281 3251
108 276 157 303 An.
174 274 202 303 C.
222 275 289 304 ¹5¹5

115 935 239 956 eoutntrth.
250 936 284 956 dat

101 966 219 988 facultatem
243 968 285 988 eli-

102 999 165 1025 genet
177 997 286 1019 consenso-

102 1034 153 1055 rem,
161 1030 195 1057 qui
205 1035 243 1051 eos
252 1030 285 1051 tb-

103 1061 181 1086 ιοινιις

983 278 1045 302 LEO
1066 277 1089 301 X
1112 278 1161 302 PP.

304 340 335 369 et
355 331 603 368 consiliariorum
623 330 807 366 huiusmodi
828 344 883 379 pro
907 341 1048 380 tempore

305 382 503 418 existentium
540 394 696 416 consensu
714 410 722 426 ,
760 391 977 430 praeterquam
1018 384 1047 417 in

304 433 412 467 mortis
425 431 555 466 articulo
569 431 868 471 constituti,al›solvi
879 442 1048 480 nequeant,

303 491 331 517 et
352 481 391 516 ab
419 481 520 516 officio
542 494 578 516 ac
601 482 751 516 exercitio
775 483 948 517 notariatus
977 495 1049 517 sus-

302 532 462 578 pensionis
485 543 617 578 poenam
641 532 800 567 incurrant
823 544 859 567 eo
880 533 947 579 ipso
966 545 974 574 3
994 533 1047 579 qui

300 582 339 623 si,
361 582 571 628 suspensione
594 581 776 616 huiusmodi
792 582 936 623 durante,
951 582 979 616 in
998 582 1048 616 di-

300 638 349 666 cto
364 632 512 667 exercitio
529 631 769 678 quomodolibet
792 644 826 666 se
850 632 1048 677 ingesserint,

301 679 410 715 falsum
428 682 635 716 committant:
653 690 740 716 actus
756 689 871 721 tamen,
884 681 1048 729 dequibus

302 730 382 765 inter
416 732 658 779 suspensionem
693 731 836 766 eamdem
868 731 1049 777 ignorantes

301 780 519 826 rogabuntur,
555 781 779 816 detrimentum
814 780 940 828 aliquod
969 793 1048 829 pro-

300 838 403 877 pterea
432 843 493 865 non
516 831 724 865 substineant.

349 879 369 927 g
400 882 456 914 14.
491 880 662 927 Liceatqne
694 879 828 927 singulis
849 879 922 914 dicti
945 880 1048 914 archi-

300 929 463 976 liospitalis
485 930 705 970 confratribus,
724 929 940 977 praesentibus
954 937 983 963 et
998 929 1047 963 su-

300 981 391 1023 turis,
404 980 537 1026 aliquem
557 979 773 1028 presbyterum
790 980 981 1014 saecularem
1001 979 1046 1013 vel

300 1028 438 1064 cuiusvis
465 1028 595 1063 Ordinis
622 1029 796 1075 regularem
821 1028 850 1063 in
874 1041 966 1062 sunm
990 1028 1048 1063 eli-

299 1090 372 1124 gere
394 1079 619 1123 conl'essorem,
633 1080 700 1126 qui,
715 1079 774 1113 vita
791 1078 837 1113 eis
858 1078 982 1118 comite,
999 1090 1049 1112 eo-

300 1141 370 1162 rum
394 1128 648 1163 confessionibus
670 1128 838 1174 diligenter
859 1127 987 1168 auditis,
1009 1127 1048 1162 ab

299 1178 449 1212 omnibus
471 1187 500 1212 et
527 1178 661 1224 singulis
682 1190 791 1212 eorum
822 1177 973 1224 peccatis,
992 1189 1048 1211 ex-

299 1228 452 1268 cessibus,
470 1227 657 1262 criminibus
672 1235 703 1262 et
720 1227 855 1271 delictis,
877 1236 1047 1274 quantum-

298 1289 436 1324 cumque
458 1277 607 1322 gravibus
628 1285 657 1310 et
685 1276 881 1320 enormibus,
909 1277 1003 1310 etiam
1020 1277 1046 1311 si

299 1325 369 1360 talia
392 1326 519 1370 suerint,
543 1334 669 1373 propter
691 1339 770 1373 quae
794 1326 892 1361 Sedes
914 1325 1049 1372 Aposto-

299 1375 355 1410 lica
379 1376 418 1410 sit
440 1376 551 1410 merito
578 1375 784 1417 consulenda,
807 1376 1048 1423 videlicetApo-

298 1424 426 1460 stolicae
452 1424 526 1460 Sedi
551 1426 715 1460 reservatis
737 1426 885 1469 (offensae
900 1426 1047 1460 ecclesia-

299 1474 394 1509 sticae
428 1474 590 1519 libertatis,
618 1475 786 1509 eriminum
815 1475 968 1515 haeresis,
997 1488 1046 1510 re-

300 1523 446 1559 bellionis
472 1533 526 1559 aut
558 1524 801 1571 conspirationis
824 1526 854 1560 in
878 1537 1045 1572 personam

301 1573 346 1608 vel
369 1582 485 1608 statum
515 1572 650 1608 Romani
684 1574 847 1609 Pontificis
875 1587 932 1609 seu
954 1574 1047 1609 Sedis

300 1624 488 1669 praedictae,
508 1623 649 1658 salsitatis
676 1623 856 1668 literarum,
883 1624 1047 1671 supplica-

300 1673 418 1708 tionum
446 1682 477 1708 et
503 1673 763 1708 commissionum
791 1675 1047 1720 apostolicarum,

299 1723 482 1765 invasionis,
504 1723 758 1770 depraedationis
785 1724 835 1758 vel
863 1724 1047 1771 occupatio-

299 1773 349 1807 nis
375 1781 427 1807 aut
449 1772 673 1808 devastationis
701 1782 854 1808 terrarum
884 1782 915 1808 et
950 1775 1046 1809 maris

297 1822 399 1857 eidem
430 1822 591 1857 Romanae
629 1822 790 1857 Ecclesiae
828 1824 961 1858 mediate
998 1824 1046 1859 vel

299 1872 480 1907 immediate
508 1873 735 1913 subiectorum,
764 1872 900 1908 offensae
938 1886 1048 1919 perso-

298 1921 377 1956 nalis
404 1922 433 1956 in
453 1922 637 1969 episcopum
667 1923 711 1957 vel
735 1923 830 1957 alium
860 1923 1045 1969 praelatum,

299 1971 522 2015 prohibitionis
553 1971 764 2007 devolutionis
803 1985 969 2007 causarum
1008 1973 1046 2008 ad

297 2019 473 2057 Romanam
497 2021 639 2065 Curiam,
662 2021 831 2056 delationis
845 2035 1001 2057 armorum
1018 2031 1048 2057 et

298 2070 432 2106 aliorum
469 2071 698 2119 prohibitorum
733 2071 772 2106 ad
807 2081 909 2119 partes
933 2072 1047 2107 infide-

298 2124 389 2168 lium,
411 2125 574 2160 dumtaxat
600 2126 759 2172 exceptis),
787 2126 884 2161 semel
913 2127 944 2161 in
975 2128 1046 2169 vita;

299 2179 328 2214 in
351 2179 421 2214 aliis
447 2192 519 2214 vero
543 2179 686 2220 casibus,
722 2181 846 2226 quoties
874 2181 965 2216 fuerit
988 2194 1047 2228 op-

299 2242 481 2281 portunum,
497 2246 551 2281 pro
575 2234 754 2268 commissis
776 2234 912 2269 debitam
929 2236 974 2270 eis
989 2236 1048 2270 ab-

299 2288 488 2323 solutionem
513 2288 683 2335 impendat,
710 2297 740 2323 et
763 2289 905 2336 iniungat
934 2290 1047 2337 poeni-

299 2343 428 2378 tentiam
444 2343 623 2378 salutarem.
644 2342 775 2378 Necnon
787 2352 856 2378 vota
872 2356 1048 2391 quaecum-

300 2408 360 2445 que
383 2399 620 2443 (ultramarino,
653 2399 796 2434 liminum
821 2399 1045 2445 Apostolorum

300 2451 384 2488 Petri
406 2461 436 2488 et
458 2453 547 2489 Pauli
571 2453 609 2488 de
632 2451 716 2488 Urbe
733 2466 767 2488 ac
783 2453 926 2488 eiusdem
941 2453 976 2489 S.
993 2454 1048 2489 Ia-

301 2506 368 2542 cubi
398 2509 427 2542 in
450 2508 664 2556 Compostella
692 2516 722 2544 et
744 2508 777 2542 S.
801 2507 916 2544 Mariae
931 2509 969 2543 de
984 2508 1049 2545 Lo—

302 2570 379 2606 reto,
400 2561 640 2610 Religionisqne
651 2571 681 2597 et
695 2562 844 2598 castitatis
859 2563 938 2598 votis
953 2562 1048 2598 dum-

303 2624 383 2650 taxat
404 2617 556 2664 exceptis)
580 2617 610 2651 in
633 2616 690 2652 alia
714 2617 840 2664 pietatis
854 2629 948 2665 opera
964 2629 1048 2653 com-

302 2679 434 2713 mutare;
458 2671 606 2720 idemque
630 2671 674 2708 vel
698 2672 779 2707 alius
799 2671 960 2708 confessor
978 2684 1048 2708 om-

1717 271 1789 304 645

1092 334 1178 368 nium
1203 341 1421 381 peccatorum,
1444 334 1482 369 ‹le
1502 334 1617 382 quibus
1639 335 1733 370 corde
1763 349 1841 371 con-

1092 385 1152 418 triti
1174 393 1267 432 atque
1291 396 1344 420 ore
1367 385 1501 419 confessi
1531 384 1664 425 fuerint,
1687 386 1784 420 semel
1809 387 1839 421 in

1092 434 1163 473 vita,
1195 443 1225 469 et
1258 435 1287 468 in
1316 435 1427 469 mortis
1457 435 1587 470 articulo
1622 436 1772 482 quotiens
1796 436 1839 470 illi

1091 484 1265 519 occurrisse
1288 484 1456 525 videbitur,
1483 485 1576 519 etiam
1606 486 1632 519 si
1661 498 1745 520 mors
1768 494 1841 520 tnnc

1093 546 1153 567 non
1181 543 1340 581 sequatur.

1139 583 1159 630 g
1188 586 1243 618 15.
1277 584 1340 618 Illis
1376 592 1480 618 autem
1504 596 1541 619 ex
1568 583 1710 619 eiusdem
1734 584 1840 619 arclii-
1871 591 2037 627 tndutrenssm·

1092 632 1254 679 liospitalis
1285 632 1496 668 eonlratribus
1520 646 1574 680 pro
1598 642 1741 680 tempore
1773 634 1839 669 exi·
1853 624 2038 679 gssfftfffi'dfffenss

1090 682 1257 727 stentibus,
1283 684 1336 730 qui
1360 682 1443 718 dicto
1470 682 1704 730 archiliospitali
1729 683 1836 719 decem
1853 686 2038 739 gg‘gffiffiffdfffij

1091 732 1219 767 ducatos
1233 735 1311 772 auri,
1324 733 1369 766 vel
1385 745 1493 767 eorum
1505 733 1653 773 valorem,
1664 733 1693 767 in
1705 734 1839 781 pecunia
1853 744 1930 769 verim,

1091 780 1138 815 vel
1175 781 1241 816 aliis
1268 782 1374 822 rebus,
1408 790 1533 829 propter
1573 783 1631 817 lioc
1663 783 1840 830 specialiter

1091 830 1290 873 donaverint,
1323 832 1421 866 semel
1448 832 1580 877 singulis
1608 833 1698 866 annis
1732 833 1841 880 plena-

1091 880 1168 914 rIam
1197 882 1431 925 remissionem,
1456 882 1529 927 ipsis
1553 882 1581 915 in
1605 882 1784 917 sinceritate
1804 883 1841 917 [i-

1091 930 1152 970 dei,
1177 931 1293 966 unitate
1321 931 1422 965 dictae
1445 930 1607 966 Romanae
1629 931 1790 966 Ecclesiae
1805 944 1841 967 ac

1090 979 1272 1015 obedientia
1299 989 1329 1015 et
1356 981 1529 1015 reverentia
1564 989 1668 1015 nostra
1701 990 1731 1016 et
1766 994 1841 1017 suc-

1091 1041 1252 1064 cessorum
1277 1039 1454 1064 nostrorum
1480 1030 1695 1065 Romanorum
1724 1031 1841 1067 Ponti-

1091 1078 1184 1113 ficum
1204 1081 1356 1114 canonice
1381 1080 1564 1114 intrantium
1589 1080 1840 1127 persistentibus,

1090 1129 1199 1163 eadem
1240 1130 1411 1176 apostolica
1444 1130 1629 1164 auctoritate
1668 1131 1842 1166 concedere

1094 1186 1201 1225 possu.

1138 1227 1158 1274 S
1187 1230 1242 1262 46.
1271 1228 1310 1262 Et
1337 1228 1419 1275 qnod
1445 1228 1538 1263 iidem
1563 1229 1747 1274 confratres,
1775 1231 1840 1277 qui,

1090 1277 1416 1324 quadragesimalibus
1431 1287 1461 1313 et
1479 1279 1548 1313 aliis
1562 1280 1657 1314 totius
1672 1281 1743 1314 anni
1762 1288 1839 1313 tem-

1092 1327 1233 1373 poribus,
1255 1328 1373 1374 qnibus
1400 1328 1568 1363 nonnullae
1592 1330 1622 1363 in
1646 1329 1726 1365 dicta
1754 1329 1840 1365 Urbe

1090 1385 1120 1411 et
1143 1386 1227 1411 extra
1252 1378 1336 1412 illius
1358 1391 1466 1413 muros
1488 1379 1697 1414 consistentes
1731 1379 1840 1414 eccle-

1089 1427 1164 1471 sias,
1181 1440 1234 1473 pro
1257 1428 1445 1462 stationibus
1468 1429 1710 1475 consequendis,
1725 1430 1839 1464 visitari

1089 1477 1203 1516 solent,
1232 1477 1399 1512 ecclesiam
1423 1477 1497 1512 dicti
1522 1478 1842 1525 arehihospitalisde-

1091 1534 1159 1560 vote
1183 1526 1386 1566 visitaverint,
1408 1536 1438 1561 et
1454 1539 1567 1561 manus
1590 1528 1618 1562 in
1643 1529 1716 1562 dicti
1741 1528 1841 1563 arehi-

1091 1575 1255 1622 liospitalis
1277 1577 1469 1621 subsidium,
1484 1578 1686 1624 quantumvis
1705 1579 1839 1620 modice.

1091 1627 1285 1671 porrexerint
1311 1626 1493 1667 adiutrices‚
1520 1627 1645 1662 easdem
1670 1628 1837 1674 indulgen-

1091 1676 1148 1709 tias
1183 1684 1213 1710 et
1249 1685 1448 1723 peccatorum
1485 1677 1685 1712 remissiones
1720 1691 1840 1713 conse-

1090 1734 1227 1772 quantur
1243 1753 1252 1770 ,
1288 1738 1366 1774 quas
1398 1737 1671 1774 consequerentur
1692 1728 1717 1762 si
1741 1728 1839 1764 dietas

1090 1776 1288 1811 stationarias
1322 1776 1472 1811 ecclesias
1502 1776 1708 1822 personaliter
1730 1778 1840 1814 visita·

1090 1834 1170 1869 rent,
1192 1826 1377 1860 auctoritate
1390 1827 1561 1874 apostolica
1578 1837 1607 1861 et
1627 1836 1733 1863 tenore
1747 1841 1839 1876 prae-

1091 1875 1207 1919 missis,
1234 1877 1401 1911 statuimus
1427 1885 1457 1911 et
1479 1876 1675 1911 ordinamus.

1138 1925 1157 1972 g
1181 1928 1236 1959 17.
1265 1925 1442 1970 Praeterea,
1478 1935 1510 1960 nt
1529 1927 1771 1973 arcltiliospitale
1808 1936 1838 1963 et
1867 1935 1976 1974 Indulgen.
1994 1941 2038 1958 m-

1091 1973 1175 2008 illius
1201 1974 1334 2010 eeclesia
1367 1977 1516 2022 congruis
1543 1975 1759 2023 frequentetur
1781 1977 1839 2012 lio·
1854 1971 1880 1988 ²³⁵
1899 1969 1971 1990 ²¹¹²b²²⁵
1987 1969 2038 1990 '¹⁰¹‘

1869 2000 1917 2021 itate
1936 2001 2036 2021 visitanti*

1091 2024 1232 2068 rioribus,
1249 2034 1279 2059 et
1307 2025 1422 2060 inlirmi
1452 2026 1482 2060 in
1506 2026 1615 2060 eodem
1641 2026 1838 2073 areliihospi-
1853 2007 1891 2052 ΕΜ
1910 2031 2040 2053 ⁸¹²¹⁰⁰¹⁰0‘

1853 2068 1916 2083 sruas
1935 2063 2038 2083 submini-

1091 2073 1141 2107 tali
1167 2087 1221 2121 pro
1245 2083 1383 2122 tempore
1406 2075 1535 2122 recepti,
1554 2075 1744 2110 charitativis
1760 2077 1839 2112 lide-
1854 2085 1976 2115 sinuati„

1090 2127 1167 2162 lium
1196 2128 1372 2164 visitatione
1395 2138 1424 2163 et
1446 2129 1663 2164 consolatione
1693 2143 1839 2166 recreen-

1090 2189 1152 2224 tur;
1175 2182 1347 2230 fidelesque
1370 2183 1428 2230 ipsi
1447 2183 1560 2218 adhoc
1582 2196 1618 2218 eo
1641 2183 1790 2220 libentius
1805 2198 1839 2221 se

1090 2236 1262 2283 conferant,
1295 2247 1325 2273 et
1352 2250 1424 2284 erga
1452 2238 1571 2272 dictum
1594 2238 1839 2286 areliihospitale

1090 2299 1119 2325 et
1149 2291 1233 2327 illius
1261 2304 1416 2340 pauperes
1453 2292 1595 2328 infirmos
1623 2292 1740 2339 largius
1763 2306 1839 2329 suae

1090 2345 1282 2382 liberalitatis
1304 2348 1384 2382 dona
1408 2346 1602 2387 diffundant,
1624 2360 1687 2395 quo
1721 2349 1839 2384 exinde

1092 2413 1146 2446 pro
1169 2402 1393 2449 temporalibus
1417 2401 1518 2443 bonis,
1533 2414 1613 2449 quae
1628 2403 1838 2449 erogaverint,

1090 2464 1234 2491 aeternae
1258 2457 1338 2491 vitae
1366 2456 1504 2503 praemia
1533 2469 1567 2491 se
1599 2457 1743 2491 noverint
1769 2458 1839 2492 adi-

1091 2510 1185 2557 pisci,
1222 2510 1261 2545 de
1284 2511 1513 2557 omnipotentis
1534 2509 1592 2545 Dei
1621 2511 1836 2546 misericordia

1090 2577 1124 2598 ac
1147 2564 1330 2600 eorumdem
1354 2564 1439 2599 Petri
1459 2573 1490 2599 et
1507 2564 1599 2600 Pauli
1620 2565 1836 2611 apostolorum

1090 2618 1157 2654 eius
1183 2620 1365 2654 auctoritate
1393 2620 1516 2660 confisi,
1544 2620 1691 2654 omnibus
1713 2628 1743 2654 et
1764 2620 1838 2654 sin-

1089 2672 1171 2719 gulis
1200 2673 1365 2720 utriusque
1383 2685 1477 2709 sexus
1498 2672 1770 2719 christifidelibus,
1782 2674 1838 2722 qui

1854 282 1903 308 An.
1922 281 1950 308 C.
1970 281 2036 308 1:5¹5

1869 1237 1892 1259 Et
1909 1237 2040 1260 atiastndut-

1856 1270 1937 1296 genitas
1960 1269 1993 1290 hle
2015 1276 2040 1292 n·

1855 1301 1979 1325 nunciatam
