2281 3251
255 269 305 298 An.
321 270 351 298 C.
370 269 440 298 ΗιῚΟ

269 377 350 398 Poenu-
363 382 438 399 contu

254 410 409 429 ιηπδρήινηιοι,

269 825 308 851 Qui
325 830 385 845 fem
402 825 441 844 hu-

256 856 345 876 iti-modi
359 856 383 875 ab
395 855 441 875 ains

257 887 347 907 sonim-t.
359 890 440 910 tenent,

258 925 290 938 rui
305 919 395 938 debeant
405 923 441 937 re-

258 955 348 973 signare.

292 1326 409 1347 Cinnanae.

504 261 574 294 200

502 328 568 373 52.
583 325 617 361 Si
637 326 707 374 quis
727 333 832 360 autem
849 333 956 360 contra
980 323 1197 358 inhibitionem

454 385 590 411 nostram
618 375 798 411 huiusmodi
826 383 942 409 temere.
970 374 1073 408 venire
1110 385 1194 420 prae-

453 426 634 474 sumpserit.
656 426 842 461 seutentiam
866 423 1200 459 excommunicationis

454 476 613 515 incurrat:
636 484 666 510 et
688 476 713 509 si
745 476 877 510 clericus
911 474 1012 517 suerit,
1039 473 1199 507 omnibus.

453 537 533 574 quae
558 525 740 567 obtinuerit,
769 524 928 559 beneficiis
955 531 984 557 et
1010 522 1120 556 officiis
1148 534 1200 556 ee-

453 575 635 611 clesiasticis
652 575 790 622 privatus
810 574 930 614 exist-„113
949 581 978 607 et
995 571 1201 606 nihilominus

455 625 564 669 laicus,
586 626 707 672 quoties
729 624 757 657 id
782 623 900 666 fecerit,
924 634 978 668 per
999 634 1114 656 annum
1134 633 1200 655 car-

455 676 518 711 ceri
558 674 754 722 mancipetur
787 672 828 706 ob
863 673 938 706 tanti
974 671 1118 713 facinoris
1153 670 1202 704 ul-

457 726 584 760 tionem.

504 779 520 818 §
554 776 586 809 5.
614 772 770 808 Volumus
804 780 926 812 autem,
957 771 1041 818 qnod
1077 771 1116 812 ii,
1149 770 1202 818 qui

459 836 564 860 cereas
586 823 738 870 imagines
761 823 826 856 sive
843 825 947 866 Agnos
965 823 1021 855 Dei
1041 821 1203 855 consertos

457 872 641 910 huiusmodi
668 872 749 919 apud
772 884 805 906 se
828 872 1007 910 habuerint,
1035 870 1111 905 infra
1135 879 1204 905 octo

456 924 577 959 dierum
604 923 740 970 spatium
774 934 789 956 a
818 921 1028 969 prohibitione
1056 932 1205 967 praescn—

457 975 536 1009 tium
558 971 820 1020 computandum,
844 971 914 1006 illos
928 970 1095 1005 venerabili
1122 971 1204 1004 l'ratri

457 1032 564 1059 nostro
589 1022 719 1058 Nicolao
746 1022 895 1068 episcopo
922 1020 1072 1055 Pliarensi
1101 1020 1206 1055 consi-

456 1085 552 1121 gnare
567 1079 744 1115 teneantur,
760 1071 914 1117 recepturi
940 1082 995 1117 pro
1019 1081 1087 1104 cera
1107 1070 1206 1117 :equi-

457 1124 609 1159 valentem
649 1132 851 1168 compensant
890 1120 936 1155 vel
964 1119 1205 1155 satisfactionem

457 1173 660 1220 condignam,
684 1171 825 1218 alioquin
848 1170 1018 1204 sententias
1037 1177 1067 1203 et
1091 1181 1207 1216 poenas

459 1223 644 1271 praedictas,
659 1221 728 1268 ipso
743 1220 876 1255 termino
899 1220 1016 1266 elapso,
1036 1220 1207 1253 incurrant.

508 1277 524 1317 ἓ
546 1277 579 1307 4.
594 1270 680 1307 Nulli
698 1281 772 1316 ergo
784 1269 914 1304 omnino
934 1269 1099 1303 hominum
1118 1268 1208 1303 liceat

462 1323 542 1357 lianc
564 1322 709 1369 paginam
739 1328 861 1354 nostrae
884 1318 1080 1354 inhibitionis
1102 1327 1131 1353 et
1154 1331 1208 1353 vo-

461 1372 590 1407 luntatis
613 1370 785 1416 infringere
811 1376 864 1402 etc.

510 1421 625 1456 Datum
648 1419 769 1454 Romae
791 1419 873 1465 apud
896 1417 930 1452 S.
961 1418 1102 1457 Petrum,
1126 1430 1209 1451 anno

462 1470 690 1506 incarnationis
725 1467 902 1503 dominicae
928 1468 1096 1502 millesimo
1131 1480 1210 1514 qua-

462 1519 708 1568 dringentesimo
741 1518 987 1564 septuagesimo,
1020 1517 1210 1551 duodecimo

462 1570 612 1606 kalendas
637 1567 758 1617 aprilis,
782 1567 980 1614 pontificatus
1007 1567 1105 1601 nostri
1129 1570 1210 1601 anno

463 1628 563 1656 sexto.

507 1683 568 1713 Dat.
583 1682 630 1712 die
645 1681 679 1711 21
700 1680 795 1711 martii
815 1680 899 1717 1470,
916 1678 1018 1719 pontif.
1035 1688 1110 1709 aimo
1127 1688 1162 1709 w.

786 1842 813 1876 x
836 1845 890 1886 (t).

468 1926 614 1960 Reducti'o
621 1924 807 1959 sanctissimi
821 1923 960 1961 lubilaei,
969 1923 1029 1954 sive
1038 1922 1216 1954 anin'sancti

515 1977 558 2010 ad
578 1986 694 2009 annum
712 1974 889 2018 vigesimum
911 1973 1064 2017 quintum,
1089 1983 1149 2015 quo
1170 1972 1216 2004 vi-

515 2027 641 2059 sitantes
671 2024 814 2058 basilicas
836 2024 884 2055 Ss.
921 2023 1004 2054 Petri·
1025 2028 1050 2053 ei
1076 2022 1171 2054 Pauli*
1190 2028 1215 2053 e!

516 2077 551 2110 S.
581 2075 706 2108 loanm's
733 2075 764 2106 in
789 2074 940 2106 laterano
966 2084 1002 2104 nc
1035 2073 1070 2105 S.
1096 2071 1217 2104 Mariae

517 2125 650 2158 Maioris
676 2125 711 2157 de
740 2124 828 2160 Urbe,
851 2122 1058 2167 plenissimam
1079 2127 1216 2165 peccato-

516 2187 585 2208 rum
607 2175 727 2208 veniam
748 2179 969 2216 consequuntur
991 2172 1049 2213 (2).

736 2249 949 2282 stantanttnt

471 2322 659 2352 Prooemium.
678 2337 714 2342 -—
746 2321 767 2349 1.
788 2318 955 2348 ssoniiacius
980 2317 1039 2347 viil
1067 2317 1216 2346 tiiliitaauin

511 2366 643 2406 quolibet
677 2365 836 2394 centesimo
877 2371 953 2392 anno
992 2362 1147 2392 concessit.
1182 2378 1219 2383 —-

510 2411 538 2441 ⁴2.
556 2410 690 2440 Clemens
711 2409 744 2438 vt
763 2409 798 2438 ad
816 2417 924 2438 annum
947 2408 985 2438 50
1003 2407 1125 2437 reduxit.
1142 2423 1178 2427 —
1192 2407 1217 2435 23.

508 2456 592 2491 Greg.
619 2453 651 2484 xi
683 2455 783 2483 statuit
813 2454 900 2482 etiam
924 2453 1034 2481 visitari
1058 2451 1217 2480 Ecclesiam

510 2500 541 2529 B.
561 2500 666 2530 Mariae
683 2499 807 2528 Maioris.
826 2515 862 2520 -
881 2498 907 2527 4.
921 2497 989 2527 Urb.
1007 2496 1039 2525 t't
1057 2495 1217 2525 luliilaeum

507 2562 546 2598 (Ι)
564 2561 710 2589 Haecbuiia
725 2561 748 2587 in
762 2561 887 2587 Maiiiardi
899 2560 1013 2586 editione
1029 2559 1079 2586 sub
1096 2567 1168 2585 num.
1192 2568 1217 2585 ix

474 2603 587 2630 habetur
603 2603 641 2636 (n.
661 2602 711 2635 ·r.).
751 2602 790 2635 (⁹2)
808 2601 1001 2627 institutionem
1014 2599 1164 2626 huiusmodi
1179 2600 1219 2625 iu-

475 2643 549 2669 biiaei
567 2650 616 2677 pro
632 2641 749 2676 quolibet
769 2641 913 2667 centesimo
937 2648 1006 2666 anno
1023 2641 1117 2666 statuit
1135 2639 1216 2666 Bonis.

475 2683 544 2715 vm,
561 2686 588 2709 ut
606 2690 665 2717 sup.
684 2682 708 2708 in
725 2681 781 2708 eius
797 2683 887 2708 Const.
913 2682 1102 2713 Aiiti'quornm.

1037 267 1222 292 nautum!
1243 267 1405 291 ῊΟΜΑΝΓΜ

1282 320 1423 351 celebrari
1440 319 1581 359 praecipit
1595 318 1726 358 quolibet
1743 326 1820 348 anno
1835 317 1882 351 33;
1905 333 1943 340 -
1959 317 1985 347 5.

1281 366 1360 396 Mart.
1382 365 1411 395 V.
1435 364 1615 403 approbarim
1637 381 1676 387 —
1698 365 1726 393 o.
1754 362 1846 393 Nicol.
1868 361 1887 392 V
1917 372 1987 392 con-

1283 411 1417 446 iiruiarit3
1434 426 1472 432 —
1488 409 1514 438 Ἴ.
1533 408 1582 438 llic
1603 408 1687 438 modo
1703 406 1808 437 Pontis.
1826 406 1861 436 ad
1877 415 1986 436 annum

1281 456 1318 485 2³5
1335 455 1456 484 redut-ih
1471 471 1508 475 —
1524 453 1550 482 8.
1567 452 1689 482 lubilaei
1705 451 1903 489 indulgentias
1919 460 1988 480 con-

1282 500 1367 538 sequi
1396 499 1526 528 volentes
1545 497 1733 527 considerent
1754 504 1830 535 quae
1858 494 1988 525 Pontifex

1283 544 1426 583 proponit.

1317 611 1416 639 Paulus
1435 610 1577 646 episcopus
1592 615 1686 638 servus
1702 615 1842 637 servorum
1859 607 1916 641 Dei.

1378 661 1411 688 ad
1436 661 1597 696 perpetuam
1630 659 1671 687 rei
1688 658 1858 687 memoriam.

1294 724 1462 758 lness'abilis
1479 722 1670 770 providentia
1684 720 1992 768 summiPatris(qui,

1247 786 1301 821 pro
1324 774 1539 820 redemptione
1562 772 1690 806 hnmani
1710 772 1834 817 generis
1860 771 1993 818 eiusque

1248 823 1476 858 reconcilianda
1492 830 1613 866 natura,
1641 821 1716 856 Adae
1731 821 1993 868 praevaricatione

1247 882 1415 920 perpetuae
1444 873 1554 907 mortis
1587 872 1788 906 damnatione
1828 870 1994 908 mulctata,

1248 923 1451 969 Unigenitum
1475 934 1568 956 suum
1593 930 1709 956 vestem
1733 929 1857 955 nostrae
1879 927 1996 955 morta-

1249 974 1341 1008 litatis
1363 984 1534 1010 assumere,
1562 980 1592 1005 et
1619 980 1690 1018 post
1713 970 1911 1017 evangelicae
1938 969 1996 1003 do-

1247 1023 1364 1058 ctrinae
1386 1034 1472 1057 sacra
1495 1021 1709 1061 erudimenta,
1731 1031 1767 1055 ac
1790 1021 1868 1054 vitae
1894 1019 1996 1067 Ipsius

1249 1081 1336 1107 actus
1355 1081 1385 1107 et
1407 1071 1654 1107 conversationis
1677 1069 1839 1116 exempla,
1870 1080 1996 1104 crucem

1249 1123 1347 1157 voluit
1373 1130 1403 1156 et
1430 1130 1562 1156 mortem
1585 1120 1704 1164 subire)
1726 1119 1872 1154 laudabili
1901 1118 1998 1153 imita·

1251 1173 1335 1207 tione
1357 1183 1415 1206 nos
1430 1172 1577 1206 instruxit
1594 1179 1638 1214 ut,
1657 1171 1709 1217 qui
1734 1167 1999 1204 insufficientibus

1251 1222 1370 1257 meritis
1383 1222 1470 1256 vices
1494 1222 1595 1269 ipsius
1607 1219 1833 1266 Redemptoris
1855 1227 2000 1253 tenemus

1251 1273 1280 1306 in
1296 1273 1398 1314 terris,
1411 1273 1546 1305 summis
1563 1271 1720 1304 enitamur
1741 1268 1856 1303 studiis
1873 1279 1998 1314 gregem

1251 1322 1444 1356 dominicum
1467 1321 1642 1367 vigilantiae
1659 1327 1783 1354 nostrae
1805 1330 1861 1353 sua
1877 1329 2002 1364 praeor-

1252 1371 1410 1405 dinatione
1425 1371 1645 1413 commissum,
1666 1380 1760 1416 quem
1780 1367 1883 1403 callidi
1901 1367 2001 1401 hostis

1253 1421 1387 1455 versutia
1416 1421 1550 1455 institiae
1574 1419 1728 1454 limitibus
1749 1429 1844 1465 saepe
1865 1417 2001 1454 divertit.

1254 1471 1380 1505 Aneiori
1394 1479 1512 1513 nostro,
1535 1471 1587 1516 qui
1611 1481 1672 1502 non
1693 1476 1837 1506 mortem,
1859 1466 1913 1502 sed
1931 1478 2002 1512 poe-

1255 1521 1414 1555 nitentiam
1444 1520 1598 1554 desiderat
1626 1527 1844 1565 peccatorum,
1870 1516 2002 1551 reddere

1253 1570 1475 1617 acceptabilem
1509 1578 1539 1603 et
1561 1569 1714 1603 honorum
1729 1579 1858 1614 operum
1875 1573 2004 1601 sectato-

1254 1632 1339 1657 rem,
1366 1628 1411 1659 ut,
1441 1621 1468 1652 in
1496 1619 1626 1653 extremi
1651 1616 1868 1663 tremendique
1896 1615 2001 1650 iudicii

1255 1671 1374 1704 ratione
1399 1668 1570 1709 reddenda,
1594 1668 1728 1714 rigorem
1752 1667 1885 1701 iustitiae
1907 1674 1937 1699 et
1959 1665 2004 1699 ul-

1256 1720 1348 1754 tionis
1387 1719 1515 1753 meritae
1548 1718 1661 1753 evitare
1702 1717 1870 1764 possimus.
1907 1714 2004 1750 Decet

1257 1770 1350 1816 igitur
1373 1778 1498 1803 nostrae
1517 1768 1631 1802 mentis
1655 1767 1803 1801 intuitum
1831 1765 1870 1800 ad
1893 1777 1930 1800 ea
1957 1765 2004 1799 vi-

1256 1819 1308 1865 gili
1325 1819 1496 1853 attentione
1523 1826 1719 1861 convertere,
1747 1828 1800 1863 per
1827 1827 1920 1863 quae,
1948 1827 2005 1849 su-

1259 1869 1355 1915 premi
1389 1868 1502 1903 sat-oris
1529 1867 1718 1913 suffragante
1753 1865 1930 1912 praesidio,
1964 1866 2004 1898 ita

1258 1919 1475 1953 universorum
1510 1916 1626 1952 Christi
1661 1916 1798 1950 fidelium
1826 1915 2004 1949 animarum

1258 1969 1348 2003 saluti
1373 1968 1601 2015 prospiciamus
1637 1967 1754 2001 utiliter
1783 1974 1812 1999 et
1834 1965 2005 2012 gratiarum

1258 2018 1465 2065 spiritualium
1490 2017 1582 2051 donis
1603 2016 1771 2050 salubriter
1792 2015 2009 2053 consulamus,

1259 2068 1340 2116 quod
1364 2069 1515 2102 adversus
1538 2067 1637 2112 ipsius
1656 2066 1755 2101 hostis
1777 2065 1905 2099 astutias
1931 2076 2008 2098 cou-

1259 2130 1336 2163 ιαιίιο
1356 2119 1453 2152 valeat
1475 2117 1616 2151 antidoto
1639 2115 1810 2158 subreniri,
1831 2115 1955 2161 ipsique
1969 2114 2009 2147 ii—

1260 2168 1346 2202 deles
1372 2176 1514 2201 aeternae
1537 2166 1739 2200 beatitudinis
1762 2165 1920 2212 praemia,
1947 2163 2008 2198 lar-

1260 2217 1363 2264 giente
1386 2217 1559 2259 Altissimo,
1584 2224 1829 2261 consequantur.

1309 2273 1324 2310 ς’
1352 2270 1377 2301 i.
1404 2267 1529 2301 Dudum
1557 2266 1711 2312 siquidem
1728 2277 1799 2299 cum
1822 2263 1879 2297 lida
1901 2263 2007 2298 relatio

1261 2318 1459 2363 antiquorum
1495 2316 1620 2350 liaberet
1636 2315 1718 2362 quod
1734 2313 1955 2349 accedentibus
1969 2313 2005 2347 ad

1262 2367 1474 2401 honorandam
1488 2366 1641 2411 Principis
1653 2364 1864 2411 apostolorum
1877 2363 1914 2397 de
1924 2362 2006 2398 Urbe

1264 2417 1420 2450 basilicam
1468 2428 1597 2461 magnae
1637 2426 1802 2449 concessae
1838 2413 1938 2447 l'orent
1961 2425 2010 2446 re-

1264 2467 1429 2501 missiones
1451 2474 1481 2499 et
1499 2464 1710 2509 indulgentiae
1734 2471 1944 2510 peecatorum,
1964 2462 2010 2495 fi·-

1264 2518 1330 2550 licis
1354 2515 1579 2550 recordatiouis
1609 2514 1788 2548 Bonil'acius
1816 2513 1897 2558 Papa
1925 2511 2009 2547 Vlll.

1265 2566 1484 2612 praedecessor
1507 2573 1621 2598 noster.
1645 2576 1768 2597 summo
1796 2563 1900 2596 studio
1925 2563 2010 2594 salu-

1265 2625 1325 2649 tem
1349 2624 1500 2662 appetens
1523 2614 1660 2648 lideliuni
1679 2613 1887 2658 singulorum.
1913 2620 1941 2644 et
1963 2619 2011 2644 at-

1265 2673 1348 2700 tenta
1370 2665 1621 2700 consideratione
1649 2675 1816 2698 recensens
1837 2661 1935 2709 quod,
1957 2672 2010 2706 per

2000 262 2050 289 An.
2066 261 2098 289 C.
2114 261 2182 289 {UO

2033 725 2164 745 prum-ntum.

2034 2270 2101 2292 Bonis.
2113 2269 2158 2290 viti
2170 2268 2206 2290 lu-

2022 2303 2112 2324 bilaeuni
2136 2301 2206 2329 quoti-

2023 2336 2056 2355 bet
2066 2334 2103 2354 ltiti
2112 2340 2145 2354 an,
2156 2339 2208 2354 con-

2023 2366 2096 2386 cessit.

2228 450 2255 1227 .„.su-ssfflazvn
2243 423 2245 427 -
2240 374 2249 398 ,-

2225 1527 2233 1539 ι

2241 1429 2257 1626 .-i.a.-...¹.a-t‹.
2238 1308 2257 1403 wu‘.
2249 1267 2255 1278 2

2250 1723 2259 1770 .=-<
2244 1672 2257 1692 “-
