2281 3251
232 270 284 296 ΑΒ.
303 268 333 295 C.
349 267 416 295 ¹445

237 660 349 680 matianum
383 665 421 677 cu-

238 698 358 718 iuscumqu«¹
391 691 422 710 ,ι1-

238 756 327 779 emonis
345 760 422 774 uuicu-

459 256 504 287 76

435 323 550 362 vocari,
582 321 713 359 assumi,
735 328 787 354 aut
818 317 877 351 illis
901 314 1023 362 prat-tici
1038 341 1046 353 ,
1069 312 1187 359 absque

436 373 540 407 vicarii
565 380 592 405 et
622 370 823 404 delinitorum
861 379 915 411 pro
951 374 1114 410 tempore,
1136 370 1188 395 aut

435 422 564 469 capituli
588 419 746 453 societatis
770 416 1021 464 prxmlictortnn,
1042 412 1107 446 sive
1128 422 1190 444 ma-

437 472 512 505 ioris
541 471 635 518 partis
666 470 788 502 illorum
819 465 941 499 licentia
961 491 967 500 ,
1004 463 1032 495 in
1064 460 1190 507 scriptis

438 522 540 556 babila
569 529 598 554 et
622 519 762 560 obtenta,
786 515 964 549 nullatenus
988 511 1095 557 possit.

487 572 506 617 ξ
528 575 561 603 (3.
584 568 741 614 Quodque
767 566 884 612 priores
911 570 940 595 et
964 563 1073 595 fratres
1095 558 1192 593 socic-

439 622 510 655 tatis
550 617 731 653 huiusmodi
755 644 762 653 ,
799 612 948 648 omnibus
990 619 1020 643 ct
1059 607 1192 654 singulis

438 668 704 716 exeniptionilms,
729 657 990 700 immunitatibus,
1007 658 1191 706 privilegiis,

261 730 303 743 ΓΝ*
349 730 368 742 ¹¹¹
387 730 422 742 '⁰‘
438 720 545 766 gratiis
562 728 589 752 vt
606 716 738 751 indultis
755 713 830 760 ipsis
847 724 902 758 pro
919 720 1060 756 tempore
1084 708 1193 742 unien-

439 770 487 804 dis
510 766 726 804 socia-tatibus,
763 776 817 810 per
852 759 1030 808 generalem
1055 758 1190 805 priorem

439 819 514 853 dicti
553 816 683 851 Ordinis
720 826 775 860 pro
812 821 953 858 tempore
975 836 983 852 ,
1021 809 1051 842 in
1086 806 1193 854 specie

438 881 492 903 seu
523 868 550 900 in
574 876 688 912 genere
716 862 887 900 concessis,
917 860 959 893 uti
994 866 1024 892 et
1055 856 1192 902 gaudere

440 917 536 951 libere
564 925 592 949 et
621 915 705 949 licite
730 912 861 949 valeant,
884 922 921 944 ex
957 915 1039 943 certa
1063 905 1192 941 seientia

438 977 467 1001 et
490 965 674 1000 auctoritate
697 961 880 1009 apostolica,
911 967 1019 992 tenore
1044 968 1194 1003 praesen-

440 1017 516 1050 tium
549 1014 720 1048 statuimus
742 1039 750 1054 ,
786 1009 986 1045 decernimus
1008 1015 1038 1041 et
1065 1005 1194 1039 ordina-

440 1077 522 1100 mus.

489 1114 555 1161 §7-
572 1113 617 1148 Ac
642 1110 812 1159 praemissa
829 1108 946 1146 omnia,
963 1116 1087 1140 necnon
1107 1102 1193 1150 quod

358 1178 424 1190 ³ru¹¹¹
444 1163 578 1211 praefata
601 1162 747 1204 societas,
771 1160 852 1194 iuxta
877 1155 1045 1204 quamdam
1069 1165 1196 1188 conces-

289 1209 308 1221 ⁰¹
357 1209 427 1248 ²³¹⁰]
442 1226 561 1249 sionem
588 1211 682 1257 priori
706 1218 735 1243 et
758 1207 902 1243 fratribus
927 1204 1103 1252 praedictae
1137 1202 1195 1236 do—

322 1272 346 1284 '¹'¹
373 1272 424 1284 '⁰¹¹‘
444 1276 515 1299 mus
534 1263 566 1296 S.
583 1260 765 1301 Saluum-is,
783 1272 835 1304 pei·
851 1255 1011 1303 quondam
1029 1252 1194 1287 Nicolaum

258 2110 369 2131 Clausulas
392 2111 430 2130 de-

246 2145 373 2168 rogatoriae.

443 1312 619 1360 generalem
646 1311 782 1357 priorem
806 1307 881 1341 dicti
914 1303 1046 1339 Ordinis
1065 1314 1196 1337 conces·

443 1375 523 1405 sam,
548 1361 586 1395 de
610 1359 759 1393 oiiiuibns
787 1366 816 1391 et
846 1354 982 1401 singulis
1006 1352 1098 1386 bonis
1126 1363 1196 1385 mo-

444 1411 560 1446 bilibus
588 1419 617 1443 et
648 1406 889 1444 immobilibus,
925 1401 1145 1449 praesentibus
1166 1408 1196 1435 et

445 1461 568 1500 futuris,
597 1459 738 1494 omnium
772 1464 802 1490 et
833 1453 1031 1500 singulorum
1065 1451 1195 1484 fratrum

444 1511 546 1545 dictae
574 1507 744 1551 societatis,
769 1504 985 1553 praesentium
1015 1508 1046 1535 et
1073 1499 1195 1535 futuro-

443 1573 514 1595 rum
531 1587 540 1602 ,
563 1568 797 1606 quaecumque,
830 1552 1132 1600 quomodocumque
1167 1557 1196 1584 et

444 1609 689 1656 qualiacumque
726 1603 908 1639 huiusmodi
945 1601 1025 1636 bona
1056 1599 1196 1642 suerint,

444 1659 565 1694 etiamsi
589 1658 640 1691 illa
663 1656 739 1701 ipsis
755 1653 902 1688 fratribus
919 1650 956 1686 ad
972 1661 1081 1684 eorum
1104 1648 1195 1682 vitam

444 1720 594 1743 concessa
627 1705 810 1746 extiterint,
840 1701 979 1749 plenarie
1014 1698 1197 1741 succedam,

445 1759 577 1804 ipsaque
601 1756 680 1791 bona
711 1754 748 1789 ad
771 1753 885 1787 dictam
909 1750 1101 1792 societatem,
1124 1759 1195 1782 cum

442 1806 590 1842 fratribus
611 1805 648 1839 ad
674 1805 754 1838 illam
779 1799 1028 1837 transeuntibus,
1059 1809 1096 1831 eo
1129 1798 1197 1842 ipso

443 1855 651 1890 devolvantur
673 1866 708 1887 ac
728 1852 925 1899 proveniant,
954 1847 1046 1894 priori
1071 1854 1101 1881 et
1136 1846 1198 1880 l'ra-

444 1905 546 1940 tribus
574 1904 676 1938 dictae
707 1901 879 1943 societatis,
913 1896 1132 1945 praesentibus
1168 1904 1196 1930 et

444 1954 567 1993 suturis.
598 1960 750 2000 perpetuo
785 1948 992 1984 concedimus
1017 1945 1132 1993 pariter
1168 1953 1199 1979 et

445 2003 658 2049 indulgemus.

494 2054 514 2100 S
536 2055 568 2087 8.
592 2053 661 2087 Non
695 2048 894 2085 obstantibus
919 2045 1200 2082 constitutionibus

445 2112 475 2138 et
503 2100 758 2138 ordinationibus
780 2098 971 2146 apostolicis,
991 2108 1027 2131 ac
1050 2095 1200 2130 omnibus

447 2163 478 2188 ct
499 2152 635 2199 singulis
659 2152 688 2185 in
723 2150 793 2185 aliis
816 2148 931 2183 nostris
953 2146 1050 2180 literis
1075 2145 1200 2192 praedi·-

447 2204 516 2243 ctis,
544 2214 623 2249 quas,
642 2201 718 2236 alias
734 2201 762 2234 iu
791 2210 849 2233 suo
869 2197 982 2232 robore
1000 2206 1200 2242 permanere,

447 2262 476 2287 et
499 2265 589 2300 quas,
618 2263 739 2285 necnon
765 2255 957 2296 praesentes,
990 2246 1020 2279 iu
1053 2244 1201 2279 omuibus

447 2310 477 2336 et
500 2315 555 2349 per
581 2301 686 2335 omnia
715 2297 871 2333 observari
908 2296 1066 2338 volumus,
1088 2293 1201 2329 ‹lecer-

448 2352 553 2386 nimus
575 2359 670 2397 atque
701 2348 900 2387 mandamus,
924 2358 985 2380 non
1002 2344 1128 2379 obstare
1152 2356 1201 2377 vo-

448 2403 566 2443 lumus,
589 2401 766 2446 ceterisque
797 2397 962 2432 contrariis
984 2395 1199 2442 quibuscum-

447 2464 521 2500 que.
542 2451 697 2485 Volumus
710 2457 826 2491 autem,
849 2446 932 2494 quod
949 2447 987 2484 si,
1010 2444 1093 2492 quod
1109 2443 1201 2487 absit,

448 2500 646 2537 observantia
670 2497 852 2533 huiusmodi
882 2497 910 2531 in
944 2496 1025 2531 (licta
1053 2493 1201 2529 societate

447 2563 571 2587 cessare
604 2549 784 2596 contigerit,
814 2554 995 2594 praesentes
1023 2545 1141 2583 literae,
1163 2555 1201 2577 eo

449 2603 529 2648 ipso,
552 2602 614 2635 sint
637 2610 744 2634 cassae
767 2606 797 2632 et
813 2598 915 2631 irritae
944 2595 1127 2642 nulliusque
1150 2605 1202 2628 ro-

448 2651 533 2687 boris
562 2650 606 2685 vel
631 2648 792 2684 momenti.

1021 255 1209 280 nummum
1236 253 1399 278 noamtwn

1279 310 1365 345 Nulli
1396 320 1472 354 ergo
1493 316 1546 342 etc.

1279 364 1313 399 Si
1336 363 1407 411 quis
1429 370 1482 396 etc.

1280 419 1396 454 Datum
1420 417 1542 451 Romae
1569 414 1650 462 apud
1673 413 1707 449 S.
1738 413 1880 452 Petrum,
1903 423 1985 446 anno

1233 472 1463 507 lucarnationis
1497 470 1680 505 dominii-ae
1706 467 1874 501 millesimo
1906 478 1986 512 qua-

1232 527 1481 573 dringentesimo
1496 523 1740 571 quadragesimo
1756 521 1859 559 tertio,
1875 520 1987 566 quinto

1233 581 1380 615 calendas
1420 578 1622 620 decembris,
1655 574 1855 623 pontificatus
1888 575 1985 609 nostri

1233 648 1314 670 auno
1338 634 1565 669 tertiodecimo.

1243 697 1306 727 Dat.
1325 697 1371 726 die
1383 695 1419 725 ΕΠ
1437 693 1606 725 novembris
1624 692 1710 729 1443,
1727 697 1806 731 pont.
1825 700 1900 720 anno
1917 699 1978 720 xm.

1557 877 1675 913 xxxi.

1237 964 1438 1005 Confirmatio
1461 968 1645 995 statutorum
1665 971 1723 1005 pro
1745 961 1823 993 bono
1847 959 1993 992 Gamerae

1286 1013 1480 1058 Apostoli'cae
1506 1011 1652 1055 reyimiue
1677 1010 1839 1043 editorum.

1507 1091 1721 1124 SUMMARtUttt

1237 1172 1425 1202 l'rooemium.
1457 1186 1496 1192 -—
1528 1170 1554 1198 1.
1579 1167 1683 1197 Clerici
1718 1171 1824 1197 statuta
1854 1165 1994 1196 Gamerae

1277 1216 1442 1245 ediderunt.
1465 1230 1504 1235 —
1530 1212 1557 1242 Ξ.
1586 1211 1666 1247 Quae
1699 1210 1806 1241 Pontis.
1829 1210 1994 1240 confirmat.

1276 1260 1384 1290 Eorum
1413 1264 1494 1288 tenor
1523 1258 1569 1287 liic
1590 1257 1744 1286 inseritur.
1765 1272 1804 1277 —
1826 1255 1853 1284 3.
1878 1253 1916 1284 De
1935 1254 1996 1284 cle-

1277 1305 1405 1334 ricorum
1427 1311 1560 1332 numero.
1585 1318 1624 1323 —
1648 1301 1676 1330 4.
1704 1300 1742 1330 De
1773 1299 1879 1330 decani
1899 1298 1995 1329 officio

1277 1354 1304 1379 et
1324 1352 1473 1387 potestate.
1493 1363 1530 1368 —
1549 1346 1576 1375 5.
1594 1345 1633 1375 De
1656 1344 1795 1375 Gamerae
1814 1343 1993 1373 clericorum

1278 1398 1305 1423 et
1331 1393 1456 1422 aliorum
1482 1391 1614 1421 locorum
1641 1391 1669 1419 in
1689 1389 1811 1419 Camera
1836 1397 1996 1428 rerumque

1278 1437 1458 1476 agendarum
1482 1435 1596 1465 ordine.
1619 1451 1658 1456 —
1679 1434 1706 1464 6.
1730 1433 1768 1463 De
1791 1433 1892 1463 clerici
1917 1441 1996 1463 men-

1277 1482 1347 1512 sarii
1381 1488 1503 1510 munere
1543 1479 1621 1509 circa
1659 1478 1844 1508 occurrentia
1878 1477 1997 1516 singulo

1278 1535 1390 1556 mense.
1410 1542 1447 1547 —
1471 1525 1497 1554 7.
1521 1523 1558 1554 De
1581 1524 1763 1553 minutorum
1783 1523 1916 1562 quinque
1934 1531 1998 1552 ser-

1277 1572 1414 1602 vitiorum
1444 1570 1599 1602 divisione,
1629 1568 1754 1607 eiusque
1780 1567 1877 1596 modo.
1901 1583 1940 1590 -·
1968 1567 1997 1597 8.

1276 1616 1316 1646 De
1347 1615 1466 1644 clericis
1490 1612 1764 1653 supranumerariis
1795 1612 1996 1643 admittendis.

1277 1678 1315 1682 —
1334 1661 1360 1690 9,
1380 1659 1419 1689 De
1436 1659 1555 1688 clericis
1573 1658 1607 1687 ad
1628 1657 1803 1696 ampliorem
1823 1656 1996 1695 dignitatem

1278 1705 1398 1734 evectis.
1417 1720 1456 1725 —
1475 1703 1523 1733 10.
1544 1702 1582 1733 De
1607 1701 1733 1731 infirmis
1756 1709 1874 1740 quoque
1897 1706 1925 1731 et
1947 1701 1999 1731 ab·

1279 1748 1431 1785 sentibus,
1453 1765 1492 1769 —
1514 1745 1840 1784 11.Deeedentiumque
1853 1745 1996 1784 exequiis.

1278 1816 1316 1822 —
1336 1798 1382 1827 ta.
1407 1797 1445 1827 De
1477 1797 1578 1826 altaris
1615 1795 1798 1825 ornamentis
1824 1800 1853 1824 et
1885 1796 1996 1832 missis.

1278 1843 1404 1881 aliisque
1427 1841 1532 1871 officiis
1552 1839 1747 1870 celebrandis.

1239 1917 1372 1953 fingenius
1391 1917 1535 1953 episcopus
1554 1923 1651 1945 sot-vus
1683 1923 1825 1945 servorum
1862 1915 1918 1949 Dei.
1957 1916 2001 1944 dt-

1283 1967 1365 1996 tectis
1384 1966 1449 1995 filiis
1487 1966 1614 2002 gentibus
1647 1966 1776 1994 camerae
1813 1965 1998 2002 apostolieae.

1285 2017 1405 2045 satutem
1428 2017 1458 2044 ot
1477 2015 1656 2052 apostoticam
1684 2015 1908 2044 benedictionem.

1291 2096 1324 2130 ln
1347 2095 1499 2131 eminenti
1518 2095 1720 2142 Apostolicac
1735 2094 1828 2130 Sedis
1849 2093 1998 2140 specula,

1242 2152 1316 2186 licet
1344 2150 1504 2193 immeriti,
1519 2149 1709 2196 disponente
1738 2148 1889 2187 Domino,
1919 2159 1999 2182 con-

1241 2205 1355 2249 stituti,
1383 2213 1541 2251 tamquam
1576 2203 1717 2250 prudens
1751 2200 1997 2248 paterfamilias,

1241 2259 1294 2307 qui
1315 2259 1402 2305 cupit
1425 2258 1574 2293 familiam
1603 2256 1718 2291 domus
1739 2266 1815 2290 suae
1839 2267 1893 2302 per
1917 2255 1997 2289 viam

1243 2313 1463 2348 mandatorum
1493 2312 1621 2347 Domini
1654 2310 1800 2346 incedere
1818 2337 1825 2350 ‚
1854 2321 1996 2345 normam

1243 2368 1285 2402 illi
1314 2367 1458 2402 tribuens
1480 2375 1509 2402 et
1532 2366 1678 2401 ordinem
1705 2365 1837 2400 honeste
1860 2362 1998 2409 vivendi,

1243 2431 1388 2470 recteque
1416 2421 1549 2468 agendi,
1583 2421 1622 2454 ita
1656 2428 1685 2454 et
1721 2431 1778 2454 nos
1802 2418 1938 2454 libenter
1959 2417 1997 2453 ad

1244 2478 1386 2512 universa
1412 2476 1574 2511 Romanae
1590 2474 1705 2510 Curiae
1721 2473 1818 2508 officia
1834 2481 1863 2507 et
1886 2484 1996 2507 eorum

1243 2532 1404 2572 officiales,
1427 2540 1457 2567 et
1481 2531 1665 2579 praesertim
1689 2529 1843 2565 Gamerae
1867 2529 1997 2575 Aposto-

1244 2587 1331 2625 licae,
1359 2586 1396 2620 ad
1420 2598 1513 2634 quam
1538 2584 1752 2620 Ecclesiarum
1781 2592 1813 2619 et
1842 2589 1998 2619 monaste-

1244 2641 1362 2675 riorum
1386 2640 1530 2676 omnium
1549 2667 1557 2681 ,
1580 2650 1705 2675 necnon
1730 2638 1824 2674 etiam
1848 2636 1996 2678 urbium,

2000 249 2047 275 An.
2066 246 2094 273 C.
2117 244 2183 271 timu

2039 2106 2172 2128 Prooemium.

2273 1613 2281 1648 ,m
2270 1584 2281 1599 a
2265 1410 2281 1573 ..-masam
2269 1356 2281 1401 .-.a
2271 1282 2281 1345 a„
2269 1225 2281 1274 ...a
2265 1149 2281 1212 μ’...
2251 484 2281 1139 .-.amanum-agam„-
