2281 3251
108 269 154 296 Αη.
172 268 200 296 C.
219 267 285 296 1515

119 1071 229 1097 Derogatiu
240 1077 287 1092 cou-

107 1105 224 1124 uariarum.

969 276 1030 299 LEO
1058 276 1079 299 X
1106 275 1153 299 1³1).

302 343 332 370 et
359 333 487 370 aliarum
511 344 713 380 personarum
738 331 988 379 congregationis
1005 331 1043 368 de

302 396 384 420 novo
398 390 519 418 erectae
534 381 729 422 huiusmodi,
745 382 859 417 fuerint
875 395 970 430 super
987 382 1044 417 boc

302 433 460 481 requisiti,
483 432 663 467 solemniter
682 432 886 480 publicantes,
910 433 1047 479 ipsisque

301 482 450 531 generali,
468 482 690 524 visitatoribus,
706 481 881 527 abbatibus,
896 482 1047 526 eremitis,

302 531 461 580 prioribus
483 539 514 566 et
537 532 698 578 personis,
722 533 751 566 in
776 532 966 578 praemissis,
988 532 1047 567 elli-

303 582 386 617 cacis
405 581 598 616 defensionis
621 582 776 628 praesidio
797 582 991 626 assistentes,
1008 580 1048 616 fa-

302 632 385 667 ciant
407 642 461 665 eos
478 657 485 671 ,
509 631 726 677 praesentibus
749 632 845 666 literis
881 639 911 666 et
938 631 968 665 in
1004 631 1048 665 eis

303 680 461 716 contentis
489 680 658 727 privilegiis
672 681 801 728 pacifice
823 680 971 727 gaudere,
985 693 1046 715 non

304 730 519 778 permittentes
541 742 594 765 eos
616 731 782 777 superillis
803 743 856 765 seu
878 731 964 775 alias,
979 742 1048 765 con-

304 791 347 816 tra
377 779 590 827 praesentium
615 780 772 815 literarum
805 787 963 820 tenorem,
995 792 1049 827 per

304 840 522 878 quoscumque
544 830 779 877 quomodolibet
794 829 930 864 indebite
946 830 1048 877 impe-

304 880 362 914 diri
379 891 433 914 seu
447 879 539 914 etiam
553 879 723 924 molestari,
739 879 983 914 contradictores
995 890 1049 926 per

303 940 468 966 censuram
482 928 737 971 ecclesiasticam,
747 928 954 976 appellatione
968 936 1049 976 post-

305 979 417 1027 posita,
438 978 680 1024 compescendo.

351 1029 371 1076 ἓ
390 1029 447 1062 54.
466 1027 537 1062 Non
560 1027 756 1063 obstantibus
775 1027 868 1074 priori
892 1027 1049 1062 voluntate

304 1087 409 1113 nostra
437 1076 593 1124 praedicta
616 1084 646 1111 et
672 1077 820 1112 natalium
845 1076 966 1111 defectu
984 1103 993 1120 ,
1019 1084 1049 1110 et

302 1127 530 1174 Lugdunensis
562 1127 700 1171 concilii,
727 1134 756 1161 et
784 1126 852 1173 piae
881 1125 1049 1161 memoriae

303 1176 478 1212 Innocentii
506 1176 607 1223 quarti
635 1185 741 1212 contra
771 1183 934 1222 exemptos
958 1175 1049 1216 edita,

303 1238 383 1273 quae
405 1225 517 1272 incipit
546 1227 702 1266 volentes,
736 1233 766 1260 et
800 1225 923 1259 Martini
947 1224 1049 1271 quinti

305 1287 427 1311 necnon
436 1275 590 1310 Bonifacii
607 1275 722 1320 octavi,
736 1274 950 1309 Romanorum
966 1274 1050 1309 Pon-

304 1325 420 1360 tificum
437 1324 716 1371 praedecessorum
731 1333 922 1369 nostrorum,
938 1331 968 1359 et
981 1324 1050 1359 aliis

303 1374 582 1410 constitutionibus
607 1382 637 1410 et
659 1373 911 1409 ordinationibus
929 1381 1054 1421 aposto-

304 1425 382 1470 licis,
405 1435 528 1459 necnon
556 1424 830 1464 monasteriorum,
854 1425 1050 1471 prioratuum

304 1482 334 1509 et
355 1474 487 1509 aliorum
511 1474 699 1521 regularium
721 1474 877 1519 locorum,
898 1474 990 1508 etiam
1017 1473 1051 1508 S.

304 1523 481 1568 Michaelis,
507 1531 537 1558 et
559 1523 598 1558 de
621 1536 702 1559 novo
728 1532 851 1559 erectae
878 1535 1053 1570 congrega-

307 1574 380 1609 tioni
403 1573 584 1608 huiusmodi
608 1574 780 1618 unitorum,
806 1580 836 1607 ct
871 1573 994 1608 illorum
1019 1585 1054 1608 ac

307 1623 468 1671 praedicti,
489 1631 519 1658 et
541 1635 675 1670 quorum
699 1623 764 1670 ipsa
789 1623 872 1657 uuita
894 1630 1054 1658 monaste-

307 1674 362 1718 ria,
383 1673 539 1720 prioratus
561 1673 670 1708 etloca
693 1673 861 1713 extiterint,
883 1672 1053 1713 Ordinum,

309 1725 484 1758 iuramento
500 1750 509 1765 ,
536 1723 772 1758 confirmatione
794 1723 984 1770 apostolica,
1008 1723 1054 1757 vol

307 1773 416 1821 quavis
438 1773 582 1808 firmitate
613 1773 670 1808 alia
701 1773 853 1808 roboratis
875 1773 998 1808 statutis
1025 1780 1056 1808 et

306 1823 611 1863 consuetudinibus,
636 1822 804 1870 privilegiis
831 1834 976 1870 quoque,
999 1822 1054 1857 in·-

307 1873 403 1908 dultis
416 1881 445 1908 et
458 1872 557 1908 literis
572 1872 765 1919 apostolicis,
787 1873 953 1919 quibusvis
968 1884 1056 1908 com-

309 1922 522 1966 munitatibuS,
545 1922 810 1963 universitatibus,
832 1922 984 1969 collegiis,
1001 1934 1055 1957 ec-

309 1972 424 2016 clesiis,
445 1973 658 2016 monasteriis,
679 1971 855 2006 Ordinibus
878 1979 908 2006 et
930 1972 998 2007 aliis
1012 1971 1055 2007 lo-

309 2022 365 2061 cis,
387 2021 542 2068 capitulis,
569 2021 775 2056 conventibus
796 2030 826 2056 et
848 2023 1003 2068 personis,
1023 2034 1057 2056 e-

311 2071 383 2105 tiam
407 2079 491 2106 motu
514 2078 544 2106 et
570 2071 698 2106 scientia
726 2071 882 2107 similibus
899 2100 907 2113 ,
931 2080 961 2106 et
983 2084 1054 2106 cum

311 2125 494 2173 quibusvis,
516 2125 608 2160 etiam
632 2125 896 2171 derogatoriarum
919 2126 1057 2172 deroga-

312 2180 422 2222 toriis,
444 2179 574 2227 aliisque
598 2179 779 2214 fortioribus
793 2207 801 2222 ,
829 2180 1058 2215 efficacioribus

311 2242 342 2271 et
366 2234 499 2270 insolitis
532 2233 681 2269 clausulis
714 2233 972 2282 irritantibusque
1000 2234 1058 2269 de-

312 2289 417 2334 cretis,
439 2289 597 2324 concessis
620 2288 772 2324 hactenus
787 2297 816 2324 et
844 2289 873 2323 iu
897 2297 1057 2336 posterum

313 2343 534 2390 concedendis,
549 2343 663 2392 quibus
685 2343 842 2389 omnibns,
854 2343 987 2389 etiamsi,
1004 2356 1058 2392 pro

313 2412 422 2436 eorum
444 2400 609 2436 sufficienti
633 2400 847 2448 derogatione,
869 2399 909 2435 de
931 2400 990 2434 illis
1005 2412 1059 2436 eo-

314 2467 446 2503 rumque
460 2455 534 2490 totis
549 2456 712 2491 tenoribus
729 2455 887 2503 specialis,
901 2455 1059 2503 specifica,

314 2521 459 2557 expressa
480 2517 512 2545 et
534 2509 694 2545 individua
713 2511 841 2550 mentio,
861 2522 914 2544 seu
931 2511 1060 2557 quaevis

315 2563 373 2598 alia
393 2563 552 2611 expressio
579 2563 723 2599 habenda
750 2564 852 2608 foret,
879 2576 987 2599 eorum
1013 2573 1061 2599 te-

317 2629 419 2664 noreS,
440 2630 476 2654 ac
502 2618 526 2653 si
549 2618 588 2653 de
615 2619 709 2654 verbo
731 2619 769 2654 ad
792 2618 921 2653 verbum
946 2619 1062 2654 insere-

317 2679 437 2720 rentur,
463 2685 519 2721 pro
545 2673 738 2709 sufficienter
758 2674 911 2722 expressis
934 2673 1060 2710 liaben-

1715 264 1784 298 555

1091 342 1147 378 tes,
1170 331 1229 368 illis
1251 331 1327 367 alias
1346 331 1375 366 in
1398 343 1455 366 suo
1474 330 1585 366 robore
1609 330 1833 377 permansuris,

1090 383 1147 418 bac
1169 383 1234 418 vice
1249 382 1419 426 dumtaxat,
1441 380 1560 416 eisdem
1580 388 1665 415 motu
1685 389 1714 415 et
1730 381 1835 415 scien-

1090 433 1128 467 tia
1156 444 1191 467 ac
1223 440 1394 480 potestate,
1428 430 1605 478 specialiter
1631 438 1660 465 et
1687 441 1834 477 expresse

1090 482 1289 529 derogamus,
1316 482 1476 517 contrariis
1499 480 1754 527 quibuscumque
1781 488 1833 514 etc.

1089 531 1151 567 Aut
1173 533 1198 566 si
1221 532 1334 580 aliqui,
1351 543 1444 578 super
1460 530 1690 578 provisionibus
1716 529 1774 564 sibi
1790 528 1835 563 fa-

1090 581 1210 617 ciendis
1241 582 1280 617 de
1308 581 1495 628 prioratibus
1522 588 1552 615 et
1579 579 1778 614 monasteriis
1803 587 1834 613 et

1091 632 1187 666 unitis
1222 633 1268 666 vel
1292 632 1359 667 aliis
1382 630 1541 665 beneficiis
1558 628 1774 664 ecclesiasticis
1803 629 1834 663 in

1090 681 1151 716 illis
1173 681 1325 728 partibus,
1354 681 1504 728 speciales
1531 680 1576 714 vel
1605 678 1766 725 generales
1788 677 1836 712 di-

1090 739 1156 765 ctae
1178 730 1271 765 Sedis
1295 730 1341 766 vel
1364 731 1537 776 legatorum
1557 729 1623 764 eius
1646 728 1749 763 literas
1775 728 1836 762 im-

1092 780 1242 827 petrarint
1258 808 1266 822 ,
1293 781 1384 815 etiam
1408 780 1431 814 si
1462 792 1514 826 per
1536 791 1588 814 eas
1609 778 1647 812 ad
1673 777 1837 812 inhibitio-

1091 842 1177 871 nem,
1200 831 1442 865 reservationem
1462 837 1491 864 ct
1504 829 1675 872 decretum,
1697 828 1742 862 vel
1758 827 1836 862 alias

1090 879 1325 926 quomodolibet
1342 880 1381 913 sit
1401 890 1594 926 processum,
1612 890 1689 925 quas
1706 876 1836 924 quidem

1091 929 1194 963 literas
1220 941 1256 964 ac
1285 941 1450 976 processus
1478 928 1599 962 liabitos
1627 939 1681 974 per
1709 925 1834 961 easdem

1091 986 1121 1012 et
1149 978 1221 1013 inde
1237 987 1340 1014 secuta
1364 989 1592 1026 quaecumque,
1616 976 1654 1011 ad
1677 984 1837 1011 monaste-

1092 1028 1133 1062 ria
1150 1055 1159 1072 ,
1182 1028 1336 1074 prioratus
1357 1036 1387 1063 et
1413 1027 1472 1063 alia
1494 1026 1645 1062 beneficia
1668 1025 1753 1060 unita
1776 1025 1839 1059 hu·-

1092 1077 1240 1121 iusmodi,
1269 1078 1414 1112 volumus
1437 1089 1498 1111 non
1521 1075 1658 1111 extendi.
1678 1074 1742 1110 Sed
1766 1073 1838 1108 nul-

1092 1126 1155 1160 lum
1171 1138 1224 1174 per
1239 1127 1297 1162 boc
1316 1128 1372 1171 eis,
1385 1126 1487 1173 quoad
1509 1125 1737 1161 assecutionem
1757 1124 1838 1171 prio-

1092 1183 1213 1211 ratuum
1237 1177 1282 1211 vel
1305 1176 1529 1211 beneficiorum
1553 1175 1697 1217 aliorum,
1717 1174 1839 1221 praeiu-

1092 1225 1209 1261 dicium
1225 1227 1366 1273 generari
1387 1234 1416 1260 et
1436 1224 1629 1272 quibuslibet
1650 1224 1719 1259 aliis
1741 1223 1839 1270 privi-

1093 1274 1206 1321 legiis,
1234 1275 1437 1322 indulgentiis
1463 1283 1495 1310 et
1527 1274 1626 1309 literis
1647 1272 1839 1321 apostolicis,

1092 1325 1289 1371 generalibus
1312 1326 1357 1360 vel
1385 1324 1587 1372 specialibus,
1610 1335 1840 1370 quorumcum-

1093 1386 1154 1421 que
1177 1383 1321 1410 tenorum
1348 1375 1492 1420 existant,
1508 1386 1562 1420 per
1582 1385 1673 1421 quae,
1697 1383 1839 1420 praesen-

1094 1424 1176 1459 tibus
1197 1437 1260 1460 non
1293 1437 1440 1473 expressa
1467 1424 1515 1459 vel
1544 1423 1678 1458 totaliter
1699 1434 1762 1457 non
1785 1422 1840 1456 in-

1093 1482 1186 1515 serta,
1201 1474 1330 1510 effectus
1353 1487 1460 1510 earum
1476 1473 1620 1521 impediri
1642 1472 1742 1507 valeat
1757 1483 1840 1519 quo-

1096 1523 1265 1560 modolibet
1288 1524 1336 1559 vel
1363 1524 1494 1568 differri,
1516 1531 1547 1558 et
1573 1522 1611 1557 de
1638 1521 1752 1569 quibus
1765 1533 1841 1568 quo-

1095 1585 1231 1620 rumque
1252 1575 1325 1609 totis
1348 1573 1508 1609 tenoribus
1535 1572 1574 1607 de
1597 1573 1691 1606 verbo
1717 1571 1753 1606 ad
1770 1583 1841 1606 ver-

1095 1622 1169 1658 bum
1193 1623 1337 1659 habenda
1360 1625 1398 1659 sit
1421 1625 1451 1658 in
1475 1623 1590 1658 nostris
1611 1622 1708 1656 literis
1723 1621 1841 1656 mentio

1095 1673 1251 1720 specialis.
1280 1673 1344 1709 Seu
1368 1674 1394 1709 si
1421 1673 1603 1720 aliquibus,
1631 1671 1842 1707 communiter

1096 1723 1143 1757 vel
1165 1723 1355 1768 divisim,ab
1377 1724 1485 1758 eadem
1505 1723 1543 1757 sit
1565 1721 1648 1757 Sede
1683 1721 1841 1756 indultum

1096 1772 1180 1820 quod
1204 1774 1360 1814 interdici,
1382 1773 1531 1820 suspendi
1559 1772 1605 1807 vel
1633 1771 1843 1806 excommuni-

1096 1823 1157 1857 cari
1181 1835 1242 1858 non
1271 1824 1392 1871 possint
1426 1835 1482 1870 per
1516 1822 1624 1857 literas
1656 1821 1843 1868 apostolicas

1098 1884 1158 1906 non
1182 1873 1332 1908 facientes
1352 1873 1474 1920 plenam
1491 1881 1522 1906 et
1543 1883 1724 1919 expressam
1753 1883 1789 1905 ac
1805 1870 1844 1904 de

1097 1922 1192 1957 verbo
1221 1923 1258 1958 ad
1286 1922 1415 1958 verbum
1439 1922 1478 1957 de
1511 1922 1634 1957 indulto
1662 1919 1844 1956 huiusmodi

1097 1972 1303 2008 mentionem.

1146 2022 1166 2068 S
1187 2025 1244 2057 55.
1273 2022 1426 2057 Volumus
1448 2029 1551 2056 autem
1576 2019 1661 2068 quod
1690 2020 1845 2067 prioratus

1098 2079 1129 2106 ct
1150 2072 1208 2107 alia
1228 2072 1378 2108 beneficia
1402 2072 1487 2106 unita
1515 2070 1709 2113 huiusmodi,
1731 2069 1845 2103 debitis

1100 2180 1252 2216 nimarum
1276 2194 1348 2216 cura
1373 2182 1401 2215 in
1430 2180 1495 2221 οἷς,
1519 2180 1542 2214 si
1570 2191 1630 2226 qua
1658 2179 1720 2213 illis
1742 2177 1848 2212 immi·-

1101 2243 1192 2280 neat,
1214 2236 1393 2271 nullatenus
1415 2234 1609 2281 negligatur3
1632 2242 1661 2269 et
1683 2233 1712 2268 in
1736 2245 1848 2268 mona-

1099 2291 1204 2326 steriis
1233 2291 1326 2326 unitis
1358 2290 1540 2325 buiutinodi
1569 2288 1694 2323 divinus
1721 2288 1847 2332 cultus,

1101 2355 1131 2381 et
1147 2345 1259 2381 solitus
1282 2357 1484 2381 monacorum
1502 2352 1532 2379 et
1553 2344 1770 2378 ministrorum
1788 2354 1848 2376 nu-

1102 2413 1206 2437 merus
1233 2401 1410 2436 nullatenus
1434 2400 1616 2440 minuatur,
1643 2398 1696 2433 sed
1721 2398 1846 2432 illorum

1101 2465 1131 2490 et
1153 2456 1339 2492 dilectorum
1368 2456 1501 2490 filiorum
1527 2454 1651 2490 illorum
1674 2460 1848 2488 conventu-

1104 2523 1168 2550 um,
1193 2511 1217 2546 si
1236 2519 1409 2546 conventus
1432 2509 1578 2550 babeant,
1601 2516 1629 2543 ct
1652 2508 1846 2555 prioratuum

1102 2577 1137 2600 ac
1163 2564 1391 2600 beneficiorum
1425 2564 1582 2599 unitorum
1616 2561 1845 2610 praedictorum

1103 2630 1241 2667 congrue
1260 2627 1485 2667 supportentur
1511 2629 1604 2653 onera
1631 2623 1791 2652 consueta.
1807 2615 1848 2650 Et

1104 2674 1245 2722 insuper,
1267 2686 1303 2710 ex
1332 2686 1416 2708 nunc
1446 2672 1564 2707 irritum
1594 2671 1793 2707 decernimus
1817 2678 1848 2706 et

1849 273 1898 301 Au.
1917 274 1946 301 C.
1961 270 2026 301 ¹513

1876 2032 1966 2052 Bene-ne.
2012 2032 2041 2050 ui-

1859 2067 1926 2083 torttm
1950 2069 1998 2082 rura
2022 2066 2041 2082 el

1860 2095 1967 2115 servitium
2001 2100 2040 2113 non

1100 2134 1262 2173 propterea
1290 2139 1352 2162 non
1376 2125 1559 2160 fraudentur
1580 2124 1752 2171 obsequiis,
1769 2132 1799 2159 et
1819 2135 1847 2158 a·
1860 2126 2040 2153 Psae¹⁰¹¹¹¹¹¹¹³¹⁰f=
