<?xml version="1.0" encoding="UTF-8"?>
<!DOCTYPE html PUBLIC "-//W3C//DTD XHTML 1.0 Transitional//EN"
    "http://www.w3.org/TR/xhtml1/DTD/xhtml1-transitional.dtd">
<html xmlns="http://www.w3.org/1999/xhtml" xml:lang="en" lang="en">
 <head>
  <title>
</title>
<meta http-equiv="Content-Type" content="text/html;charset=utf-8" />
  <meta name='ocr-system' content='tesseract 3.04.00' />
  <meta name='ocr-capabilities' content='ocr_page ocr_carea ocr_par ocr_line ocrx_word'/>
</head>
<body>
  <div class='ocr_page' id='page_1' title='image "./bullarumdiplomat05cath_0683.png"; bbox 0 0 2281 3251; ppageno 0'>
   <div class='ocr_carea' id='block_1_1' title="bbox 0 1992 6 2973">
    <p class='ocr_par' dir='ltr' id='par_1_1' title="bbox 0 1992 6 2973">
     <span class='ocr_line' id='line_1_1' title="bbox 0 1992 6 2973; baseline 0 0"><span class='ocrx_word' id='word_1_1' title='bbox 0 1992 6 2973; x_wconf 95' lang='lat' dir='ltr'> </span> 
     </span>
    </p>
   </div>
   <div class='ocr_carea' id='block_1_2' title="bbox 82 290 264 318">
    <p class='ocr_par' dir='ltr' id='par_1_2' title="bbox 82 290 264 318">
     <span class='ocr_line' id='line_1_2' title="bbox 82 290 264 318; baseline -0.005 0"><span class='ocrx_word' id='word_1_2' title='bbox 82 290 131 318; x_wconf 83' lang='grc' dir='ltr'><strong>Αι).</strong></span> <span class='ocrx_word' id='word_1_3' title='bbox 149 290 178 317; x_wconf 87' lang='lat' dir='ltr'>C.</span> <span class='ocrx_word' id='word_1_4' title='bbox 196 290 264 317; x_wconf 75' lang='lat'>¹5¹6</span> 
     </span>
    </p>
   </div>
   <div class='ocr_carea' id='block_1_3' title="bbox 77 340 1025 2124">
    <p class='ocr_par' dir='ltr' id='par_1_3' title="bbox 89 340 1017 391">
     <span class='ocr_line' id='line_1_3' title="bbox 89 340 1017 391; baseline -0.004 -12"><span class='ocrx_word' id='word_1_5' title='bbox 89 357 186 379; x_wconf 59' lang='lat' dir='ltr'>tuamne.</span> <span class='ocrx_word' id='word_1_6' title='bbox 202 355 262 391; x_wconf 71' lang='lat' dir='ltr'>xin-</span> <span class='ocrx_word' id='word_1_7' title='bbox 276 343 332 378; x_wconf 91' lang='lat' dir='ltr'>ciis</span> <span class='ocrx_word' id='word_1_8' title='bbox 353 343 391 378; x_wconf 88' lang='lat' dir='ltr'>ad</span> <span class='ocrx_word' id='word_1_9' title='bbox 413 342 513 378; x_wconf 91' lang='lat' dir='ltr'>clarae</span> <span class='ocrx_word' id='word_1_10' title='bbox 542 341 710 376; x_wconf 81' lang='lat' dir='ltr'>memoriae</span> <span class='ocrx_word' id='word_1_11' title='bbox 740 341 935 376; x_wconf 91' lang='lat' dir='ltr'>Ludovicum</span> <span class='ocrx_word' id='word_1_12' title='bbox 959 340 1017 379; x_wconf 79' lang='lat' dir='ltr'>Xl,</span> 
     </span>
    </p>

    <p class='ocr_par' dir='ltr' id='par_1_4' title="bbox 79 388 1017 446">
     <span class='ocr_line' id='line_1_4' title="bbox 79 388 1017 446; baseline -0.005 -17"><span class='ocrx_word' id='word_1_13' title='bbox 79 388 260 446; x_wconf 57' lang='lat' dir='ltr'>{22PJJ’J⁰,}{¹J¹,¹‚J</span> <span class='ocrx_word' id='word_1_14' title='bbox 275 392 425 428; x_wconf 89' lang='lat' dir='ltr'>Franciae</span> <span class='ocrx_word' id='word_1_15' title='bbox 448 404 577 438; x_wconf 84' lang='lat' dir='ltr'>regem,</span> <span class='ocrx_word' id='word_1_16' title='bbox 600 391 779 436; x_wconf 88' lang='lat' dir='ltr'>destinatis,</span> <span class='ocrx_word' id='word_1_17' title='bbox 802 392 895 425; x_wconf 87' lang='lat' dir='ltr'>tantis</span> <span class='ocrx_word' id='word_1_18' title='bbox 917 391 1017 425; x_wconf 89' lang='lat' dir='ltr'>eidem</span> 
     </span>
    </p>

    <p class='ocr_par' dir='ltr' id='par_1_5' title="bbox 79 440 1019 489">
     <span class='ocr_line' id='line_1_5' title="bbox 79 440 1019 489; baseline -0.004 -11"><span class='ocrx_word' id='word_1_19' title='bbox 79 451 115 472; x_wconf 68' lang='lat' dir='ltr'>ud</span> <span class='ocrx_word' id='word_1_20' title='bbox 127 448 214 470; x_wconf 73' lang='lat' dir='ltr'>nonfuit</span> <span class='ocrx_word' id='word_1_21' title='bbox 227 449 262 470; x_wconf 82' lang='lat'>⁰¹·-</span> <span class='ocrx_word' id='word_1_22' title='bbox 276 442 464 489; x_wconf 89' lang='lat' dir='ltr'>persuaserit</span> <span class='ocrx_word' id='word_1_23' title='bbox 495 440 680 481; x_wconf 86' lang='lat' dir='ltr'>rationibus,</span> <span class='ocrx_word' id='word_1_24' title='bbox 705 450 735 475; x_wconf 91' lang='lat' dir='ltr'>ut</span> <span class='ocrx_word' id='word_1_25' title='bbox 764 454 817 476; x_wconf 83' lang='lat' dir='ltr'>rex</span> <span class='ocrx_word' id='word_1_26' title='bbox 840 441 905 488; x_wconf 90' lang='lat' dir='ltr'>ipse</span> <span class='ocrx_word' id='word_1_27' title='bbox 928 453 1019 487; x_wconf 86' lang='lat' dir='ltr'>prag-</span> 
     </span>
    </p>

    <p class='ocr_par' dir='ltr' id='par_1_6' title="bbox 79 479 1021 1171">
     <span class='ocr_line' id='line_1_6' title="bbox 79 479 1017 540; baseline -0.002 -14"><span class='ocrx_word' id='word_1_28' title='bbox 79 479 261 540; x_wconf 56' lang='lat' dir='ltr'>:2&#39;312&#39;3²J,¹²⁵⁶⁰²¹&#39;&#39;</span> <span class='ocrx_word' id='word_1_29' title='bbox 276 492 418 526; x_wconf 90' lang='lat' dir='ltr'>maticam</span> <span class='ocrx_word' id='word_1_30' title='bbox 442 491 635 526; x_wconf 73' lang='lat' dir='ltr'>sanctionem</span> <span class='ocrx_word' id='word_1_31' title='bbox 653 490 844 533; x_wconf 87' lang='lat' dir='ltr'>huiusmodi,</span> <span class='ocrx_word' id='word_1_32' title='bbox 859 498 1017 537; x_wconf 85' lang='lat' dir='ltr'>tamquam</span> 
     </span>
     <span class='ocr_line' id='line_1_7' title="bbox 274 540 1018 587; baseline -0.003 -12"><span class='ocrx_word' id='word_1_33' title='bbox 274 541 304 575; x_wconf 91' lang='lat' dir='ltr'>in</span> <span class='ocrx_word' id='word_1_34' title='bbox 327 541 485 576; x_wconf 90' lang='lat' dir='ltr'>seditione</span> <span class='ocrx_word' id='word_1_35' title='bbox 500 549 530 574; x_wconf 90' lang='lat' dir='ltr'>et</span> <span class='ocrx_word' id='word_1_36' title='bbox 544 540 723 575; x_wconf 80' lang='lat' dir='ltr'>schismatis</span> <span class='ocrx_word' id='word_1_37' title='bbox 746 548 887 587; x_wconf 86' lang='lat' dir='ltr'>tempore</span> <span class='ocrx_word' id='word_1_38' title='bbox 904 548 1018 579; x_wconf 81' lang='lat' dir='ltr'>natam,</span> 
     </span>
     <span class='ocr_line' id='line_1_8' title="bbox 272 589 1017 637; baseline -0.004 -12"><span class='ocrx_word' id='word_1_39' title='bbox 272 590 338 625; x_wconf 89' lang='lat' dir='ltr'>suis</span> <span class='ocrx_word' id='word_1_40' title='bbox 361 590 539 637; x_wconf 89' lang='lat' dir='ltr'>patentibus</span> <span class='ocrx_word' id='word_1_41' title='bbox 555 589 653 624; x_wconf 88' lang='lat' dir='ltr'>literis</span> <span class='ocrx_word' id='word_1_42' title='bbox 671 590 876 636; x_wconf 80' lang='lat' dir='ltr'>abrogaverit.</span> <span class='ocrx_word' id='word_1_43' title='bbox 900 589 1017 623; x_wconf 82' lang='lat' dir='ltr'>Tamen</span> 
     </span>
     <span class='ocr_line' id='line_1_9' title="bbox 272 638 1019 684; baseline -0.003 -10"><span class='ocrx_word' id='word_1_44' title='bbox 272 639 455 674; x_wconf 87' lang='lat' dir='ltr'>huiusmodi</span> <span class='ocrx_word' id='word_1_45' title='bbox 491 639 670 684; x_wconf 75' lang='lat' dir='ltr'>abrogatio,</span> <span class='ocrx_word' id='word_1_46' title='bbox 700 652 758 674; x_wconf 86' lang='lat' dir='ltr'>nec</span> <span class='ocrx_word' id='word_1_47' title='bbox 784 639 876 674; x_wconf 89' lang='lat' dir='ltr'>etiam</span> <span class='ocrx_word' id='word_1_48' title='bbox 913 638 1019 672; x_wconf 81' lang='lat' dir='ltr'>literae</span> 
     </span>
     <span class='ocr_line' id='line_1_10' title="bbox 272 688 1017 736; baseline -0.004 -12"><span class='ocrx_word' id='word_1_49' title='bbox 272 689 463 736; x_wconf 90' lang='lat' dir='ltr'>apostolicae</span> <span class='ocrx_word' id='word_1_50' title='bbox 487 689 612 736; x_wconf 88' lang='lat' dir='ltr'>praefati</span> <span class='ocrx_word' id='word_1_51' title='bbox 628 688 705 723; x_wconf 81' lang='lat' dir='ltr'>Sixti</span> <span class='ocrx_word' id='word_1_52' title='bbox 721 701 816 735; x_wconf 91' lang='lat' dir='ltr'>super</span> <span class='ocrx_word' id='word_1_53' title='bbox 833 688 1017 723; x_wconf 76' lang='lat' dir='ltr'>concordata</span> 
     </span>
     <span class='ocr_line' id='line_1_11' title="bbox 271 737 1017 785; baseline -0.003 -12"><span class='ocrx_word' id='word_1_54' title='bbox 271 751 343 774; x_wconf 92' lang='lat' dir='ltr'>cum</span> <span class='ocrx_word' id='word_1_55' title='bbox 358 739 536 774; x_wconf 91' lang='lat' dir='ltr'>oratoribus</span> <span class='ocrx_word' id='word_1_56' title='bbox 559 738 685 785; x_wconf 82' lang='lat' dir='ltr'>praefati</span> <span class='ocrx_word' id='word_1_57' title='bbox 707 739 790 785; x_wconf 88' lang='lat' dir='ltr'>regis</span> <span class='ocrx_word' id='word_1_58' title='bbox 812 738 963 773; x_wconf 91' lang='lat' dir='ltr'>Ludovici</span> <span class='ocrx_word' id='word_1_59' title='bbox 980 737 1017 771; x_wconf 91' lang='lat' dir='ltr'>ad</span> 
     </span>
     <span class='ocr_line' id='line_1_12' title="bbox 271 787 1018 837; baseline -0.003 -15"><span class='ocrx_word' id='word_1_60' title='bbox 271 788 447 837; x_wconf 82' lang='lat' dir='ltr'>praefatum</span> <span class='ocrx_word' id='word_1_61' title='bbox 475 788 599 823; x_wconf 83' lang='lat' dir='ltr'>Sixtum</span> <span class='ocrx_word' id='word_1_62' title='bbox 624 788 896 834; x_wconf 77' lang='lat' dir='ltr'>praedecessorem</span> <span class='ocrx_word' id='word_1_63' title='bbox 920 787 1018 821; x_wconf 88' lang='lat' dir='ltr'>desti-</span> 
     </span>
     <span class='ocr_line' id='line_1_13' title="bbox 271 836 1019 884; baseline -0.004 -11"><span class='ocrx_word' id='word_1_64' title='bbox 271 838 354 873; x_wconf 87' lang='lat' dir='ltr'>natis</span> <span class='ocrx_word' id='word_1_65' title='bbox 392 838 508 881; x_wconf 87' lang='lat' dir='ltr'>habita,</span> <span class='ocrx_word' id='word_1_66' title='bbox 531 838 713 884; x_wconf 70' lang='lat' dir='ltr'>expeditae,</span> <span class='ocrx_word' id='word_1_67' title='bbox 736 850 790 884; x_wconf 92' lang='lat' dir='ltr'>per</span> <span class='ocrx_word' id='word_1_68' title='bbox 813 836 968 884; x_wconf 85' lang='lat' dir='ltr'>praelatos</span> <span class='ocrx_word' id='word_1_69' title='bbox 989 844 1019 870; x_wconf 90' lang='lat' dir='ltr'>et</span> 
     </span>
     <span class='ocr_line' id='line_1_14' title="bbox 272 887 1019 935; baseline -0.004 -12"><span class='ocrx_word' id='word_1_70' title='bbox 272 900 421 935; x_wconf 83' lang='lat' dir='ltr'>personas</span> <span class='ocrx_word' id='word_1_71' title='bbox 447 887 675 922; x_wconf 88' lang='lat' dir='ltr'>ecclesiasticas</span> <span class='ocrx_word' id='word_1_72' title='bbox 702 887 775 922; x_wconf 89' lang='lat' dir='ltr'>dicti</span> <span class='ocrx_word' id='word_1_73' title='bbox 804 887 891 933; x_wconf 86' lang='lat' dir='ltr'>regni</span> <span class='ocrx_word' id='word_1_74' title='bbox 926 898 1019 920; x_wconf 89' lang='lat' dir='ltr'>rece-</span> 
     </span>
     <span class='ocr_line' id='line_1_15' title="bbox 271 936 1019 985; baseline -0.004 -13"><span class='ocrx_word' id='word_1_75' title='bbox 271 945 342 985; x_wconf 90' lang='lat' dir='ltr'>ptae</span> <span class='ocrx_word' id='word_1_76' title='bbox 365 937 501 978; x_wconf 69' lang='lat' dir='ltr'>suerunt,</span> <span class='ocrx_word' id='word_1_77' title='bbox 524 949 581 971; x_wconf 92' lang='lat' dir='ltr'>nec</span> <span class='ocrx_word' id='word_1_78' title='bbox 596 937 654 984; x_wconf 90' lang='lat' dir='ltr'>ipsi</span> <span class='ocrx_word' id='word_1_79' title='bbox 673 936 799 984; x_wconf 88' lang='lat' dir='ltr'>praelati</span> <span class='ocrx_word' id='word_1_80' title='bbox 822 944 851 971; x_wconf 93' lang='lat' dir='ltr'>et</span> <span class='ocrx_word' id='word_1_81' title='bbox 868 947 1019 983; x_wconf 81' lang='lat' dir='ltr'>personae</span> 
     </span>
     <span class='ocr_line' id='line_1_16' title="bbox 271 984 1021 1033; baseline -0.005 -11"><span class='ocrx_word' id='word_1_82' title='bbox 271 987 502 1023; x_wconf 85' lang='lat' dir='ltr'>ecclesiasticae</span> <span class='ocrx_word' id='word_1_83' title='bbox 525 986 585 1020; x_wconf 89' lang='lat' dir='ltr'>illis</span> <span class='ocrx_word' id='word_1_84' title='bbox 611 999 730 1033; x_wconf 89' lang='lat' dir='ltr'>parere,</span> <span class='ocrx_word' id='word_1_85' title='bbox 749 998 805 1020; x_wconf 89' lang='lat' dir='ltr'>nec</span> <span class='ocrx_word' id='word_1_86' title='bbox 830 985 958 1020; x_wconf 89' lang='lat' dir='ltr'>monitis</span> <span class='ocrx_word' id='word_1_87' title='bbox 971 984 1021 1018; x_wconf 90' lang='lat' dir='ltr'>In-</span> 
     </span>
     <span class='ocr_line' id='line_1_17' title="bbox 272 1034 1019 1083; baseline -0.004 -12"><span class='ocrx_word' id='word_1_88' title='bbox 272 1037 411 1072; x_wconf 88' lang='lat' dir='ltr'>nocentii</span> <span class='ocrx_word' id='word_1_89' title='bbox 431 1045 461 1071; x_wconf 87' lang='lat' dir='ltr'>et</span> <span class='ocrx_word' id='word_1_90' title='bbox 476 1036 547 1071; x_wconf 92' lang='lat' dir='ltr'>Iulii</span> <span class='ocrx_word' id='word_1_91' title='bbox 573 1036 721 1083; x_wconf 81' lang='lat' dir='ltr'>praedicti</span> <span class='ocrx_word' id='word_1_92' title='bbox 744 1048 834 1070; x_wconf 90' lang='lat' dir='ltr'>aures</span> <span class='ocrx_word' id='word_1_93' title='bbox 859 1034 1019 1081; x_wconf 79' lang='lat' dir='ltr'>praebere,</span> 
     </span>
     <span class='ocr_line' id='line_1_18' title="bbox 272 1084 1020 1132; baseline -0.005 -11"><span class='ocrx_word' id='word_1_94' title='bbox 272 1086 326 1121; x_wconf 87' lang='lat' dir='ltr'>sed</span> <span class='ocrx_word' id='word_1_95' title='bbox 343 1086 445 1121; x_wconf 85' lang='lat' dir='ltr'>eidem</span> <span class='ocrx_word' id='word_1_96' title='bbox 463 1086 670 1132; x_wconf 80' lang='lat' dir='ltr'>pragmaticae</span> <span class='ocrx_word' id='word_1_97' title='bbox 686 1085 902 1120; x_wconf 91' lang='lat' dir='ltr'>constitutioni</span> <span class='ocrx_word' id='word_1_98' title='bbox 917 1084 1020 1118; x_wconf 87' lang='lat' dir='ltr'>inbae-</span> 
     </span>
     <span class='ocr_line' id='line_1_19' title="bbox 272 1136 539 1171; baseline -0.007 0"><span class='ocrx_word' id='word_1_99' title='bbox 272 1148 340 1171; x_wconf 89' lang='lat' dir='ltr'>rere</span> <span class='ocrx_word' id='word_1_100' title='bbox 363 1136 539 1170; x_wconf 86' lang='lat' dir='ltr'>voluerunt.</span> 
     </span>
    </p>

    <p class='ocr_par' dir='ltr' id='par_1_7' title="bbox 77 1182 1020 1428">
     <span class='ocr_line' id='line_1_20' title="bbox 320 1182 1019 1233; baseline -0.006 -13"><span class='ocrx_word' id='word_1_101' title='bbox 320 1185 386 1233; x_wconf 65' lang='lat'>§5-</span> <span class='ocrx_word' id='word_1_102' title='bbox 397 1184 490 1221; x_wconf 84' lang='lat' dir='ltr'>Unde</span> <span class='ocrx_word' id='word_1_103' title='bbox 505 1184 659 1232; x_wconf 85' lang='lat' dir='ltr'>praefatus</span> <span class='ocrx_word' id='word_1_104' title='bbox 673 1184 770 1219; x_wconf 86' lang='lat' dir='ltr'>Iulius</span> <span class='ocrx_word' id='word_1_105' title='bbox 786 1182 1019 1230; x_wconf 84' lang='lat' dir='ltr'>praedecessor,</span> 
     </span>
     <span class='ocr_line' id='line_1_21' title="bbox 91 1232 1020 1282; baseline -0.004 -12"><span class='ocrx_word' id='word_1_106' title='bbox 91 1243 156 1266; x_wconf 70' lang='lat' dir='ltr'>lulius</span> <span class='ocrx_word' id='word_1_107' title='bbox 177 1244 225 1265; x_wconf 76' lang='lat' dir='ltr'>ideo</span> <span class='ocrx_word' id='word_1_108' title='bbox 240 1242 258 1264; x_wconf 84' lang='lat'>¹¹</span> <span class='ocrx_word' id='word_1_109' title='bbox 275 1236 304 1270; x_wconf 92' lang='lat' dir='ltr'>in</span> <span class='ocrx_word' id='word_1_110' title='bbox 328 1235 484 1282; x_wconf 83' lang='lat' dir='ltr'>praesenti</span> <span class='ocrx_word' id='word_1_111' title='bbox 501 1234 634 1269; x_wconf 87' lang='lat' dir='ltr'>concilio</span> <span class='ocrx_word' id='word_1_112' title='bbox 648 1232 864 1272; x_wconf 75' lang='lat' dir='ltr'>Later-anensi,</span> <span class='ocrx_word' id='word_1_113' title='bbox 888 1233 1020 1266; x_wconf 89' lang='lat' dir='ltr'>univer-</span> 
     </span>
     <span class='ocr_line' id='line_1_22' title="bbox 77 1274 1018 1332; baseline -0.004 -13"><span class='ocrx_word' id='word_1_114' title='bbox 77 1274 260 1332; x_wconf 49' lang='grc' dir='ltr'>,οξῶζιιὸξξῖξέθ</span> <span class='ocrx_word' id='word_1_115' title='bbox 274 1285 368 1319; x_wconf 91' lang='lat' dir='ltr'>salem</span> <span class='ocrx_word' id='word_1_116' title='bbox 393 1284 565 1318; x_wconf 84' lang='lat' dir='ltr'>Ecclesiam</span> <span class='ocrx_word' id='word_1_117' title='bbox 590 1291 858 1329; x_wconf 82' lang='lat' dir='ltr'>repraesentante,</span> <span class='ocrx_word' id='word_1_118' title='bbox 877 1294 1018 1328; x_wconf 89' lang='lat' dir='ltr'>pereum</span> 
     </span>
     <span class='ocr_line' id='line_1_23' title="bbox 79 1331 1020 1390; baseline -0.007 -18"><span class='ocrx_word' id='word_1_119' title='bbox 79 1336 261 1390; x_wconf 44' lang='lat' dir='ltr'>⁶⁶2l³¹¹³¹¹⁵b⁹fflffi</span> <span class='ocrx_word' id='word_1_120' title='bbox 275 1334 410 1380; x_wconf 83' lang='lat' dir='ltr'>legitime</span> <span class='ocrx_word' id='word_1_121' title='bbox 430 1333 557 1376; x_wconf 89' lang='lat' dir='ltr'>indicto,</span> <span class='ocrx_word' id='word_1_122' title='bbox 575 1332 788 1378; x_wconf 80' lang='lat' dir='ltr'>abrogationis</span> <span class='ocrx_word' id='word_1_123' title='bbox 811 1331 1020 1378; x_wconf 82' lang='lat' dir='ltr'>pragmaticae</span> 
     </span>
     <span class='ocr_line' id='line_1_24' title="bbox 78 1374 1020 1428; baseline -0.008 -6"><span class='ocrx_word' id='word_1_124' title='bbox 78 1374 259 1427; x_wconf 53' lang='lat' dir='ltr'>litiniacifgiui‘s&#39;sgti</span> <span class='ocrx_word' id='word_1_125' title='bbox 273 1382 444 1417; x_wconf 87' lang='lat' dir='ltr'>sanctionis</span> <span class='ocrx_word' id='word_1_126' title='bbox 476 1382 658 1417; x_wconf 85' lang='lat' dir='ltr'>huiusmodi</span> <span class='ocrx_word' id='word_1_127' title='bbox 687 1381 850 1428; x_wconf 84' lang='lat' dir='ltr'>negotium</span> <span class='ocrx_word' id='word_1_128' title='bbox 881 1389 911 1415; x_wconf 90' lang='lat' dir='ltr'>et</span> <span class='ocrx_word' id='word_1_129' title='bbox 934 1381 1020 1414; x_wconf 90' lang='lat' dir='ltr'>illius</span> 
     </span>
    </p>

    <p class='ocr_par' dir='ltr' id='par_1_8' title="bbox 273 1431 1025 2124">
     <span class='ocr_line' id='line_1_25' title="bbox 273 1431 1020 1467; baseline -0.004 0"><span class='ocrx_word' id='word_1_130' title='bbox 273 1432 504 1467; x_wconf 88' lang='lat' dir='ltr'>discussionem</span> <span class='ocrx_word' id='word_1_131' title='bbox 532 1431 758 1466; x_wconf 89' lang='lat' dir='ltr'>venerabilium</span> <span class='ocrx_word' id='word_1_132' title='bbox 787 1431 916 1465; x_wconf 77' lang='lat' dir='ltr'>fratrum</span> <span class='ocrx_word' id='word_1_133' title='bbox 945 1442 1020 1465; x_wconf 93' lang='lat' dir='ltr'>suo-</span> 
     </span>
     <span class='ocr_line' id='line_1_26' title="bbox 273 1481 1020 1528; baseline -0.005 -11"><span class='ocrx_word' id='word_1_134' title='bbox 273 1495 342 1518; x_wconf 90' lang='lat' dir='ltr'>rum</span> <span class='ocrx_word' id='word_1_135' title='bbox 359 1482 576 1522; x_wconf 75' lang='lat' dir='ltr'>cardinalium,</span> <span class='ocrx_word' id='word_1_136' title='bbox 591 1481 630 1516; x_wconf 92' lang='lat' dir='ltr'>de</span> <span class='ocrx_word' id='word_1_137' title='bbox 647 1493 780 1528; x_wconf 89' lang='lat' dir='ltr'>quorum</span> <span class='ocrx_word' id='word_1_138' title='bbox 800 1492 931 1515; x_wconf 89' lang='lat' dir='ltr'>numero</span> <span class='ocrx_word' id='word_1_139' title='bbox 947 1488 1020 1514; x_wconf 83' lang='lat' dir='ltr'>tunc</span> 
     </span>
     <span class='ocr_line' id='line_1_27' title="bbox 273 1530 1020 1577; baseline -0.004 -11"><span class='ocrx_word' id='word_1_140' title='bbox 273 1544 412 1575; x_wconf 86' lang='lat' dir='ltr'>eramus,</span> <span class='ocrx_word' id='word_1_141' title='bbox 435 1540 464 1566; x_wconf 88' lang='lat' dir='ltr'>et</span> <span class='ocrx_word' id='word_1_142' title='bbox 497 1532 631 1566; x_wconf 89' lang='lat' dir='ltr'>aliorum</span> <span class='ocrx_word' id='word_1_143' title='bbox 657 1530 863 1577; x_wconf 87' lang='lat' dir='ltr'>praelatorum</span> <span class='ocrx_word' id='word_1_144' title='bbox 887 1541 1020 1576; x_wconf 86' lang='lat' dir='ltr'>congre-</span> 
     </span>
     <span class='ocr_line' id='line_1_28' title="bbox 273 1579 1020 1628; baseline -0.005 -12"><span class='ocrx_word' id='word_1_145' title='bbox 273 1580 721 1628; x_wconf 83' lang='lat' dir='ltr'>gationibus,relationemque</span> <span class='ocrx_word' id='word_1_146' title='bbox 732 1580 948 1614; x_wconf 90' lang='lat' dir='ltr'>discussorum</span> <span class='ocrx_word' id='word_1_147' title='bbox 960 1579 1020 1613; x_wconf 89' lang='lat' dir='ltr'>sibi</span> 
     </span>
     <span class='ocr_line' id='line_1_29' title="bbox 273 1629 1021 1670; baseline -0.005 -4"><span class='ocrx_word' id='word_1_148' title='bbox 273 1641 303 1666; x_wconf 88' lang='lat' dir='ltr'>et</span> <span class='ocrx_word' id='word_1_149' title='bbox 337 1631 441 1666; x_wconf 87' lang='lat' dir='ltr'>eidem</span> <span class='ocrx_word' id='word_1_150' title='bbox 477 1630 610 1666; x_wconf 87' lang='lat' dir='ltr'>concilio</span> <span class='ocrx_word' id='word_1_151' title='bbox 638 1629 811 1664; x_wconf 86' lang='lat' dir='ltr'>faciendam</span> <span class='ocrx_word' id='word_1_152' title='bbox 839 1629 1021 1670; x_wconf 87' lang='lat' dir='ltr'>commisit;</span> 
     </span>
     <span class='ocr_line' id='line_1_30' title="bbox 274 1678 1022 1728; baseline -0.005 -12"><span class='ocrx_word' id='word_1_153' title='bbox 274 1680 474 1728; x_wconf 87' lang='lat' dir='ltr'>Gallicosque</span> <span class='ocrx_word' id='word_1_154' title='bbox 502 1680 680 1727; x_wconf 85' lang='lat' dir='ltr'>praelatos,</span> <span class='ocrx_word' id='word_1_155' title='bbox 708 1679 843 1726; x_wconf 88' lang='lat' dir='ltr'>capitula</span> <span class='ocrx_word' id='word_1_156' title='bbox 865 1678 1022 1714; x_wconf 89' lang='lat' dir='ltr'>ecclesia-</span> 
     </span>
     <span class='ocr_line' id='line_1_31' title="bbox 274 1728 1023 1774; baseline -0.003 -10"><span class='ocrx_word' id='word_1_157' title='bbox 274 1743 356 1774; x_wconf 80' lang='lat' dir='ltr'>rum,</span> <span class='ocrx_word' id='word_1_158' title='bbox 379 1730 638 1765; x_wconf 83' lang='lat' dir='ltr'>monasteriorum</span> <span class='ocrx_word' id='word_1_159' title='bbox 658 1737 832 1764; x_wconf 91' lang='lat' dir='ltr'>conventus</span> <span class='ocrx_word' id='word_1_160' title='bbox 859 1741 894 1763; x_wconf 91' lang='lat' dir='ltr'>ac</span> <span class='ocrx_word' id='word_1_161' title='bbox 916 1728 1023 1774; x_wconf 88' lang='lat' dir='ltr'>parla-</span> 
     </span>
     <span class='ocr_line' id='line_1_32' title="bbox 275 1779 1023 1819; baseline -0.004 -4"><span class='ocrx_word' id='word_1_162' title='bbox 275 1788 379 1815; x_wconf 88' lang='lat' dir='ltr'>menta</span> <span class='ocrx_word' id='word_1_163' title='bbox 406 1789 437 1814; x_wconf 91' lang='lat' dir='ltr'>et</span> <span class='ocrx_word' id='word_1_164' title='bbox 463 1780 558 1814; x_wconf 88' lang='lat' dir='ltr'>laicos</span> <span class='ocrx_word' id='word_1_165' title='bbox 581 1779 641 1813; x_wconf 92' lang='lat' dir='ltr'>illis</span> <span class='ocrx_word' id='word_1_166' title='bbox 664 1779 812 1819; x_wconf 74' lang='lat' dir='ltr'>faventes,</span> <span class='ocrx_word' id='word_1_167' title='bbox 835 1779 1023 1813; x_wconf 89' lang='lat' dir='ltr'>cuiuscum-</span> 
     </span>
     <span class='ocr_line' id='line_1_33' title="bbox 275 1828 1022 1878; baseline -0.005 -13"><span class='ocrx_word' id='word_1_168' title='bbox 275 1842 337 1878; x_wconf 91' lang='lat' dir='ltr'>que</span> <span class='ocrx_word' id='word_1_169' title='bbox 358 1829 529 1876; x_wconf 72' lang='lat' dir='ltr'>dignitatis,</span> <span class='ocrx_word' id='word_1_170' title='bbox 545 1829 636 1863; x_wconf 89' lang='lat' dir='ltr'>etiam</span> <span class='ocrx_word' id='word_1_171' title='bbox 656 1829 680 1862; x_wconf 92' lang='lat' dir='ltr'>si</span> <span class='ocrx_word' id='word_1_172' title='bbox 707 1828 819 1874; x_wconf 87' lang='lat' dir='ltr'>regalis</span> <span class='ocrx_word' id='word_1_173' title='bbox 840 1829 1022 1871; x_wconf 80' lang='lat' dir='ltr'>existerent,</span> 
     </span>
     <span class='ocr_line' id='line_1_34' title="bbox 275 1877 1023 1926; baseline -0.004 -12"><span class='ocrx_word' id='word_1_174' title='bbox 275 1880 437 1915; x_wconf 88' lang='lat' dir='ltr'>sanctione</span> <span class='ocrx_word' id='word_1_175' title='bbox 465 1878 619 1926; x_wconf 86' lang='lat' dir='ltr'>praedicta</span> <span class='ocrx_word' id='word_1_176' title='bbox 639 1887 761 1914; x_wconf 90' lang='lat' dir='ltr'>utentes</span> <span class='ocrx_word' id='word_1_177' title='bbox 782 1890 839 1913; x_wconf 89' lang='lat' dir='ltr'>seu</span> <span class='ocrx_word' id='word_1_178' title='bbox 862 1877 944 1912; x_wconf 85' lang='lat' dir='ltr'>illam</span> <span class='ocrx_word' id='word_1_179' title='bbox 968 1889 1023 1923; x_wconf 88' lang='lat' dir='ltr'>ap-</span> 
     </span>
     <span class='ocr_line' id='line_1_35' title="bbox 277 1928 1023 1977; baseline -0.003 -14"><span class='ocrx_word' id='word_1_180' title='bbox 277 1929 457 1977; x_wconf 70' lang='lat' dir='ltr'>probantes,</span> <span class='ocrx_word' id='word_1_181' title='bbox 479 1940 653 1975; x_wconf 83' lang='lat' dir='ltr'>omnesqne</span> <span class='ocrx_word' id='word_1_182' title='bbox 667 1936 696 1962; x_wconf 91' lang='lat' dir='ltr'>et</span> <span class='ocrx_word' id='word_1_183' title='bbox 709 1928 854 1973; x_wconf 81' lang='lat' dir='ltr'>singulos</span> <span class='ocrx_word' id='word_1_184' title='bbox 865 1928 943 1962; x_wconf 89' lang='lat' dir='ltr'>alios</span> <span class='ocrx_word' id='word_1_185' title='bbox 956 1939 1023 1966; x_wconf 78' lang='lat' dir='ltr'>sua,</span> 
     </span>
     <span class='ocr_line' id='line_1_36' title="bbox 276 1978 1024 2024; baseline -0.004 -11"><span class='ocrx_word' id='word_1_186' title='bbox 276 1979 488 2014; x_wconf 88' lang='lat' dir='ltr'>communiter</span> <span class='ocrx_word' id='word_1_187' title='bbox 511 1978 556 2013; x_wconf 73' lang='lat' dir='ltr'>rel</span> <span class='ocrx_word' id='word_1_188' title='bbox 573 1979 710 2022; x_wconf 78' lang='lat' dir='ltr'>divisim,</span> <span class='ocrx_word' id='word_1_189' title='bbox 732 1978 881 2012; x_wconf 88' lang='lat' dir='ltr'>interesse</span> <span class='ocrx_word' id='word_1_190' title='bbox 911 1985 1024 2024; x_wconf 89' lang='lat' dir='ltr'>putan-</span> 
     </span>
     <span class='ocr_line' id='line_1_37' title="bbox 276 2026 1025 2076; baseline -0.004 -13"><span class='ocrx_word' id='word_1_191' title='bbox 276 2036 335 2073; x_wconf 82' lang='lat' dir='ltr'>tes,</span> <span class='ocrx_word' id='word_1_192' title='bbox 352 2041 407 2076; x_wconf 89' lang='lat' dir='ltr'>per</span> <span class='ocrx_word' id='word_1_193' title='bbox 428 2028 567 2063; x_wconf 90' lang='lat' dir='ltr'>edictum</span> <span class='ocrx_word' id='word_1_194' title='bbox 589 2028 763 2075; x_wconf 87' lang='lat' dir='ltr'>publicum,</span> <span class='ocrx_word' id='word_1_195' title='bbox 780 2040 850 2062; x_wconf 92' lang='lat' dir='ltr'>cnm</span> <span class='ocrx_word' id='word_1_196' title='bbox 867 2026 903 2061; x_wconf 88' lang='lat' dir='ltr'>ad</span> <span class='ocrx_word' id='word_1_197' title='bbox 923 2034 1025 2073; x_wconf 89' lang='lat' dir='ltr'>partes</span> 
     </span>
     <span class='ocr_line' id='line_1_38' title="bbox 276 2076 1025 2124; baseline -0.005 -11"><span class='ocrx_word' id='word_1_198' title='bbox 276 2078 345 2113; x_wconf 86' lang='lat' dir='ltr'>illas</span> <span class='ocrx_word' id='word_1_199' title='bbox 373 2087 457 2113; x_wconf 91' lang='lat' dir='ltr'>tutus</span> <span class='ocrx_word' id='word_1_200' title='bbox 484 2091 545 2113; x_wconf 88' lang='lat' dir='ltr'>non</span> <span class='ocrx_word' id='word_1_201' title='bbox 572 2086 688 2124; x_wconf 91' lang='lat' dir='ltr'>pateret</span> <span class='ocrx_word' id='word_1_202' title='bbox 710 2089 868 2121; x_wconf 82' lang='lat' dir='ltr'>accessus,</span> <span class='ocrx_word' id='word_1_203' title='bbox 885 2077 915 2110; x_wconf 91' lang='lat' dir='ltr'>in</span> <span class='ocrx_word' id='word_1_204' title='bbox 932 2076 1025 2111; x_wconf 87' lang='lat' dir='ltr'>certis</span> 
     </span>
    </p>
   </div>
   <div class='ocr_carea' id='block_1_4' title="bbox 277 2130 1028 2762">
    <p class='ocr_par' dir='ltr' id='par_1_9' title="bbox 277 2130 1028 2762">
     <span class='ocr_line' id='line_1_39' title="bbox 277 2130 1025 2179; baseline -0.005 -11"><span class='ocrx_word' id='word_1_205' title='bbox 277 2133 417 2168; x_wconf 79' lang='lat' dir='ltr'>ecclesiis</span> <span class='ocrx_word' id='word_1_206' title='bbox 444 2142 519 2168; x_wconf 88' lang='lat' dir='ltr'>tunc</span> <span class='ocrx_word' id='word_1_207' title='bbox 546 2132 703 2179; x_wconf 86' lang='lat' dir='ltr'>expressis</span> <span class='ocrx_word' id='word_1_208' title='bbox 738 2130 928 2177; x_wconf 81' lang='lat' dir='ltr'>affigendum</span> <span class='ocrx_word' id='word_1_209' title='bbox 957 2143 1025 2165; x_wconf 88' lang='lat' dir='ltr'>mo-</span> 
     </span>
     <span class='ocr_line' id='line_1_40' title="bbox 277 2186 1024 2231; baseline -0.005 -10"><span class='ocrx_word' id='word_1_210' title='bbox 277 2186 344 2221; x_wconf 88' lang='lat' dir='ltr'>neri</span> <span class='ocrx_word' id='word_1_211' title='bbox 371 2195 400 2222; x_wconf 85' lang='lat' dir='ltr'>et</span> <span class='ocrx_word' id='word_1_212' title='bbox 422 2186 509 2221; x_wconf 87' lang='lat' dir='ltr'>citari</span> <span class='ocrx_word' id='word_1_213' title='bbox 537 2186 615 2220; x_wconf 83' lang='lat' dir='ltr'>infra</span> <span class='ocrx_word' id='word_1_214' title='bbox 642 2195 762 2220; x_wconf 87' lang='lat' dir='ltr'>certum</span> <span class='ocrx_word' id='word_1_215' title='bbox 794 2192 1024 2231; x_wconf 86' lang='lat' dir='ltr'>competentem</span> 
     </span>
     <span class='ocr_line' id='line_1_41' title="bbox 277 2238 1023 2288; baseline -0.004 -13"><span class='ocrx_word' id='word_1_216' title='bbox 277 2241 447 2276; x_wconf 83' lang='lat' dir='ltr'>terminum</span> <span class='ocrx_word' id='word_1_217' title='bbox 466 2240 705 2288; x_wconf 82' lang='lat' dir='ltr'>praeligendum</span> <span class='ocrx_word' id='word_1_218' title='bbox 721 2239 759 2274; x_wconf 87' lang='lat' dir='ltr'>ad</span> <span class='ocrx_word' id='word_1_219' title='bbox 775 2238 1023 2286; x_wconf 85' lang='lat' dir='ltr'>comparendum</span> 
     </span>
     <span class='ocr_line' id='line_1_42' title="bbox 279 2293 1025 2340; baseline -0.007 -10"><span class='ocrx_word' id='word_1_220' title='bbox 279 2307 383 2330; x_wconf 89' lang='lat' dir='ltr'>coram</span> <span class='ocrx_word' id='word_1_221' title='bbox 407 2307 444 2330; x_wconf 91' lang='lat' dir='ltr'>eo</span> <span class='ocrx_word' id='word_1_222' title='bbox 466 2295 496 2329; x_wconf 91' lang='lat' dir='ltr'>in</span> <span class='ocrx_word' id='word_1_223' title='bbox 520 2295 654 2329; x_wconf 87' lang='lat' dir='ltr'>concilio</span> <span class='ocrx_word' id='word_1_224' title='bbox 680 2293 827 2340; x_wconf 80' lang='lat' dir='ltr'>praefato,</span> <span class='ocrx_word' id='word_1_225' title='bbox 850 2304 1025 2339; x_wconf 82' lang='lat' dir='ltr'>causasque</span> 
     </span>
     <span class='ocr_line' id='line_1_43' title="bbox 280 2347 1027 2396; baseline -0.005 -12"><span class='ocrx_word' id='word_1_226' title='bbox 280 2349 460 2389; x_wconf 73' lang='lat' dir='ltr'>dicendum,</span> <span class='ocrx_word' id='word_1_227' title='bbox 476 2362 572 2396; x_wconf 87' lang='lat' dir='ltr'>quare</span> <span class='ocrx_word' id='word_1_228' title='bbox 594 2349 712 2383; x_wconf 82' lang='lat' dir='ltr'>sanctio</span> <span class='ocrx_word' id='word_1_229' title='bbox 736 2347 883 2394; x_wconf 83' lang='lat' dir='ltr'>praefata,</span> <span class='ocrx_word' id='word_1_230' title='bbox 901 2347 930 2381; x_wconf 86' lang='lat' dir='ltr'>in</span> <span class='ocrx_word' id='word_1_231' title='bbox 950 2359 1027 2381; x_wconf 88' lang='lat' dir='ltr'>con-</span> 
     </span>
     <span class='ocr_line' id='line_1_44' title="bbox 280 2402 1027 2448; baseline -0.005 -10"><span class='ocrx_word' id='word_1_232' title='bbox 280 2404 483 2438; x_wconf 88' lang='lat' dir='ltr'>cernentibus</span> <span class='ocrx_word' id='word_1_233' title='bbox 515 2404 754 2446; x_wconf 80' lang='lat' dir='ltr'>anctoritatem,</span> <span class='ocrx_word' id='word_1_234' title='bbox 778 2402 962 2448; x_wconf 83' lang='lat' dir='ltr'>dignitatem</span> <span class='ocrx_word' id='word_1_235' title='bbox 997 2408 1027 2435; x_wconf 90' lang='lat' dir='ltr'>et</span> 
     </span>
     <span class='ocr_line' id='line_1_45' title="bbox 282 2455 1028 2502; baseline -0.007 -9"><span class='ocrx_word' id='word_1_236' title='bbox 282 2459 431 2493; x_wconf 88' lang='lat' dir='ltr'>unitatem</span> <span class='ocrx_word' id='word_1_237' title='bbox 450 2458 610 2493; x_wconf 87' lang='lat' dir='ltr'>Ecclesiae</span> <span class='ocrx_word' id='word_1_238' title='bbox 633 2457 795 2492; x_wconf 88' lang='lat' dir='ltr'>Romanae</span> <span class='ocrx_word' id='word_1_239' title='bbox 817 2465 846 2490; x_wconf 89' lang='lat' dir='ltr'>et</span> <span class='ocrx_word' id='word_1_240' title='bbox 865 2455 1028 2502; x_wconf 79' lang='lat' dir='ltr'>Apostoli-</span> 
     </span>
     <span class='ocr_line' id='line_1_46' title="bbox 282 2511 1028 2558; baseline -0.004 -12"><span class='ocrx_word' id='word_1_241' title='bbox 282 2524 336 2546; x_wconf 88' lang='lat' dir='ltr'>cae</span> <span class='ocrx_word' id='word_1_242' title='bbox 357 2511 471 2555; x_wconf 90' lang='lat' dir='ltr'>Sedis,</span> <span class='ocrx_word' id='word_1_243' title='bbox 494 2523 718 2558; x_wconf 89' lang='lat' dir='ltr'>sacrorumque</span> <span class='ocrx_word' id='word_1_244' title='bbox 740 2522 897 2545; x_wconf 88' lang='lat' dir='ltr'>canonum</span> <span class='ocrx_word' id='word_1_245' title='bbox 921 2517 951 2544; x_wconf 89' lang='lat' dir='ltr'>et</span> <span class='ocrx_word' id='word_1_246' title='bbox 973 2521 1028 2543; x_wconf 89' lang='lat' dir='ltr'>ec-</span> 
     </span>
     <span class='ocr_line' id='line_1_47' title="bbox 282 2564 1028 2604; baseline -0.004 -4"><span class='ocrx_word' id='word_1_247' title='bbox 282 2566 476 2601; x_wconf 86' lang='lat' dir='ltr'>clesiasticae</span> <span class='ocrx_word' id='word_1_248' title='bbox 498 2566 649 2601; x_wconf 88' lang='lat' dir='ltr'>libertatis</span> <span class='ocrx_word' id='word_1_249' title='bbox 673 2565 883 2604; x_wconf 88' lang='lat' dir='ltr'>violationem,</span> <span class='ocrx_word' id='word_1_250' title='bbox 899 2564 982 2598; x_wconf 87' lang='lat' dir='ltr'>nulla</span> <span class='ocrx_word' id='word_1_251' title='bbox 998 2571 1028 2598; x_wconf 90' lang='lat' dir='ltr'>et</span> 
     </span>
     <span class='ocr_line' id='line_1_48' title="bbox 283 2619 1026 2666; baseline -0.003 -12"><span class='ocrx_word' id='word_1_252' title='bbox 283 2620 415 2655; x_wconf 83' lang='lat' dir='ltr'>invalida</span> <span class='ocrx_word' id='word_1_253' title='bbox 428 2620 587 2665; x_wconf 84' lang='lat' dir='ltr'>declarari,</span> <span class='ocrx_word' id='word_1_254' title='bbox 607 2620 732 2655; x_wconf 89' lang='lat' dir='ltr'>decerni</span> <span class='ocrx_word' id='word_1_255' title='bbox 756 2628 786 2655; x_wconf 93' lang='lat' dir='ltr'>et</span> <span class='ocrx_word' id='word_1_256' title='bbox 807 2619 948 2666; x_wconf 86' lang='lat' dir='ltr'>abrogari</span> <span class='ocrx_word' id='word_1_257' title='bbox 965 2630 1026 2653; x_wconf 93' lang='lat' dir='ltr'>non</span> 
     </span>
     <span class='ocr_line' id='line_1_49' title="bbox 284 2674 423 2709; baseline -0.007 0"><span class='ocrx_word' id='word_1_258' title='bbox 284 2674 423 2709; x_wconf 84' lang='lat' dir='ltr'>deberet.</span> 
     </span>
     <span class='ocr_line' id='line_1_50' title="bbox 362 2730 871 2762; baseline -0.004 0"><span class='ocrx_word' id='word_1_259' title='bbox 362 2732 435 2762; x_wconf 85' lang='lat' dir='ltr'>Bull.</span> <span class='ocrx_word' id='word_1_260' title='bbox 458 2731 534 2762; x_wconf 75' lang='lat' dir='ltr'>Rom.</span> <span class='ocrx_word' id='word_1_261' title='bbox 557 2731 610 2762; x_wconf 83' lang='lat' dir='ltr'>Vol.</span> <span class='ocrx_word' id='word_1_262' title='bbox 638 2730 665 2761; x_wconf 84' lang='lat' dir='ltr'>V.</span> <span class='ocrx_word' id='word_1_263' title='bbox 834 2730 871 2760; x_wconf 74' lang='lat'>84</span> 
     </span>
    </p>
   </div>
   <div class='ocr_carea' id='block_1_5' title="bbox 955 285 1129 309">
    <p class='ocr_par' dir='ltr' id='par_1_10' title="bbox 955 285 1129 309">
     <span class='ocr_line' id='line_1_51' title="bbox 955 285 1129 309; baseline -0.006 -1"><span class='ocrx_word' id='word_1_264' title='bbox 955 285 1016 309; x_wconf 90' lang='lat' dir='ltr'>LEO</span> <span class='ocrx_word' id='word_1_265' title='bbox 1037 286 1059 308; x_wconf 72' lang='grc' dir='ltr'>Χ</span> <span class='ocrx_word' id='word_1_266' title='bbox 1081 285 1129 308; x_wconf 78' lang='lat' dir='ltr'>Pt‘.</span> 
     </span>
    </p>
   </div>
   <div class='ocr_carea' id='block_1_6' title="bbox 1109 269 2006 384">
    <p class='ocr_par' dir='ltr' id='par_1_11' title="bbox 1109 269 2006 384">
     <span class='ocr_line' id='line_1_52' title="bbox 1688 269 2004 306; baseline -0.006 1"><span class='ocrx_word' id='word_1_267' title='bbox 1688 269 1758 302; x_wconf 70' lang='lat'>663</span> <span class='ocrx_word' id='word_1_268' title='bbox 1822 280 1872 306; x_wconf 74' lang='lat' dir='ltr'>An.</span> <span class='ocrx_word' id='word_1_269' title='bbox 1891 279 1919 306; x_wconf 87' lang='lat' dir='ltr'>c.</span> <span class='ocrx_word' id='word_1_270' title='bbox 1935 279 2004 305; x_wconf 75' lang='lat'>1516</span> 
     </span>
     <span class='ocr_line' id='line_1_53' title="bbox 1109 334 2006 384; baseline -0.008 -10"><span class='ocrx_word' id='word_1_271' title='bbox 1109 343 1124 383; x_wconf 65' lang='lat' dir='ltr'>g</span> <span class='ocrx_word' id='word_1_272' title='bbox 1149 343 1180 374; x_wconf 68' lang='lat'>4.</span> <span class='ocrx_word' id='word_1_273' title='bbox 1202 338 1241 373; x_wconf 84' lang='lat' dir='ltr'>Et</span> <span class='ocrx_word' id='word_1_274' title='bbox 1263 350 1332 373; x_wconf 89' lang='lat' dir='ltr'>cum</span> <span class='ocrx_word' id='word_1_275' title='bbox 1361 349 1457 384; x_wconf 87' lang='lat' dir='ltr'>snper</span> <span class='ocrx_word' id='word_1_276' title='bbox 1475 336 1524 380; x_wconf 91' lang='lat' dir='ltr'>iis,</span> <span class='ocrx_word' id='word_1_277' title='bbox 1547 336 1577 370; x_wconf 91' lang='lat' dir='ltr'>in</span> <span class='ocrx_word' id='word_1_278' title='bbox 1602 335 1702 370; x_wconf 79' lang='lat' dir='ltr'>forma</span> <span class='ocrx_word' id='word_1_279' title='bbox 1718 334 1805 369; x_wconf 84' lang='lat' dir='ltr'>iuris.</span> <span class='ocrx_word' id='word_1_280' title='bbox 1836 339 1864 360; x_wconf 69' lang='lat'>5⁰</span> <span class='ocrx_word' id='word_1_281' title='bbox 1880 340 2006 365; x_wconf 57' lang='lat' dir='ltr'>desan-dne</span> 
     </span>
    </p>
   </div>
   <div class='ocr_carea' id='block_1_7' title="bbox 1061 371 2014 2664">
    <p class='ocr_par' dir='ltr' id='par_1_12' title="bbox 1062 371 2008 583">
     <span class='ocr_line' id='line_1_54' title="bbox 1062 371 2007 434; baseline -0.006 -11"><span class='ocrx_word' id='word_1_282' title='bbox 1062 390 1092 423; x_wconf 89' lang='lat' dir='ltr'>in</span> <span class='ocrx_word' id='word_1_283' title='bbox 1118 388 1254 434; x_wconf 83' lang='lat' dir='ltr'>praefato</span> <span class='ocrx_word' id='word_1_284' title='bbox 1277 387 1407 422; x_wconf 89' lang='lat' dir='ltr'>concilio</span> <span class='ocrx_word' id='word_1_285' title='bbox 1431 385 1632 421; x_wconf 87' lang='lat' dir='ltr'>Lateranensi</span> <span class='ocrx_word' id='word_1_286' title='bbox 1657 384 1809 431; x_wconf 87' lang='lat' dir='ltr'>procede·</span> <span class='ocrx_word' id='word_1_287' title='bbox 1824 371 2007 428; x_wconf 48' lang='lat' dir='ltr'>ffi‘ssssssupf‘odoeuss</span> 
     </span>
     <span class='ocr_line' id='line_1_55' title="bbox 1063 434 2008 485; baseline -0.006 -12"><span class='ocrx_word' id='word_1_288' title='bbox 1063 448 1158 478; x_wconf 79' lang='lat' dir='ltr'>retur,</span> <span class='ocrx_word' id='word_1_289' title='bbox 1180 438 1345 484; x_wconf 87' lang='lat' dir='ltr'>dictusque</span> <span class='ocrx_word' id='word_1_290' title='bbox 1369 436 1468 471; x_wconf 88' lang='lat' dir='ltr'>lulius</span> <span class='ocrx_word' id='word_1_291' title='bbox 1485 435 1705 482; x_wconf 85' lang='lat' dir='ltr'>praedecessor</span> <span class='ocrx_word' id='word_1_292' title='bbox 1717 434 1808 477; x_wconf 88' lang='lat' dir='ltr'>(sicut</span> <span class='ocrx_word' id='word_1_293' title='bbox 1824 435 1901 485; x_wconf 51' lang='lat' dir='ltr'>:2¹th</span> <span class='ocrx_word' id='word_1_294' title='bbox 1921 439 2008 485; x_wconf 45' lang='lat' dir='ltr'><strong>&#39;fnum</strong></span> 
     </span>
     <span class='ocr_line' id='line_1_56' title="bbox 1063 471 2005 534; baseline -0.007 -12"><span class='ocrx_word' id='word_1_295' title='bbox 1063 488 1198 522; x_wconf 85' lang='lat' dir='ltr'>Domino</span> <span class='ocrx_word' id='word_1_296' title='bbox 1227 487 1359 534; x_wconf 88' lang='lat' dir='ltr'>placuit)</span> <span class='ocrx_word' id='word_1_297' title='bbox 1395 486 1490 520; x_wconf 88' lang='lat' dir='ltr'>rebus</span> <span class='ocrx_word' id='word_1_298' title='bbox 1518 485 1626 519; x_wconf 81' lang='lat' dir='ltr'>fnisset</span> <span class='ocrx_word' id='word_1_299' title='bbox 1661 483 1809 518; x_wconf 87' lang='lat' dir='ltr'>humanis</span> <span class='ocrx_word' id='word_1_300' title='bbox 1887 471 1918 491; x_wconf 58' lang='grc' dir='ltr'>Ῥ</span> <span class='ocrx_word' id='word_1_301' title='bbox 2002 480 2005 483; x_wconf 76' lang='grc'><strong>’</strong></span> 
     </span>
     <span class='ocr_line' id='line_1_57' title="bbox 1062 532 1809 583; baseline -0.007 -11"><span class='ocrx_word' id='word_1_302' title='bbox 1062 546 1237 583; x_wconf 65' lang='lat' dir='ltr'>exemptus,</span> <span class='ocrx_word' id='word_1_303' title='bbox 1261 549 1392 583; x_wconf 84' lang='lat' dir='ltr'>nosque,</span> <span class='ocrx_word' id='word_1_304' title='bbox 1416 535 1519 569; x_wconf 87' lang='lat' dir='ltr'>divina</span> <span class='ocrx_word' id='word_1_305' title='bbox 1532 534 1653 568; x_wconf 86' lang='lat' dir='ltr'>favente</span> <span class='ocrx_word' id='word_1_306' title='bbox 1668 532 1809 568; x_wconf 87' lang='lat' dir='ltr'>clemen-</span> 
     </span>
    </p>

    <p class='ocr_par' dir='ltr' id='par_1_13' title="bbox 1063 584 1810 632">
     <span class='ocr_line' id='line_1_58' title="bbox 1063 584 1810 632; baseline -0.007 -11"><span class='ocrx_word' id='word_1_307' title='bbox 1063 589 1115 631; x_wconf 90' lang='lat' dir='ltr'>tia,</span> <span class='ocrx_word' id='word_1_308' title='bbox 1141 587 1177 621; x_wconf 91' lang='lat' dir='ltr'>ad</span> <span class='ocrx_word' id='word_1_309' title='bbox 1194 586 1309 621; x_wconf 86' lang='lat' dir='ltr'>summi</span> <span class='ocrx_word' id='word_1_310' title='bbox 1333 584 1526 632; x_wconf 90' lang='lat' dir='ltr'>apostolatus</span> <span class='ocrx_word' id='word_1_311' title='bbox 1548 584 1667 630; x_wconf 88' lang='lat' dir='ltr'>apicem</span> <span class='ocrx_word' id='word_1_312' title='bbox 1688 594 1810 617; x_wconf 88' lang='lat' dir='ltr'>assum-</span> 
     </span>
    </p>

    <p class='ocr_par' dir='ltr' id='par_1_14' title="bbox 1063 633 1809 683">
     <span class='ocr_line' id='line_1_59' title="bbox 1063 633 1809 683; baseline -0.003 -14"><span class='ocrx_word' id='word_1_313' title='bbox 1063 638 1104 683; x_wconf 90' lang='lat' dir='ltr'>pti</span> <span class='ocrx_word' id='word_1_314' title='bbox 1120 637 1300 674; x_wconf 57' lang='lat' dir='ltr'>fnsssemns,</span> <span class='ocrx_word' id='word_1_315' title='bbox 1316 643 1346 670; x_wconf 90' lang='lat' dir='ltr'>et</span> <span class='ocrx_word' id='word_1_316' title='bbox 1358 644 1465 669; x_wconf 90' lang='lat' dir='ltr'>contra</span> <span class='ocrx_word' id='word_1_317' title='bbox 1482 633 1648 679; x_wconf 88' lang='lat' dir='ltr'>praelatos,</span> <span class='ocrx_word' id='word_1_318' title='bbox 1664 633 1809 679; x_wconf 80' lang='lat' dir='ltr'>capitula,</span> 
     </span>
    </p>

    <p class='ocr_par' dir='ltr' id='par_1_15' title="bbox 1061 682 1810 731">
     <span class='ocr_line' id='line_1_60' title="bbox 1061 682 1810 731; baseline -0.007 -11"><span class='ocrx_word' id='word_1_319' title='bbox 1061 694 1234 720; x_wconf 85' lang='lat' dir='ltr'>conventus</span> <span class='ocrx_word' id='word_1_320' title='bbox 1261 693 1289 718; x_wconf 87' lang='lat' dir='ltr'>ct</span> <span class='ocrx_word' id='word_1_321' title='bbox 1319 696 1469 731; x_wconf 86' lang='lat' dir='ltr'>personas</span> <span class='ocrx_word' id='word_1_322' title='bbox 1482 682 1662 718; x_wconf 86' lang='lat' dir='ltr'>huiusmodi</span> <span class='ocrx_word' id='word_1_323' title='bbox 1677 682 1715 716; x_wconf 85' lang='lat' dir='ltr'>ad</span> <span class='ocrx_word' id='word_1_324' title='bbox 1730 694 1810 716; x_wconf 92' lang='lat' dir='ltr'>non-</span> 
     </span>
    </p>

    <p class='ocr_par' dir='ltr' id='par_1_16' title="bbox 1064 734 1584 781">
     <span class='ocr_line' id='line_1_61' title="bbox 1064 734 1584 781; baseline -0.004 -12"><span class='ocrx_word' id='word_1_325' title='bbox 1064 736 1167 770; x_wconf 89' lang='lat' dir='ltr'>nullos</span> <span class='ocrx_word' id='word_1_326' title='bbox 1194 743 1281 769; x_wconf 89' lang='lat' dir='ltr'>actus</span> <span class='ocrx_word' id='word_1_327' title='bbox 1311 734 1584 781; x_wconf 74' lang='lat' dir='ltr'>processissemus.</span> 
     </span>
    </p>

    <p class='ocr_par' dir='ltr' id='par_1_17' title="bbox 1062 783 2010 2011">
     <span class='ocr_line' id='line_1_62' title="bbox 1110 783 1974 832; baseline -0.005 -14"><span class='ocrx_word' id='word_1_328' title='bbox 1110 785 1129 832; x_wconf 64' lang='lat' dir='ltr'>g</span> <span class='ocrx_word' id='word_1_329' title='bbox 1145 787 1176 819; x_wconf 82' lang='lat'>5.</span> <span class='ocrx_word' id='word_1_330' title='bbox 1194 784 1348 827; x_wconf 79' lang='lat' dir='ltr'>Tandem,</span> <span class='ocrx_word' id='word_1_331' title='bbox 1364 783 1600 818; x_wconf 85' lang='lat' dir='ltr'>considerantes</span> <span class='ocrx_word' id='word_1_332' title='bbox 1616 793 1724 830; x_wconf 90' lang='lat' dir='ltr'>pacem</span> <span class='ocrx_word' id='word_1_333' title='bbox 1741 793 1811 816; x_wconf 88' lang='lat' dir='ltr'>esse</span> <span class='ocrx_word' id='word_1_334' title='bbox 1971 823 1974 828; x_wconf 59' lang='lat'>,</span> 
     </span>
     <span class='ocr_line' id='line_1_63' title="bbox 1062 823 2010 880; baseline -0.003 -13"><span class='ocrx_word' id='word_1_335' title='bbox 1062 835 1220 868; x_wconf 65' lang='lat' dir='ltr'>xinculttm</span> <span class='ocrx_word' id='word_1_336' title='bbox 1249 834 1412 868; x_wconf 84' lang='lat' dir='ltr'>cliaritatis</span> <span class='ocrx_word' id='word_1_337' title='bbox 1439 842 1469 867; x_wconf 91' lang='lat' dir='ltr'>et</span> <span class='ocrx_word' id='word_1_338' title='bbox 1491 832 1689 880; x_wconf 81' lang='lat' dir='ltr'>spiritualem</span> <span class='ocrx_word' id='word_1_339' title='bbox 1718 823 2010 875; x_wconf 50' lang='lat' dir='ltr'>virtu-{Zffffiffsssssslstss’s‘</span> 
     </span>
     <span class='ocr_line' id='line_1_64' title="bbox 1063 881 1990 930; baseline -0.002 -14"><span class='ocrx_word' id='word_1_340' title='bbox 1063 894 1136 923; x_wconf 83' lang='lat' dir='ltr'>tem,</span> <span class='ocrx_word' id='word_1_341' title='bbox 1164 895 1224 930; x_wconf 88' lang='lat' dir='ltr'>qna</span> <span class='ocrx_word' id='word_1_342' title='bbox 1247 883 1415 922; x_wconf 81' lang='lat' dir='ltr'>salvamur,</span> <span class='ocrx_word' id='word_1_343' title='bbox 1435 881 1558 917; x_wconf 88' lang='lat' dir='ltr'>dicente</span> <span class='ocrx_word' id='word_1_344' title='bbox 1578 881 1727 916; x_wconf 85' lang='lat' dir='ltr'>Domino:</span> <span class='ocrx_word' id='word_1_345' title='bbox 1750 882 1813 922; x_wconf 83' lang='lat' dir='ltr'>Oui</span> <span class='ocrx_word' id='word_1_346' title='bbox 1826 886 1870 907; x_wconf 72' lang='lat'>¹¹20</span> <span class='ocrx_word' id='word_1_347' title='bbox 1885 886 1990 907; x_wconf 59' lang='lat' dir='ltr'>memfi-</span> 
     </span>
     <span class='ocr_line' id='line_1_65' title="bbox 1062 933 1810 978; baseline -0.005 -10"><span class='ocrx_word' id='word_1_348' title='bbox 1062 935 1168 968; x_wconf 76' lang='lat' dir='ltr'>biberit</span> <span class='ocrx_word' id='word_1_349' title='bbox 1195 945 1327 978; x_wconf 79' lang='lat' dir='ltr'>aquam,</span> <span class='ocrx_word' id='word_1_350' title='bbox 1353 945 1445 978; x_wconf 79' lang='lat' dir='ltr'>qnam</span> <span class='ocrx_word' id='word_1_351' title='bbox 1467 945 1520 976; x_wconf 71' lang='lat' dir='ltr'>eqo</span> <span class='ocrx_word' id='word_1_352' title='bbox 1547 933 1626 965; x_wconf 81' lang='lat' dir='ltr'>dabo</span> <span class='ocrx_word' id='word_1_353' title='bbox 1648 934 1676 965; x_wconf 78' lang='lat' dir='ltr'>ei</span> <span class='ocrx_word' id='word_1_354' title='bbox 1701 933 1810 969; x_wconf 78' lang='lat' dir='ltr'>bibere,</span> 
     </span>
     <span class='ocr_line' id='line_1_66' title="bbox 1062 981 1812 1027; baseline 0 -12"><span class='ocrx_word' id='word_1_355' title='bbox 1062 996 1122 1017; x_wconf 78' lang='lat' dir='ltr'>non</span> <span class='ocrx_word' id='word_1_356' title='bbox 1148 984 1225 1016; x_wconf 77' lang='lat' dir='ltr'>sitiet</span> <span class='ocrx_word' id='word_1_357' title='bbox 1247 984 1279 1016; x_wconf 83' lang='lat' dir='ltr'>in</span> <span class='ocrx_word' id='word_1_358' title='bbox 1305 990 1478 1022; x_wconf 58' lang='lat' dir='ltr'>aetermam</span> <span class='ocrx_word' id='word_1_359' title='bbox 1507 989 1536 1015; x_wconf 87' lang='lat' dir='ltr'>et</span> <span class='ocrx_word' id='word_1_360' title='bbox 1563 981 1648 1027; x_wconf 84' lang='lat' dir='ltr'>qnod</span> <span class='ocrx_word' id='word_1_361' title='bbox 1679 981 1708 1014; x_wconf 90' lang='lat' dir='ltr'>in</span> <span class='ocrx_word' id='word_1_362' title='bbox 1739 992 1812 1026; x_wconf 81' lang='lat' dir='ltr'>pace</span> 
     </span>
     <span class='ocr_line' id='line_1_67' title="bbox 1062 1029 1810 1073; baseline -0.003 -7"><span class='ocrx_word' id='word_1_363' title='bbox 1062 1033 1211 1066; x_wconf 84' lang='lat' dir='ltr'>consistat</span> <span class='ocrx_word' id='word_1_364' title='bbox 1247 1032 1332 1066; x_wconf 88' lang='lat' dir='ltr'>salus</span> <span class='ocrx_word' id='word_1_365' title='bbox 1369 1031 1598 1073; x_wconf 83' lang='lat' dir='ltr'>universorum,</span> <span class='ocrx_word' id='word_1_366' title='bbox 1621 1029 1810 1065; x_wconf 87' lang='lat' dir='ltr'>Cassiodoro</span> 
     </span>
     <span class='ocr_line' id='line_1_68' title="bbox 1062 1079 1812 1128; baseline -0.005 -12"><span class='ocrx_word' id='word_1_367' title='bbox 1062 1090 1207 1125; x_wconf 88' lang='lat' dir='ltr'>testante,</span> <span class='ocrx_word' id='word_1_368' title='bbox 1221 1081 1305 1116; x_wconf 92' lang='lat' dir='ltr'>omni</span> <span class='ocrx_word' id='word_1_369' title='bbox 1322 1081 1440 1128; x_wconf 88' lang='lat' dir='ltr'>qnippe</span> <span class='ocrx_word' id='word_1_370' title='bbox 1459 1092 1555 1126; x_wconf 86' lang='lat' dir='ltr'>regno</span> <span class='ocrx_word' id='word_1_371' title='bbox 1574 1079 1812 1114; x_wconf 82' lang='lat' dir='ltr'>desiderabilior</span> 
     </span>
     <span class='ocr_line' id='line_1_69' title="bbox 1063 1128 1810 1177; baseline -0.004 -12"><span class='ocrx_word' id='word_1_372' title='bbox 1063 1131 1157 1165; x_wconf 87' lang='lat' dir='ltr'>debet</span> <span class='ocrx_word' id='word_1_373' title='bbox 1178 1143 1246 1166; x_wconf 85' lang='lat' dir='ltr'>esse</span> <span class='ocrx_word' id='word_1_374' title='bbox 1271 1131 1491 1177; x_wconf 85' lang='lat' dir='ltr'>tranquillitas,</span> <span class='ocrx_word' id='word_1_375' title='bbox 1515 1130 1543 1163; x_wconf 88' lang='lat' dir='ltr'>iu</span> <span class='ocrx_word' id='word_1_376' title='bbox 1568 1141 1628 1176; x_wconf 92' lang='lat' dir='ltr'>qua</span> <span class='ocrx_word' id='word_1_377' title='bbox 1648 1137 1678 1163; x_wconf 92' lang='lat' dir='ltr'>et</span> <span class='ocrx_word' id='word_1_378' title='bbox 1701 1128 1810 1175; x_wconf 89' lang='lat' dir='ltr'>populi</span> 
     </span>
     <span class='ocr_line' id='line_1_70' title="bbox 1064 1177 1812 1226; baseline -0.005 -11"><span class='ocrx_word' id='word_1_379' title='bbox 1064 1181 1242 1226; x_wconf 78' lang='lat' dir='ltr'>proliciunt,</span> <span class='ocrx_word' id='word_1_380' title='bbox 1262 1188 1292 1214; x_wconf 92' lang='lat' dir='ltr'>et</span> <span class='ocrx_word' id='word_1_381' title='bbox 1309 1180 1425 1213; x_wconf 88' lang='lat' dir='ltr'>utilitas</span> <span class='ocrx_word' id='word_1_382' title='bbox 1452 1179 1593 1225; x_wconf 81' lang='lat' dir='ltr'>gentium</span> <span class='ocrx_word' id='word_1_383' title='bbox 1617 1177 1812 1218; x_wconf 89' lang='lat' dir='ltr'>custoditur,</span> 
     </span>
     <span class='ocr_line' id='line_1_71' title="bbox 1062 1229 1814 1274; baseline -0.004 -10"><span class='ocrx_word' id='word_1_384' title='bbox 1062 1239 1182 1265; x_wconf 86' lang='lat' dir='ltr'>matura</span> <span class='ocrx_word' id='word_1_385' title='bbox 1206 1229 1433 1264; x_wconf 85' lang='lat' dir='ltr'>deliberatione</span> <span class='ocrx_word' id='word_1_386' title='bbox 1448 1229 1666 1274; x_wconf 85' lang='lat' dir='ltr'>cogitavimus,</span> <span class='ocrx_word' id='word_1_387' title='bbox 1681 1239 1741 1262; x_wconf 92' lang='lat' dir='ltr'>non</span> <span class='ocrx_word' id='word_1_388' title='bbox 1760 1239 1814 1274; x_wconf 88' lang='lat' dir='ltr'>per</span> 
     </span>
     <span class='ocr_line' id='line_1_72' title="bbox 1063 1277 1814 1325; baseline -0.004 -12"><span class='ocrx_word' id='word_1_389' title='bbox 1063 1280 1198 1314; x_wconf 90' lang='lat' dir='ltr'>nuncios</span> <span class='ocrx_word' id='word_1_390' title='bbox 1220 1288 1272 1314; x_wconf 88' lang='lat' dir='ltr'>ant</span> <span class='ocrx_word' id='word_1_391' title='bbox 1296 1279 1412 1325; x_wconf 75' lang='lat' dir='ltr'>legatos</span> <span class='ocrx_word' id='word_1_392' title='bbox 1435 1287 1572 1322; x_wconf 88' lang='lat' dir='ltr'>nostros,</span> <span class='ocrx_word' id='word_1_393' title='bbox 1593 1277 1649 1311; x_wconf 92' lang='lat' dir='ltr'>sed</span> <span class='ocrx_word' id='word_1_394' title='bbox 1673 1278 1704 1311; x_wconf 92' lang='lat' dir='ltr'>in</span> <span class='ocrx_word' id='word_1_395' title='bbox 1721 1289 1814 1323; x_wconf 90' lang='lat' dir='ltr'>prae-</span> 
     </span>
     <span class='ocr_line' id='line_1_73' title="bbox 1062 1326 1814 1373; baseline -0.004 -10"><span class='ocrx_word' id='word_1_396' title='bbox 1062 1330 1196 1364; x_wconf 84' lang='lat' dir='ltr'>statione</span> <span class='ocrx_word' id='word_1_397' title='bbox 1219 1328 1415 1363; x_wconf 82' lang='lat' dir='ltr'>obedientiae</span> <span class='ocrx_word' id='word_1_398' title='bbox 1444 1327 1568 1371; x_wconf 84' lang='lat' dir='ltr'>filialis,</span> <span class='ocrx_word' id='word_1_399' title='bbox 1593 1339 1686 1373; x_wconf 89' lang='lat' dir='ltr'>quam</span> <span class='ocrx_word' id='word_1_400' title='bbox 1715 1326 1814 1360; x_wconf 88' lang='lat' dir='ltr'>caris-</span> 
     </span>
     <span class='ocr_line' id='line_1_74' title="bbox 1063 1375 1813 1416; baseline -0.004 -3"><span class='ocrx_word' id='word_1_401' title='bbox 1063 1379 1162 1414; x_wconf 84' lang='lat' dir='ltr'>simus</span> <span class='ocrx_word' id='word_1_402' title='bbox 1186 1379 1214 1413; x_wconf 89' lang='lat' dir='ltr'>in</span> <span class='ocrx_word' id='word_1_403' title='bbox 1239 1378 1366 1413; x_wconf 85' lang='lat' dir='ltr'>Christo</span> <span class='ocrx_word' id='word_1_404' title='bbox 1390 1377 1471 1411; x_wconf 83' lang='lat' dir='ltr'>filius</span> <span class='ocrx_word' id='word_1_405' title='bbox 1495 1375 1813 1416; x_wconf 79' lang='lat' dir='ltr'>noster-Franciscus‚</span> 
     </span>
     <span class='ocr_line' id='line_1_75' title="bbox 1063 1427 1814 1473; baseline -0.005 -10"><span class='ocrx_word' id='word_1_406' title='bbox 1063 1428 1257 1463; x_wconf 83' lang='lat' dir='ltr'>Francorum</span> <span class='ocrx_word' id='word_1_407' title='bbox 1288 1441 1341 1462; x_wconf 90' lang='lat' dir='ltr'>rex</span> <span class='ocrx_word' id='word_1_408' title='bbox 1371 1427 1675 1470; x_wconf 84' lang='lat' dir='ltr'>christianissimus,</span> <span class='ocrx_word' id='word_1_409' title='bbox 1703 1437 1814 1473; x_wconf 87' lang='lat' dir='ltr'>perso-</span> 
     </span>
     <span class='ocr_line' id='line_1_76' title="bbox 1065 1476 1815 1524; baseline -0.005 -11"><span class='ocrx_word' id='word_1_410' title='bbox 1065 1479 1176 1513; x_wconf 88' lang='lat' dir='ltr'>naliter</span> <span class='ocrx_word' id='word_1_411' title='bbox 1199 1478 1289 1512; x_wconf 89' lang='lat' dir='ltr'>nobis</span> <span class='ocrx_word' id='word_1_412' title='bbox 1313 1477 1483 1524; x_wconf 88' lang='lat' dir='ltr'>praestitit,</span> <span class='ocrx_word' id='word_1_413' title='bbox 1510 1476 1588 1511; x_wconf 89' lang='lat' dir='ltr'>haec</span> <span class='ocrx_word' id='word_1_414' title='bbox 1611 1488 1683 1511; x_wconf 92' lang='lat' dir='ltr'>cum</span> <span class='ocrx_word' id='word_1_415' title='bbox 1708 1476 1815 1509; x_wconf 90' lang='lat' dir='ltr'>maie-</span> 
     </span>
     <span class='ocr_line' id='line_1_77' title="bbox 1064 1526 1814 1572; baseline -0.004 -10"><span class='ocrx_word' id='word_1_416' title='bbox 1064 1537 1142 1564; x_wconf 87' lang='lat' dir='ltr'>state</span> <span class='ocrx_word' id='word_1_417' title='bbox 1172 1540 1227 1562; x_wconf 91' lang='lat' dir='ltr'>sua</span> <span class='ocrx_word' id='word_1_418' title='bbox 1262 1539 1367 1561; x_wconf 92' lang='lat' dir='ltr'>coram</span> <span class='ocrx_word' id='word_1_419' title='bbox 1394 1526 1567 1570; x_wconf 90' lang='lat' dir='ltr'>discutere,</span> <span class='ocrx_word' id='word_1_420' title='bbox 1589 1537 1728 1572; x_wconf 89' lang='lat' dir='ltr'>eumque</span> <span class='ocrx_word' id='word_1_421' title='bbox 1752 1537 1814 1570; x_wconf 91' lang='lat' dir='ltr'>pa-</span> 
     </span>
     <span class='ocr_line' id='line_1_78' title="bbox 1065 1575 1814 1616; baseline -0.004 -4"><span class='ocrx_word' id='word_1_422' title='bbox 1065 1577 1287 1612; x_wconf 82' lang='lat' dir='ltr'>ternisliortari</span> <span class='ocrx_word' id='word_1_423' title='bbox 1302 1576 1442 1616; x_wconf 88' lang='lat' dir='ltr'>monitis,</span> <span class='ocrx_word' id='word_1_424' title='bbox 1458 1575 1541 1610; x_wconf 88' lang='lat' dir='ltr'>utad</span> <span class='ocrx_word' id='word_1_425' title='bbox 1566 1575 1689 1610; x_wconf 90' lang='lat' dir='ltr'>laudem</span> <span class='ocrx_word' id='word_1_426' title='bbox 1713 1575 1770 1610; x_wconf 89' lang='lat' dir='ltr'>Dei</span> <span class='ocrx_word' id='word_1_427' title='bbox 1785 1583 1814 1609; x_wconf 81' lang='lat' dir='ltr'>et</span> 
     </span>
     <span class='ocr_line' id='line_1_79' title="bbox 1065 1624 1815 1672; baseline -0.004 -10"><span class='ocrx_word' id='word_1_428' title='bbox 1065 1628 1112 1663; x_wconf 91' lang='lat' dir='ltr'>sui</span> <span class='ocrx_word' id='word_1_429' title='bbox 1141 1627 1309 1670; x_wconf 82' lang='lat' dir='ltr'>honorent,</span> <span class='ocrx_word' id='word_1_430' title='bbox 1334 1633 1482 1672; x_wconf 89' lang='lat' dir='ltr'>prompto</span> <span class='ocrx_word' id='word_1_431' title='bbox 1504 1625 1622 1669; x_wconf 88' lang='lat' dir='ltr'>animo,</span> <span class='ocrx_word' id='word_1_432' title='bbox 1645 1624 1745 1659; x_wconf 88' lang='lat' dir='ltr'>libens</span> <span class='ocrx_word' id='word_1_433' title='bbox 1779 1637 1815 1659; x_wconf 84' lang='lat' dir='ltr'>ac</span> 
     </span>
     <span class='ocr_line' id='line_1_80' title="bbox 1065 1675 1815 1722; baseline -0.004 -11"><span class='ocrx_word' id='word_1_434' title='bbox 1065 1678 1171 1712; x_wconf 79' lang='lat' dir='ltr'>rolens</span> <span class='ocrx_word' id='word_1_435' title='bbox 1192 1677 1293 1711; x_wconf 87' lang='lat' dir='ltr'>dictae</span> <span class='ocrx_word' id='word_1_436' title='bbox 1317 1675 1526 1722; x_wconf 87' lang='lat' dir='ltr'>pragmaticae</span> <span class='ocrx_word' id='word_1_437' title='bbox 1548 1675 1701 1709; x_wconf 91' lang='lat' dir='ltr'>sanctioni</span> <span class='ocrx_word' id='word_1_438' title='bbox 1723 1675 1815 1709; x_wconf 89' lang='lat' dir='ltr'>abre-</span> 
     </span>
     <span class='ocr_line' id='line_1_81' title="bbox 1064 1725 1815 1767; baseline -0.004 -6"><span class='ocrx_word' id='word_1_439' title='bbox 1064 1728 1227 1767; x_wconf 85' lang='lat' dir='ltr'>nunciare,</span> <span class='ocrx_word' id='word_1_440' title='bbox 1250 1734 1280 1760; x_wconf 91' lang='lat' dir='ltr'>et</span> <span class='ocrx_word' id='word_1_441' title='bbox 1310 1725 1487 1760; x_wconf 89' lang='lat' dir='ltr'>secundum</span> <span class='ocrx_word' id='word_1_442' title='bbox 1519 1737 1657 1759; x_wconf 89' lang='lat' dir='ltr'>canones</span> <span class='ocrx_word' id='word_1_443' title='bbox 1683 1732 1714 1758; x_wconf 92' lang='lat' dir='ltr'>et</span> <span class='ocrx_word' id='word_1_444' title='bbox 1736 1737 1815 1759; x_wconf 93' lang='lat' dir='ltr'>con-</span> 
     </span>
     <span class='ocr_line' id='line_1_82' title="bbox 1065 1773 1818 1821; baseline -0.004 -10"><span class='ocrx_word' id='word_1_445' title='bbox 1065 1777 1246 1812; x_wconf 88' lang='lat' dir='ltr'>stitutiones</span> <span class='ocrx_word' id='word_1_446' title='bbox 1272 1775 1306 1810; x_wconf 90' lang='lat' dir='ltr'>S.</span> <span class='ocrx_word' id='word_1_447' title='bbox 1330 1774 1368 1809; x_wconf 86' lang='lat' dir='ltr'>R.</span> <span class='ocrx_word' id='word_1_448' title='bbox 1390 1775 1442 1819; x_wconf 83' lang='lat' dir='ltr'>E.,</span> <span class='ocrx_word' id='word_1_449' title='bbox 1465 1773 1735 1821; x_wconf 88' lang='lat' dir='ltr'>quemadmodum</span> <span class='ocrx_word' id='word_1_450' title='bbox 1750 1786 1818 1808; x_wconf 92' lang='lat' dir='ltr'>cae-</span> 
     </span>
     <span class='ocr_line' id='line_1_83' title="bbox 1066 1824 1816 1871; baseline -0.004 -10"><span class='ocrx_word' id='word_1_451' title='bbox 1066 1827 1122 1861; x_wconf 88' lang='lat' dir='ltr'>teri</span> <span class='ocrx_word' id='word_1_452' title='bbox 1146 1825 1324 1869; x_wconf 88' lang='lat' dir='ltr'>christiani,</span> <span class='ocrx_word' id='word_1_453' title='bbox 1352 1824 1476 1868; x_wconf 79' lang='lat' dir='ltr'>rivere,</span> <span class='ocrx_word' id='word_1_454' title='bbox 1504 1824 1660 1859; x_wconf 86' lang='lat' dir='ltr'>mandatis</span> <span class='ocrx_word' id='word_1_455' title='bbox 1688 1832 1816 1871; x_wconf 90' lang='lat' dir='ltr'>aposto-</span> 
     </span>
     <span class='ocr_line' id='line_1_84' title="bbox 1066 1873 1818 1922; baseline -0.004 -11"><span class='ocrx_word' id='word_1_456' title='bbox 1066 1877 1134 1911; x_wconf 86' lang='lat' dir='ltr'>licis</span> <span class='ocrx_word' id='word_1_457' title='bbox 1156 1884 1187 1910; x_wconf 88' lang='lat' dir='ltr'>et</span> <span class='ocrx_word' id='word_1_458' title='bbox 1211 1874 1455 1922; x_wconf 80' lang='lat' dir='ltr'>provisionibus,</span> <span class='ocrx_word' id='word_1_459' title='bbox 1483 1886 1562 1921; x_wconf 88' lang='lat' dir='ltr'>quae</span> <span class='ocrx_word' id='word_1_460' title='bbox 1585 1886 1599 1908; x_wconf 92' lang='lat' dir='ltr'>a</span> <span class='ocrx_word' id='word_1_461' title='bbox 1622 1873 1707 1909; x_wconf 90' lang='lat' dir='ltr'>Sede</span> <span class='ocrx_word' id='word_1_462' title='bbox 1733 1873 1818 1920; x_wconf 85' lang='lat' dir='ltr'>Apo-</span> 
     </span>
     <span class='ocr_line' id='line_1_85' title="bbox 1066 1926 1816 1972; baseline -0.004 -11"><span class='ocrx_word' id='word_1_463' title='bbox 1066 1926 1174 1961; x_wconf 89' lang='lat' dir='ltr'>stolica</span> <span class='ocrx_word' id='word_1_464' title='bbox 1198 1938 1254 1972; x_wconf 89' lang='lat' dir='ltr'>pro</span> <span class='ocrx_word' id='word_1_465' title='bbox 1283 1933 1422 1971; x_wconf 84' lang='lat' dir='ltr'>tempore</span> <span class='ocrx_word' id='word_1_466' title='bbox 1444 1932 1638 1968; x_wconf 88' lang='lat' dir='ltr'>emanarent,</span> <span class='ocrx_word' id='word_1_467' title='bbox 1662 1935 1771 1970; x_wconf 87' lang='lat' dir='ltr'>parere</span> <span class='ocrx_word' id='word_1_468' title='bbox 1785 1933 1816 1958; x_wconf 90' lang='lat' dir='ltr'>et</span> 
     </span>
     <span class='ocr_line' id='line_1_86' title="bbox 1066 1975 1322 2011; baseline -0.012 0"><span class='ocrx_word' id='word_1_469' title='bbox 1066 1976 1196 2011; x_wconf 89' lang='lat' dir='ltr'>obedire</span> <span class='ocrx_word' id='word_1_470' title='bbox 1221 1975 1322 2010; x_wconf 72' lang='lat' dir='ltr'>vellet.</span> 
     </span>
    </p>

    <p class='ocr_par' dir='ltr' id='par_1_18' title="bbox 1068 2022 2014 2664">
     <span class='ocr_line' id='line_1_87' title="bbox 1115 2022 2014 2073; baseline -0.007 -14"><span class='ocrx_word' id='word_1_471' title='bbox 1115 2025 1135 2073; x_wconf 67' lang='lat' dir='ltr'>g</span> <span class='ocrx_word' id='word_1_472' title='bbox 1158 2027 1190 2060; x_wconf 83' lang='lat'>6.</span> <span class='ocrx_word' id='word_1_473' title='bbox 1217 2024 1256 2059; x_wconf 89' lang='lat' dir='ltr'>Et</span> <span class='ocrx_word' id='word_1_474' title='bbox 1277 2036 1348 2059; x_wconf 90' lang='lat' dir='ltr'>cum</span> <span class='ocrx_word' id='word_1_475' title='bbox 1371 2036 1409 2058; x_wconf 82' lang='lat' dir='ltr'>ex</span> <span class='ocrx_word' id='word_1_476' title='bbox 1432 2023 1659 2064; x_wconf 72' lang='lat' dir='ltr'>electionibus,</span> <span class='ocrx_word' id='word_1_477' title='bbox 1681 2035 1761 2070; x_wconf 91' lang='lat' dir='ltr'>quae</span> <span class='ocrx_word' id='word_1_478' title='bbox 1785 2022 1814 2056; x_wconf 93' lang='lat' dir='ltr'>in</span> <span class='ocrx_word' id='word_1_479' title='bbox 1846 2034 2014 2070; x_wconf 68' lang='lat' dir='ltr'>constitutione.</span> 
     </span>
     <span class='ocr_line' id='line_1_88' title="bbox 1068 2066 2013 2118; baseline -0.005 -8"><span class='ocrx_word' id='word_1_480' title='bbox 1068 2076 1210 2110; x_wconf 86' lang='lat' dir='ltr'>ecclesiis</span> <span class='ocrx_word' id='word_1_481' title='bbox 1237 2073 1470 2109; x_wconf 76' lang='lat' dir='ltr'>cathedralibus</span> <span class='ocrx_word' id='word_1_482' title='bbox 1504 2081 1534 2108; x_wconf 91' lang='lat' dir='ltr'>et</span> <span class='ocrx_word' id='word_1_483' title='bbox 1566 2072 1816 2118; x_wconf 85' lang='lat' dir='ltr'>metropolitanis</span> <span class='ocrx_word' id='word_1_484' title='bbox 1831 2066 2013 2117; x_wconf 50' lang='grc' dir='ltr'>ξιζξεξζζξοξζξζξζ</span> 
     </span>
     <span class='ocr_line' id='line_1_89' title="bbox 1068 2127 1921 2173; baseline -0.005 -9"><span class='ocrx_word' id='word_1_485' title='bbox 1068 2142 1103 2164; x_wconf 92' lang='lat' dir='ltr'>ac</span> <span class='ocrx_word' id='word_1_486' title='bbox 1138 2128 1336 2164; x_wconf 84' lang='lat' dir='ltr'>monasteriis</span> <span class='ocrx_word' id='word_1_487' title='bbox 1370 2127 1444 2161; x_wconf 91' lang='lat' dir='ltr'>dicti</span> <span class='ocrx_word' id='word_1_488' title='bbox 1473 2127 1559 2173; x_wconf 84' lang='lat' dir='ltr'>regni</span> <span class='ocrx_word' id='word_1_489' title='bbox 1588 2127 1695 2161; x_wconf 91' lang='lat' dir='ltr'>multis</span> <span class='ocrx_word' id='word_1_490' title='bbox 1724 2127 1921 2161; x_wconf 63' lang='lat' dir='ltr'>annissueruffl·</span> 
     </span>
     <span class='ocr_line' id='line_1_90' title="bbox 1069 2180 1816 2229; baseline -0.005 -11"><span class='ocrx_word' id='word_1_491' title='bbox 1069 2184 1142 2219; x_wconf 89' lang='lat' dir='ltr'>citra</span> <span class='ocrx_word' id='word_1_492' title='bbox 1165 2183 1299 2226; x_wconf 82' lang='lat' dir='ltr'>fiebant,</span> <span class='ocrx_word' id='word_1_493' title='bbox 1322 2181 1451 2228; x_wconf 85' lang='lat' dir='ltr'>grandia</span> <span class='ocrx_word' id='word_1_494' title='bbox 1478 2182 1654 2216; x_wconf 89' lang='lat' dir='ltr'>animarum</span> <span class='ocrx_word' id='word_1_495' title='bbox 1679 2180 1816 2229; x_wconf 85' lang='lat' dir='ltr'>pericula</span> 
     </span>
     <span class='ocr_line' id='line_1_91' title="bbox 1069 2235 1816 2286; baseline -0.004 -13"><span class='ocrx_word' id='word_1_496' title='bbox 1069 2238 1291 2286; x_wconf 83' lang='lat' dir='ltr'>provenirent,</span> <span class='ocrx_word' id='word_1_497' title='bbox 1314 2249 1385 2270; x_wconf 88' lang='lat' dir='ltr'>cum</span> <span class='ocrx_word' id='word_1_498' title='bbox 1415 2236 1582 2283; x_wconf 85' lang='lat' dir='ltr'>pleraeque</span> <span class='ocrx_word' id='word_1_499' title='bbox 1605 2248 1659 2282; x_wconf 86' lang='lat' dir='ltr'>per</span> <span class='ocrx_word' id='word_1_500' title='bbox 1680 2235 1816 2271; x_wconf 91' lang='lat' dir='ltr'>abusum</span> 
     </span>
     <span class='ocr_line' id='line_1_92' title="bbox 1068 2290 1817 2338; baseline -0.004 -10"><span class='ocrx_word' id='word_1_501' title='bbox 1068 2292 1238 2328; x_wconf 81' lang='lat' dir='ltr'>saecularis</span> <span class='ocrx_word' id='word_1_502' title='bbox 1268 2290 1438 2338; x_wconf 89' lang='lat' dir='ltr'>potestatis,</span> <span class='ocrx_word' id='word_1_503' title='bbox 1455 2291 1622 2325; x_wconf 88' lang='lat' dir='ltr'>nonnullae</span> <span class='ocrx_word' id='word_1_504' title='bbox 1641 2302 1714 2325; x_wconf 91' lang='lat' dir='ltr'>vero</span> <span class='ocrx_word' id='word_1_505' title='bbox 1731 2303 1817 2337; x_wconf 90' lang='lat' dir='ltr'>prae-</span> 
     </span>
     <span class='ocr_line' id='line_1_93' title="bbox 1069 2344 1818 2392; baseline -0.005 -10"><span class='ocrx_word' id='word_1_506' title='bbox 1069 2347 1252 2383; x_wconf 87' lang='lat' dir='ltr'>cedentibus</span> <span class='ocrx_word' id='word_1_507' title='bbox 1281 2345 1393 2379; x_wconf 84' lang='lat' dir='ltr'>illicitis</span> <span class='ocrx_word' id='word_1_508' title='bbox 1428 2353 1456 2379; x_wconf 90' lang='lat' dir='ltr'>et</span> <span class='ocrx_word' id='word_1_509' title='bbox 1483 2344 1665 2379; x_wconf 85' lang='lat' dir='ltr'>simoniacis</span> <span class='ocrx_word' id='word_1_510' title='bbox 1697 2345 1818 2392; x_wconf 90' lang='lat' dir='ltr'>pactio-</span> 
     </span>
     <span class='ocr_line' id='line_1_94' title="bbox 1070 2398 1816 2447; baseline -0.004 -11"><span class='ocrx_word' id='word_1_511' title='bbox 1070 2403 1174 2442; x_wconf 87' lang='lat' dir='ltr'>nibus,</span> <span class='ocrx_word' id='word_1_512' title='bbox 1189 2401 1267 2436; x_wconf 90' lang='lat' dir='ltr'>aliae</span> <span class='ocrx_word' id='word_1_513' title='bbox 1283 2398 1459 2447; x_wconf 90' lang='lat' dir='ltr'>particulari</span> <span class='ocrx_word' id='word_1_514' title='bbox 1475 2411 1580 2434; x_wconf 81' lang='lat' dir='ltr'>amore</span> <span class='ocrx_word' id='word_1_515' title='bbox 1602 2407 1632 2433; x_wconf 85' lang='lat' dir='ltr'>et</span> <span class='ocrx_word' id='word_1_516' title='bbox 1654 2399 1816 2445; x_wconf 86' lang='lat' dir='ltr'>sanguinis</span> 
     </span>
     <span class='ocr_line' id='line_1_95' title="bbox 1070 2453 1818 2500; baseline -0.007 -8"><span class='ocrx_word' id='word_1_517' title='bbox 1070 2456 1232 2492; x_wconf 81' lang='lat' dir='ltr'>affectione</span> <span class='ocrx_word' id='word_1_518' title='bbox 1260 2464 1289 2489; x_wconf 95' lang='lat' dir='ltr'>et</span> <span class='ocrx_word' id='word_1_519' title='bbox 1313 2466 1373 2488; x_wconf 88' lang='lat' dir='ltr'>non</span> <span class='ocrx_word' id='word_1_520' title='bbox 1397 2454 1467 2487; x_wconf 90' lang='lat' dir='ltr'>sine</span> <span class='ocrx_word' id='word_1_521' title='bbox 1496 2453 1623 2500; x_wconf 89' lang='lat' dir='ltr'>periurii</span> <span class='ocrx_word' id='word_1_522' title='bbox 1647 2461 1730 2488; x_wconf 89' lang='lat' dir='ltr'>reatu</span> <span class='ocrx_word' id='word_1_523' title='bbox 1760 2453 1818 2487; x_wconf 87' lang='lat' dir='ltr'>fie-</span> 
     </span>
     <span class='ocr_line' id='line_1_96' title="bbox 1071 2507 1816 2554; baseline -0.005 -8"><span class='ocrx_word' id='word_1_524' title='bbox 1071 2520 1137 2546; x_wconf 89' lang='lat' dir='ltr'>rent</span> <span class='ocrx_word' id='word_1_525' title='bbox 1153 2539 1161 2551; x_wconf 85' lang='lat'>,</span> <span class='ocrx_word' id='word_1_526' title='bbox 1188 2523 1260 2545; x_wconf 90' lang='lat' dir='ltr'>cum</span> <span class='ocrx_word' id='word_1_527' title='bbox 1289 2509 1439 2543; x_wconf 86' lang='lat' dir='ltr'>electores</span> <span class='ocrx_word' id='word_1_528' title='bbox 1467 2507 1544 2554; x_wconf 89' lang='lat' dir='ltr'>ipsi,</span> <span class='ocrx_word' id='word_1_529' title='bbox 1566 2507 1658 2542; x_wconf 89' lang='lat' dir='ltr'>etiam</span> <span class='ocrx_word' id='word_1_530' title='bbox 1680 2507 1722 2546; x_wconf 78' lang='lat' dir='ltr'>si,</span> <span class='ocrx_word' id='word_1_531' title='bbox 1745 2515 1816 2542; x_wconf 89' lang='lat' dir='ltr'>ante</span> 
     </span>
     <span class='ocr_line' id='line_1_97' title="bbox 1070 2560 1816 2610; baseline -0.009 -9"><span class='ocrx_word' id='word_1_532' title='bbox 1070 2566 1255 2600; x_wconf 82' lang='lat' dir='ltr'>electionem</span> <span class='ocrx_word' id='word_1_533' title='bbox 1279 2575 1334 2610; x_wconf 89' lang='lat' dir='ltr'>per</span> <span class='ocrx_word' id='word_1_534' title='bbox 1355 2574 1409 2596; x_wconf 86' lang='lat' dir='ltr'>eos</span> <span class='ocrx_word' id='word_1_535' title='bbox 1432 2561 1617 2599; x_wconf 85' lang='lat' dir='ltr'>faciendam,</span> <span class='ocrx_word' id='word_1_536' title='bbox 1634 2561 1732 2607; x_wconf 88' lang='lat' dir='ltr'>magis</span> <span class='ocrx_word' id='word_1_537' title='bbox 1747 2560 1816 2595; x_wconf 92' lang='lat' dir='ltr'>ido-</span> 
     </span>
     <span class='ocr_line' id='line_1_98' title="bbox 1073 2616 1816 2664; baseline -0.007 -9"><span class='ocrx_word' id='word_1_538' title='bbox 1073 2633 1180 2664; x_wconf 82' lang='lat' dir='ltr'>neum,</span> <span class='ocrx_word' id='word_1_539' title='bbox 1193 2628 1223 2655; x_wconf 92' lang='lat' dir='ltr'>et</span> <span class='ocrx_word' id='word_1_540' title='bbox 1239 2631 1300 2653; x_wconf 90' lang='lat' dir='ltr'>non</span> <span class='ocrx_word' id='word_1_541' title='bbox 1317 2629 1402 2658; x_wconf 79' lang='lat' dir='ltr'>eum,</span> <span class='ocrx_word' id='word_1_542' title='bbox 1425 2628 1518 2664; x_wconf 88' lang='lat' dir='ltr'>quem</span> <span class='ocrx_word' id='word_1_543' title='bbox 1541 2616 1749 2663; x_wconf 88' lang='lat' dir='ltr'>promissione</span> <span class='ocrx_word' id='word_1_544' title='bbox 1763 2624 1816 2650; x_wconf 87' lang='lat' dir='ltr'>aut</span> 
     </span>
    </p>
   </div>
   <div class='ocr_carea' id='block_1_8' title="bbox 1070 2670 1816 2719">
    <p class='ocr_par' dir='ltr' id='par_1_19' title="bbox 1070 2670 1816 2719">
     <span class='ocr_line' id='line_1_99' title="bbox 1070 2670 1816 2719; baseline -0.004 -9"><span class='ocrx_word' id='word_1_545' title='bbox 1070 2675 1195 2710; x_wconf 89' lang='lat' dir='ltr'>datione</span> <span class='ocrx_word' id='word_1_546' title='bbox 1218 2672 1350 2708; x_wconf 85' lang='lat' dir='ltr'>alicuius</span> <span class='ocrx_word' id='word_1_547' title='bbox 1374 2670 1417 2707; x_wconf 88' lang='lat' dir='ltr'>rei</span> <span class='ocrx_word' id='word_1_548' title='bbox 1431 2670 1622 2719; x_wconf 85' lang='lat' dir='ltr'>temporalis,</span> <span class='ocrx_word' id='word_1_549' title='bbox 1644 2682 1699 2706; x_wconf 88' lang='lat' dir='ltr'>seu</span> <span class='ocrx_word' id='word_1_550' title='bbox 1723 2682 1816 2719; x_wconf 85' lang='lat' dir='ltr'>prece</span> 
     </span>
    </p>
   </div>
   <div class='ocr_carea' id='block_1_9' title="bbox 1839 790 2010 813">
    <p class='ocr_par' dir='ltr' id='par_1_20' title="bbox 1839 790 2010 813">
     <span class='ocr_line' id='line_1_100' title="bbox 1839 790 2010 813; baseline -0.006 0"><span class='ocrx_word' id='word_1_551' title='bbox 1839 790 2010 813; x_wconf 55' lang='lat' dir='ltr'>semunciae-1</span> 
     </span>
    </p>
   </div>
  </div>
 </body>
</html>
