2281 3251
131 233 180 258 An.
204 233 313 259 C.lst97

144 586 201 613 Quae
221 590 245 606 sit
270 587 296 607 eit
298 592 314 607 is

132 618 253 638 auctoritas.

135 1424 268 1450 visitatores,
277 1425 314 1445 de-

129 1454 201 1476 Iuncto
230 1455 314 1482 praesi-

129 1486 167 1512 de,
190 1486 236 1507 elus
259 1486 314 1507 vici-

129 1516 167 1538 bus
182 1516 304 1543 funguntur.

133 1618 314 1640 Ordination.an-

130 1653 150 1670 te
159 1651 259 1671 unionem
268 1657 315 1670 ma-

130 1684 181 1701 nent
191 1682 211 1701 in
229 1687 265 1702 suo
277 1687 311 1702 ro-

129 1712 181 1732 bore
202 1718 267 1739 usque
288 1713 314 1733 ad

129 1744 215 1769 primum
224 1748 315 1763 commu-

129 1779 155 1795 ne
171 1773 292 1800 capitutum.

143 2125 228 2146 Poenae
239 2129 314 2146 couti-n

131 2162 153 2177 se
180 2160 314 2182 opponentes

129 2187 177 2208 huic
193 2188 272 2208 unioni.

946 229 1030 251 ALEx
1035 228 1142 251 ANDER
1165 229 1195 250 Vl
1220 228 1267 250 ΡΡ

1752 215 1820 248 575

329 285 408 320 alius
430 284 559 319 omnino
587 283 799 331 praesidens
793 295 822 317 in
846 283 913 330 ipso
940 282 1077 329 capitulo
1122 281 1293 326 barionem,
1316 280 1485 315 scissuram
1502 277 1870 314 veldismembrationem

328 346 384 380 pro
420 332 600 368 immediate
640 332 782 378 sequenti
824 343 906 366 anno
934 331 1075 378 eligatur

328 382 482 418 Similiter
503 394 561 417 nec
584 381 765 429 praesidens
787 381 915 428 capituli
950 392 1077 427 praeco-
1098 367 1099 393 ¹

328 432 429 467 dentis
452 432 549 479 possit
572 431 600 465 iu
626 431 856 485 praesidentem
876 430 1024 477 capituli
1018 443 1077 464 iui-

329 480 465 516 mediate
488 480 651 528 sequentis
673 479 757 525 eligi.

377 534 392 574 ἓ
422 532 476 564 18.
512 529 559 565 Ac
585 529 669 576 quod
693 528 927 583 quamprimum
952 528 1077 574 pracsi-

329 578 408 614 dens
429 579 530 614 dictae
552 578 805 624 congregationis
825 590 878 624 per
897 577 1078 612 definitor—<s

329 628 506 676 praedictos
539 627 585 662 vel
620 628 770 662 maiorem
812 634 929 673 partem
969 638 1075 660 eorum

328 678 447 713 electus
472 677 588 720 fuerit,
610 676 722 711 babeat
744 676 927 710 auctoritate
949 683 1077 722 aposto-

328 726 400 771 lica,
415 727 492 761 infra
509 734 607 761 totum
633 738 750 759 annum
775 737 874 772 usque
888 724 924 759 ad
941 736 1078 771 sequens

328 777 499 822 capitulum
516 803 525 820 ,
548 788 673 810 ornnem
712 774 795 808 illam
821 782 851 808 et
880 786 1006 820 prorsus
1028 774 1078 808 si—

328 825 435 860 milem
469 824 687 868 auctoritatem
710 831 740 857 et
768 823 1015 858 iurisdictionem
1048 822 1076 856 in

328 874 476 909 omnibus
498 883 528 909 et
551 886 605 921 per
627 873 730 908 omnia
747 900 755 915 ,
785 881 844 914 tam
869 872 900 906 in
927 872 1079 918 spiritua—

328 923 409 958 libus
431 935 525 970 quam
551 924 580 957 in
602 921 839 969 temporalibuS,
858 933 956 968 super
972 921 1077 955 onmia

328 980 357 1007 et
384 973 507 1019 singula
540 972 725 1006 monasteria
748 979 778 1005 et
814 971 899 1013 loca,
923 978 953 1004 et
984 982 1079 1016 super

327 1033 437 1056 omnes
459 1030 490 1056 et
516 1021 655 1067 singulas
682 1032 833 1067 personas
867 1019 968 1054 dictae
995 1031 1078 1053 con—-

327 1071 531 1118 gregationis,
554 1082 648 1117 quam
678 1069 793 1104 liabent
820 1068 1001 1103 definitores
1025 1080 1078 1103 ca-

329 1120 432 1167 pituli,
443 1120 504 1155 hoc
518 1120 621 1154 solum
638 1126 781 1164 excepto,
804 1117 888 1164 quod
905 1129 965 1151 non
983 1118 1078 1164 possit

329 1169 500 1204 monachos
522 1168 561 1203 de
584 1168 654 1203 loco
677 1167 715 1202 ad
739 1167 842 1202 locum
867 1175 998 1207 mutare,
1022 1179 1079 1201 nec

328 1218 387 1253 alia
402 1218 505 1264 gravia
524 1226 554 1252 et
576 1228 709 1264 magnae
725 1216 944 1262 importantiae
967 1215 1078 1257 facere,

328 1267 387 1301 nisi
424 1267 652 1302 interveniente
688 1277 845 1301 consensu
885 1272 1077 1300 visuatorum

329 1315 575 1364 praedictorum.

376 1365 396 1413 S
425 1368 480 1400 19.
508 1365 570 1407 Qui
593 1364 778 1406 visitatores,
798 1363 865 1410 ipso
885 1363 1079 1410 praesidente

328 1414 406 1449 infra
441 1426 559 1450 annum
587 1414 681 1449 officii
713 1413 762 1448 sui
789 1412 976 1454 decedente,
1009 1413 1078 1447 eius

327 1464 412 1499 vices
439 1463 469 1498 in
497 1463 644 1499 omnibus
671 1471 701 1498 et
735 1474 832 1509 super
865 1463 970 1497 omnia
998 1461 1080 1497 obti-

329 1521 433 1548 fleant.

377 1562 397 1610 S
423 1566 481 1597 20.
504 1561 662 1609 Quodque
684 1573 796 1596 omnes
818 1568 847 1595 et
869 1560 1013 1606 singulae
1029 1572 1080 1595 or-

329 1610 524 1652 dinationes,
559 1610 790 1646 admonitiones
816 1618 847 1645 et
881 1609 1080 1644 definitiones

329 1660 481 1696 hactenus
515 1669 586 1695 ante
623 1660 811 1708 praedictam
848 1659 996 1694 unionem
1025 1671 1081 1705 per

328 1710 508 1745 definitores
546 1719 600 1744 aut
642 1709 794 1764 praelatos
837 1716 867 1743 et
908 1709 1080 1743 visitatores

329 1760 493 1806 utriusque
520 1759 771 1805 congregationis
802 1758 900 1792 factae
935 1765 1080 1792 maneant

329 1809 360 1843 in
385 1808 453 1856 ipso
488 1820 545 1843 suo
572 1808 684 1843 robore
709 1819 809 1855 usque
836 1807 872 1842 ad
898 1807 1078 1841 immediate

327 1869 466 1905 sequens
488 1869 657 1892 commune
680 1857 875 1904 capitulum,
903 1864 933 1891 et
965 1856 1080 1890 deinde

328 1907 543 1953 intelligantur
559 1915 594 1941 et
620 1907 683 1941 sint
711 1906 827 1945 nullae,
843 1913 872 1939 et
897 1917 951 1952 pro
975 1904 1075 1939 nullis

328 1956 424 1991 cassis
438 1955 622 1996 habeantur,
638 1955 697 1990 nisi
718 1968 772 2002 per
788 1954 970 1990 definitores
984 1967 1080 1990 novae

327 2005 585 2052 congregationis
607 2005 720 2039 iterum
744 2004 970 2052 approbentur.

376 2059 396 2106 g
422 2061 479 2093 21.
516 2058 697 2093 Districtius
724 2058 903 2093 inhibentes
931 2057 991 2092 sub
1024 2070 1080 2092 ex—

328 2112 626 2148 communicationis
660 2124 786 2159 poena,
821 2124 915 2159 quam
948 2123 985 2146 eo
1012 2112 1080 2158 ipso

328 2166 588 2202 contrafacientes
610 2167 784 2207 incurrant,
807 2174 835 2200 et
857 2177 874 2200 a
899 2177 972 2212 qua,
992 2178 1081 2212 prae-

330 2230 470 2268 terquam
494 2220 532 2255 ab
546 2220 726 2267 Apostolica
748 2219 845 2260 Sede,
868 2219 926 2253 nisi
949 2219 978 2253 in
995 2231 1080 2254 mor-

330 2276 370 2311 tis
397 2275 530 2310 articulo
552 2274 726 2315 constituti,
754 2273 961 2308 absolutionis
985 2272 1082 2308 bene-

329 2329 436 2365 ficium
460 2336 618 2376 nequeant
637 2327 791 2368 obtinere,
807 2339 846 2362 ne
859 2326 972 2373 aliquis
987 2338 1081 2374 prae-

329 2383 403 2418 dicti
430 2382 561 2418 Ordinis
578 2394 741 2426 monacus,
758 2382 987 2428 cuiuscumque
1008 2393 1079 2427 gra-

329 2437 400 2479 dus,
436 2437 607 2483 dignitatis,
651 2435 904 2483 praeeminentiae
939 2442 970 2468 et
1003 2446 1081 2469 con—

329 2491 457 2526 ditionis
479 2490 586 2531 fuerit,
610 2501 664 2537 per
693 2501 726 2525 se
753 2488 800 2523 vel
824 2489 940 2533 alium,
963 2488 1079 2524 directe

329 2546 377 2581 vel
399 2545 565 2590 indirecte,
588 2544 699 2580 audeat
722 2543 900 2592 praedictae
912 2543 1020 2578 unioni
1035 2542 1079 2578 sic

329 2600 428 2636 factae
453 2612 488 2636 se
514 2611 686 2648 opponere,
709 2607 761 2634 aut
787 2598 924 2646 aliquam
954 2604 1080 2645 pertur-

1121 330 1301 371 domorum,
1318 328 1593 373 monasteriorum,
1608 328 1746 363 locorum
1762 334 1792 362 et
1808 338 1874 361 mo

1122 392 1271 415 naeorum
1295 379 1397 414 dictae
1430 377 1684 424 congregationis
1719 388 1872 424 quoquo-

1121 429 1216 464 modo
1241 439 1423 475 procurare,
1450 439 1602 482 quaerere
1630 433 1683 461 aut
1709 425 1822 460 facere.

1170 482 1226 522 §2
1232 478 1322 512 2.Et
1341 489 1392 522 ne,
1406 476 1570 512 occasione
1586 474 1768 510 huiusmodi
1787 474 1872 509 unio-

1121 527 1180 568 nis,
1197 527 1397 567 monasteria,
1419 526 1485 561 loca
1500 537 1555 560 seu
1579 524 1725 560 monachi
1742 531 1773 559 et
1794 523 1873 559 aliae

1123 588 1274 623 personae
1308 575 1410 611 dictae
1434 574 1685 621 congregationis
1708 573 1874 608 detrimen-

1123 634 1188 660 tum
1211 625 1335 671 aliquod
1360 625 1390 659 in
1420 624 1592 672 privilegiis
1613 623 1680 658 suis
1704 623 1873 670 patiantur,

1121 674 1174 709 sed
1194 674 1296 721 potius
1316 674 1485 721 ampliores
1507 672 1627 708 favores
1649 680 1680 707 et
1702 672 1818 719 gratias
1839 684 1874 706 ac

1122 723 1353 770 praerogativas
1377 734 1392 757 a
1417 722 1572 770 praedicta
1595 721 1678 757 Sede
1701 728 1874 768 reportent,

1121 772 1231 807 eadem
1264 772 1449 807 auctoritate
1477 771 1648 819 apostolica
1681 770 1793 815 (firmis
1822 778 1874 805 ta-

1122 833 1192 856 men
1229 821 1468 856 remanentibus
1501 820 1649 855 omnibus
1677 828 1707 854 et
1740 819 1874 866 singulis

1121 870 1329 917 supradictis)
1365 881 1476 905 omnes
1503 877 1534 904 et
1572 868 1712 916 singulas
1739 869 1874 916 gratias,

1122 919 1370 964 concessiones,
1413 918 1626 965 indulgentias
1663 926 1693 953 et
1727 925 1875 966 peceato-

1123 982 1190 1003 rum
1220 969 1451 1012 remissiones,
1479 967 1692 1002 immunitates
1709 994 1718 1010 ,
1743 979 1876 1014 exemp-

1123 1019 1249 1057 tiones,
1277 1018 1465 1062 facultates,
1493 1017 1655 1063 privilegia
1687 1024 1718 1051 et
1753 1016 1875 1052 indulta

1121 1067 1296 1114 spiritualia
1332 1075 1362 1102 et
1389 1066 1596 1114 temporalia,
1630 1065 1876 1113 qualiacumque

1122 1118 1195 1157 sint,
1218 1128 1354 1163 quorum
1379 1125 1505 1151 tenores
1521 1143 1529 1156 ‚
1552 1127 1588 1150 ac
1609 1115 1635 1150 si
1658 1114 1697 1149 de
1720 1114 1814 1150 verbo
1836 1115 1873 1150 ad

1123 1166 1250 1201 verbum
1268 1167 1494 1210 insererentur,
1516 1164 1631 1199 habere
1652 1163 1799 1199 volumus
1820 1176 1875 1212 pro

1122 1215 1291 1263 expressis,
1307 1214 1536 1262 praedictarum
1551 1213 1783 1260 provinciarum
1805 1225 1876 1248 con-

1122 1264 1361 1311 gregationibus
1395 1276 1431 1299 ac
1471 1263 1601 1298 cuilibet
1640 1274 1748 1298 earum
1766 1290 1774 1303 ‚
1812 1270 1873 1298 tam

1123 1314 1201 1349 circa
1231 1314 1420 1349 monasteria
1453 1325 1549 1360 quam
1583 1313 1666 1347 circa
1699 1311 1875 1359 praelatos,

1125 1375 1273 1398 monacos
1296 1371 1326 1398 et
1350 1374 1502 1411 personas
1526 1361 1709 1397 earumdem
1739 1373 1876 1408 congre-

1122 1414 1296 1459 gationum,
1311 1424 1382 1447 cum
1398 1412 1538 1447 diversae
1552 1419 1582 1446 et
1596 1419 1758 1458 separatae
1773 1419 1875 1451 erant,

1123 1475 1136 1495 a
1163 1462 1254 1496 nobis
1282 1461 1329 1497 rel
1358 1460 1657 1508 praedecessoribus
1679 1460 1806 1501 nostris,
1822 1469 1875 1495 aut

1123 1512 1189 1546 aliis
1215 1511 1435 1546 auctoritatem
1458 1509 1657 1551 habentibus,
1680 1509 1873 1544 coniunctim

1124 1561 1168 1595 rel
1185 1560 1325 1602 divisim,
1348 1559 1395 1595 vel
1420 1560 1449 1594 in
1467 1570 1583 1606 genere
1597 1558 1768 1603 concessis,
1783 1570 1875 1606 prae-

1123 1609 1224 1644 dictae
1259 1621 1356 1644 novae
1383 1608 1620 1655 congregationi
1655 1607 1764 1643 Sancti
1796 1607 1876 1643 Ber-

1124 1659 1211 1694 nardi
1230 1660 1260 1693 in
1282 1658 1382 1699 Italia,
1405 1658 1444 1692 de
1468 1670 1548 1693 novo
1575 1669 1613 1692 ex
1635 1665 1718 1692 certa
1745 1657 1874 1692 scientia

1123 1709 1345 1748 concedimus,
1368 1714 1398 1742 et
1419 1707 1458 1742 ad
1481 1707 1542 1748 illa,
1565 1706 1670 1754 quoad
1697 1705 1781 1741 illius
1807 1718 1876 1742 mo-

1124 1758 1268 1799 nasteria,
1302 1757 1468 1804 praelatos,
1491 1768 1640 1791 monacos
1662 1763 1693 1790 et
1727 1767 1876 1802 personas

1123 1807 1336 1851 extendimus,
1359 1818 1394 1841 ac
1422 1806 1450 1840 ei
1479 1805 1642 1851 suffragari
1672 1804 1818 1840 volumus
1845 1805 1875 1839 in

1123 1856 1271 1891 omnibus
1285 1865 1314 1891 et
1336 1867 1393 1903 per
1408 1855 1529 1898 omnia,
1553 1854 1681 1902 perinde
1696 1866 1732 1889 ac
1745 1854 1771 1889 si
1788 1866 1877 1902 prae-

1123 1905 1225 1941 dictae
1247 1904 1482 1952 congregationi
1505 1903 1539 1939 S.
1562 1903 1716 1939 Bernardi
1732 1904 1763 1938 in
1777 1903 1876 1947 ltalia,

1123 1955 1225 2002 quoad
1254 1955 1339 1990 illius
1362 1953 1564 1993 monasteria,
1587 1953 1741 2000 praelatos
1760 1960 1791 1988 et
1807 1964 1877 1987 mo-

1124 2016 1218 2040 nacos
1245 2013 1275 2040 et
1299 2016 1448 2052 personas
1471 2002 1651 2051 specialiter
1677 2010 1707 2038 et
1731 2013 1877 2049 expresse

1123 2071 1270 2093 concessa
1299 2058 1440 2093 fuissent.

1172 2114 1192 2161 g
1213 2117 1271 2148 25.
1298 2113 1368 2148 Non
1391 2111 1589 2147 obstantibus
1623 2109 1878 2146 ordinationibus

1123 2175 1152 2202 et
1167 2166 1446 2202 constitutionibus
1460 2164 1653 2213 apostolicis,
1669 2176 1793 2200 necnon
1807 2176 1877 2200 mo-

1124 2221 1332 2256 nasteriorum
1355 2219 1511 2255 Tliusciae
1534 2227 1565 2254 et
1583 2217 1789 2254 Lombardiae
1803 2230 1878 2266 pro-

1125 2270 1298 2306 vinciarum
1327 2281 1363 2304 ac
1398 2269 1529 2303 Ordinis
1557 2268 1790 2316 praedictorum
1825 2268 1878 2302 iu-

1125 2333 1278 2369 ramento,
1293 2323 1531 2359 confirmatione
1547 2322 1718 2369 apostolica
1734 2321 1781 2356 vel
1797 2333 1878 2369 qua-

1125 2380 1169 2414 vis
1205 2378 1350 2414 firmitate
1391 2376 1448 2411 alia
1492 2376 1646 2412 roboratis
1681 2375 1806 2410 statutis
1846 2383 1878 2410 et

1124 2432 1437 2474 consuetudinibus,
1481 2443 1604 2467 necnon
1641 2429 1813 2478 privilegiis
1845 2437 1877 2464 et

1126 2487 1269 2529 indultis,
1292 2487 1410 2522 eisdem
1434 2486 1592 2521 Thusciae
1614 2492 1644 2520 et
1668 2482 1875 2519 Lombardiae

1125 2540 1425 2589 congregationibus
1451 2548 1482 2574 et
1508 2539 1635 2574 illorum
1664 2536 1876 2580 monasteriis,

1125 2594 1364 2644 quomodolibet
1380 2606 1434 2642 per
1448 2593 1562 2629 dictam
1578 2591 1693 2627 Sedem
1707 2589 1876 2631 concessis3

1888 226 1936 252 Λη.
1955 225 1982 251 C.
2002 225 2068 252 1'197

1902 486 1971 508 Novae
1984 492 2073 513 congre-

1889 524 1912 544 ga
1902 519 2044 538 ationiomnia
2052 522 2073 538 et

1889 549 1970 574 singula
1984 549 2072 575 privile-

1889 580 1921 606 gia
1937 582 2003 600 ceter.
2022 585 2075 604 pro-

1888 611 2004 631 vinciarum
2013 616 2072 630 com-

1889 643 2030 662 municaiitur.

1904 2122 2015 2144 Clausulas
2036 2122 2076 2143 do-

1891 2156 2020 2182 rogator-iae.
