2281 3251
89 296 136 322 An.
159 295 187 322 C.
202 295 268 321 ¹187st
921 292 1031 313 GlXTl'S

286 349 320 392 (si
343 360 422 396 quae
456 356 528 382 sunt
551 348 628 382 inter
663 347 771 381 fratres
794 345 969 393 praedictos
999 354 1024 379 et

285 399 424 433 locorum
444 397 617 432 ordinarios
638 408 673 431 ac
699 396 906 430 Ecclesiarum
932 404 1026 430 recto-

285 460 334 482 res
357 447 459 492 initae)
482 446 653 480 laudabiles
676 454 705 480 et
728 445 888 486 honestae,
913 445 943 479 in
967 458 1024 492 po-

285 505 402 531 sterum
421 496 637 531 observentur.

96 567 269 593 Exenmiionesei
331 546 351 593 ἓ
375 549 405 580 7.
433 546 472 580 Et
494 546 518 580 si
542 545 619 580 forte
635 549 724 589 (cleu,
749 546 913 590 parimodo
939 558 1027 589 iisque

89 598 242 625 ampliationes.
283 595 441 635 exhibere,
463 595 483 642 g
508 597 575 638 10).

331 648 347 688 5
375 647 430 679 Η.
454 644 577 679 Etcum
600 642 767 690 aliquando
786 643 945 689 contingat
960 656 1026 677 mo-

99 702 157 738 ,ΑΜ
176 695 453 729 conces-nasterium
483 693 664 728 monialium
692 692 726 727 S.
754 692 938 738 Augustini,
966 693 1025 726 snb

86 738 163 755 ‘'m‘'
283 756 368 788 cura,
405 743 511 778 habitu
540 751 570 777 et
596 742 873 777 constitutionibus
896 742 1023 776 fratrum

283 793 537 828 praedicatorum
556 792 749 839 degentium,
763 791 951 826 monialibus
970 792 1026 826 de-

282 843 368 891 stitui
397 846 471 886 (em,
492 855 585 888 usque
611 843 775 886 laetentur,
802 842 822 888 ἓ
847 844 915 883 115).

330 897 345 936 §
369 895 424 926 14.
449 892 571 926 Rursus
598 891 811 927 intelleximus
838 890 936 938 quod,
969 891 1024 924 etsi

85 943 268 1001 ''mmo-'jaff
281 942 355 977 bon.
384 954 477 976 mem.
506 941 638 976 loannes
660 941 749 975 XXll
776 944 851 985 (ela,
878 952 969 985 usque
986 942 1027 974 ad

85 1010 108 1027 ιι.
278 994 394 1038 finem).
591 1000 593 1002 ’

329 1040 442 1075 Datum
471 1039 591 1075 Romae
605 1040 688 1087 apud
711 1040 745 1075 S,
774 1040 913 1081 Petrum,
941 1052 1024 1073 anno

280 1090 507 1125 Incarnationis
530 1090 707 1124 dominicae
735 1088 1022 1132 MCCCCLXXIV,

280 1139 479 1187 pontificatus
502 1139 597 1174 nostri
618 1151 699 1173 anno
722 1151 768 1173 iv.

425 1201 485 1231 Dat.
511 1202 595 1238 1474,
618 1201 719 1240 pontif.
742 1210 817 1231 anno
840 1210 877 1231 iv.

630 1397 670 1431 X.

284 1475 376 1516 Quod
401 1476 515 1508 brunus
542 1475 625 1507 color
647 1475 889 1507 vestimentorum
907 1475 1024 1519 praefi-

327 1525 408 1557 nicus
434 1536 454 1558 a
480 1525 642 1557 Benedicto
665 1524 733 1557 XII
756 1535 813 1567 pro
835 1524 970 1556 monacis
999 1532 1025 1556 et

327 1575 510 1608 monialibus
528 1575 563 1608 S.
580 1574 748 1612 Benedicti,
769 1574 897 1607 Ordinis
913 1574 1025 1607 Cister—

328 1624 445 1662 ciensis,
469 1623 656 1666 inlelliyatur
683 1625 718 1656 cle
743 1624 840 1656 colore
866 1624 972 1666 nigro,
1001 1630 1025 1656 el

327 1685 389 1706 non
413 1674 522 1717 yriseo.
553 1673 591 1706 Et
625 1674 706 1717 quod
741 1680 819 1706 totas
845 1673 931 1706 Ordo
964 1674 1027 1706 albi

330 1730 448 1756 tantum
473 1730 499 1756 et
520 1722 606 1767 niyri
625 1724 732 1756 coloris
754 1723 882 1756 vestibus
908 1728 1024 1756 utatur.

547 1809 759 1840 SUMMARIUM

279 1877 445 1907 Exordium.
464 1876 721 1907 -1.Bened.xt1
744 1877 834 1907 iussit
855 1878 933 1916 quod
951 1875 1026 1906 Ordo

319 1922 421 1952 habitu
441 1923 534 1951 bruno
552 1922 595 1950 vel
615 1921 681 1950 albo
705 1925 843 1950 uteretur.
862 1939 900 1942 —
922 1921 950 1950 ζ).
970 1921 1027 1950 Ali-

319 1967 369 2006 qui
401 1967 516 1996 monaci
545 1976 596 2004 pro
619 1966 715 1995 colore
738 1965 850 2002 bruno,
873 1965 1028 1995 utebantur

320 2012 417 2041 colore
435 2012 533 2049 griseo
551 2015 579 2039 et
601 2010 651 2040 alii
670 2010 764 2048 nigro.
782 2027 821 2032 —
843 2010 870 2039 3.
893 2010 1028 2048 Appellat>

320 2058 397 2087 tione
419 2056 506 2086 bruni
524 2056 631 2085 coloris
650 2056 764 2093 nigrum
797 2055 923 2084 colorem
954 2054 1028 2084 Pori-

319 2102 388 2131 tisex
419 2101 518 2131 venire
550 2100 687 2130 declarat.
712 2117 751 2121 —
781 2100 808 2129 4.
831 2098 910 2138 Nigri
941 2099 1030 2137 igitur

319 2151 369 2176 aut
386 2145 443 2175 albi
465 2145 573 2174 coloris
596 2144 727 2174 habitum
748 2145 854 2182 gestari
878 2144 1027 2182 praecipit.

318 2207 357 2213 —-
378 2191 404 2220 5.
428 2189 558 2220 Alterius
581 2188 698 2218 babitus
722 2198 808 2218 usum
829 2188 975 2227 prohibet.
991 2205 1030 2210 —

319 2235 348 2264 6.
365 2234 514 2264 Contraria
534 2233 618 2263 toltit.
632 2250 671 2255 -
687 2234 712 2262 7.
729 2232 935 2272 Transumptis
948 2233 1028 2262 credi

321 2278 410 2308 iubet.

345 2351 439 2380 Sixtus
458 2350 599 2386 episcopus
632 2357 728 2378 servus
744 2356 882 2378 servorum
899 2349 961 2382 Dat,

417 2405 450 2433 ad
477 2405 638 2441 perpetuam
671 2404 711 2432 rei
730 2403 896 2432 memoriam.

333 2477 401 2512 Etsi
429 2477 551 2512 cunctis
584 2476 787 2511 ecclesiastici
823 2483 921 2510 status
964 2487 1030 2521 per-

123 2537 239 2559 numium.
285 2527 372 2562 sonis
398 2534 428 2561 et
449 2534 592 2561 assuetae
617 2525 740 2572 pietatis
762 2524 864 2560 officio
886 2524 1030 2559 assistere

288 2585 474 2620 teneamur,
500 2576 561 2611 illis
587 2584 691 2610 tamen
720 2575 780 2609 sub
817 2574 949 2621 regulari
978 2574 1031 2608 ob-

289 2627 438 2661 servantia
447 2625 606 2660 Altissimo
620 2624 855 2664 famulantibus,
865 2624 1031 2671 praecipue

291 2674 490 2716 cistercien„
504 2687 541 2710 eo
556 2675 656 2721 magis
669 2674 780 2710 adesse
796 2686 853 2709 nos
875 2674 1031 2717 convenit,

369 2732 442 2763 Butt.
465 2732 540 2762 Rom.
568 2732 621 2761 Vol.
649 2732 676 2761 V.
857 2730 894 2761 29

1054 292 1086 313 lv
1110 292 1155 313 Pr.

1694 279 1763 311 ‘2⁶25
1830 290 1867 316 An

1898 291 1925 316 r„
1944 293 2008 318 twa

1069 358 1142 392 quo,
1152 345 1282 380 sublatis
1294 345 1455 392 quibusvis
1471 343 1810 388 dubietatibus‚maiori

1069 395 1252 442 quietudine
1272 394 1400 429 reddere
1427 394 1547 428 valeant
1575 401 1641 427 vota
1669 405 1735 428 sua.

1118 448 1132 487 ξ
1161 447 1192 478 t.
1221 444 1346 478 Dudum
1369 444 1523 490 siquidem
1541 443 1590 477 fel.
1621 455 1682 477 rec.
1706 443 1810 477 Beue-
1840 455 2008 476 ammixtum.

1069 493 1171 528 dictus
1186 494 1269 540 Papa
1296 493 1365 537 ΧΠ,
1389 493 1607 539 praedecessor
1629 501 1745 533 noster,
1772 493 1808 526 ad
1826 486 2008 537 ffiffifflffun‘g‘fss,

1068 543 1408 578 statumCistereiensis
1420 541 1549 577 Ordinis
1561 541 1726 576 attendens
1742 554 1809 587 pro·
1825 548 1871 568 awo
1888 552 1989 568 utemur

1068 605 1218 638 sperum,
1244 605 1297 638 per
1327 592 1475 639 quasdam
1504 603 1574 625 suas
1598 591 1713 631 literas,
1730 591 1810 625 inter

1068 642 1138 681 alia,
1161 643 1267 676 statuit
1289 651 1318 676 et
1342 640 1591 687 ordinavitquod
1614 652 1725 675 omnes
1747 640 1810 674 ab—

1070 691 1155 726 bates
1177 700 1206 725 et
1228 691 1348 726 monaci
1371 691 1513 726 eiusdem
1536 689 1678 734 Ordinis,
1697 691 1810 736 pannis

1069 741 1160 775 bruni
1184 740 1229 775 vel
1258 740 1316 775 albi
1345 740 1458 775 eoloris
1494 740 1654 774 dumtaxat
1683 747 1811 774 uteren-

1069 797 1129 829 tur,
1154 798 1244 836 prout
1267 791 1295 824 in
1324 790 1441 824 eisdem
1470 790 1566 824 literis
1589 789 1712 837 plenius
1728 800 1811 823 con—

1069 846 1194 874 [inetur.

1116 889 1136 936 g
1162 891 1193 922 ⁶2.
1215 888 1295 923 Cum
1312 897 1428 927 autem,
1451 889 1529 922 sicut
1557 888 1691 923 exhibita
1720 888 1809 923 nobis

1069 950 1169 985 nuper
1191 951 1245 985 pro
1261 947 1346 985 parte
1368 938 1472 972 dilecti
1488 937 1540 971 lilii
1564 938 1741 985 Hymberti,
1754 938 1811 973 ab-

1067 987 1148 1022 batis
1184 988 1362 1023 monasterii
1389 987 1586 1031 Cistercien.,
1623 987 1808 1022 Cabilonen.

1068 1037 1237 1077 dioecesis,
1262 1038 1368 1084 petitio
1389 1036 1580 1080 continebat,
1607 1048 1622 1071 a
1651 1038 1811 1072 nonnullis

1068 1087 1159 1121 etiam
1177 1088 1275 1133 ipsius
1297 1087 1426 1121 Ordinis
1439 1085 1605 1120 abbatibus
1619 1094 1648 1120 et
1671 1087 1810 1121 monaci<

1068 1145 1230 1171 revocetur
1245 1138 1273 1170 in
1286 1136 1430 1179 dubium,
1443 1148 1480 1169 an
1496 1135 1706 1182 appellatione
1721 1138 1813 1170 bruni

1067 1188 1176 1220 coloris
1203 1187 1293 1232 niger
1314 1185 1400 1220 color
1421 1185 1523 1219 veniat
1546 1185 1591 1219 vel
1615 1185 1753 1231 griseus:
1770 1194 1811 1229 et,

1067 1237 1150 1270 sicut
1165 1235 1272 1270 eadem
1291 1235 1397 1282 petitio
1412 1234 1633 1280 subiungebat,
1648 1234 1744 1282 aliqui
1758 1235 1810 1269 ab·

1068 1285 1157 1319 bates
1179 1294 1209 1319 et
1243 1285 1365 1320 monaci
1388 1297 1423 1319 ac
1444 1284 1596 1319 moniales
1623 1284 1723 1330 ipsius
1749 1283 1812 1318 Or—

1067 1334 1151 1369 dinis
1192 1346 1295 1381 panno
1328 1335 1440 1381 nigro,
1478 1333 1573 1379 aliqui
1610 1345 1682 1368 vero
1709 1334 1812 1379 griseo

1068 1392 1206 1427 utantur,
1220 1392 1249 1419 et
1263 1384 1424 1419 diversitas
1441 1383 1656 1418 habitus'inter
1669 1382 1810 1417 eiusdem

1067 1433 1195 1468 Ordinis
1214 1433 1406 1480 professores
1423 1445 1491 1467 esse
1506 1433 1637 1476 videtur,
1653 1444 1709 1479 pro
1728 1441 1813 1479 parte

1067 1484 1207 1519 eiusdem
1224 1483 1387 1531 Hymberti
1410 1483 1530 1517 abbatis
1566 1482 1657 1517 nobis
1678 1481 1735 1516 fuit
1758 1482 1813 1517 hu-

1067 1534 1182 1568 militer
1216 1533 1426 1580 supplicatum
1464 1541 1496 1566 ut
1527 1531 1585 1566 sibi
1620 1544 1655 1567 ae
1687 1530 1812 1575 Ordini,

1068 1584 1209 1619 monacis
1236 1595 1271 1618 ac
1294 1582 1483 1617 monialibus
1510 1581 1666 1629 praefatis,
1688 1593 1813 1616 earum-

1068 1646 1129 1682 que
1162 1633 1254 1668 statui
1291 1645 1386 1678 super
1420 1631 1599 1678 praemissis
1637 1639 1813 1678 opportune

1070 1683 1233 1732 providere
1274 1681 1464 1728 benignitate
1493 1681 1663 1728 apostoliea
1699 1680 1812 1727 digna·

1071 1746 1186 1769 remur.

1116 1787 1131 1827 ξ
1159 1785 1190 1816 5.
1213 1782 1278 1816 Nos
1302 1782 1408 1828 igitur,
1426 1780 1464 1815 ad
1481 1792 1560 1828 quos
1581 1788 1702 1827 spectat
1719 1791 1815 1827 super
1847 1792 1995 1820 Appellatione

1071 1834 1116 1867 liis
1131 1832 1280 1867 adhibere
1300 1831 1476 1877 vigilantiae
1499 1838 1624 1865 nostrae
1645 1841 1766 1874 curam,
1781 1838 1812 1864 ut
1829 1824 2013 1881 ζξζᾞεοζξῖζζζζ

1069 1883 1171 1917 omnis
1193 1881 1362 1915 dubietatis
1385 1879 1554 1927 serupulus
1575 1880 1614 1914 de
1636 1879 1740 1914 medio
1754 1879 1815 1914 tol-
1829 1886 1925 1907 Pontifex
1940 1891 2012 1906 veum

1071 1933 1160 1972 latur,
1177 1942 1207 1965 et
1235 1930 1359 1965 habitus
1382 1931 1520 1977 ipsorum
1544 1942 1578 1964 se
1595 1929 1729 1963 invicem
1743 1940 1816 1963 con·
1829 1918 1930 1939 ‘³2⁰³‘st

1070 1982 1222 2021 forment,
1250 1992 1450 2027 quacumque
1482 1979 1661 2026 disparitate
1683 1978 1814 2016 sublata,

1070 2032 1229 2066 literarum
1259 2043 1293 2065 ac
1320 2029 1535 2065 concessionis
1559 2037 1589 2064 et
1619 2029 1725 2063 statuti
1752 2027 1814 2061 bu-

1071 2081 1205 2116 iusmodi
1233 2089 1370 2121 tenores,
1397 2092 1432 2114 ac
1458 2079 1482 2114 si
1506 2078 1544 2113 de
1567 2078 1660 2113 verbo
1687 2077 1723 2112 ad
1745 2089 1815 2111 ver-

1072 2131 1145 2165 bum
1174 2131 1385 2164 insererentur
1418 2128 1649 2175 praesentibus,
1671 2139 1726 2173 pro
1758 2139 1814 2160 ex-

1072 2181 1188 2228 pressis
1210 2180 1373 2220 habentes,
1402 2177 1583 2212 huiusmodi
1606 2176 1814 2223 supplicatio-

1073 2230 1166 2265 nibus
1192 2229 1341 2268 inclinati,
1359 2228 1449 2263 verba
1473 2227 1628 2274 praedicta
1651 2227 1744 2260 bruni
1764 2238 1813 2259 co-

1072 2282 1146 2314 loris
1188 2280 1437 2326 interpretantes,
1479 2276 1576 2323 quod,
1603 2275 1814 2323 appellatione

1072 2330 1209 2370 illorum,
1226 2329 1313 2375 niger
1339 2336 1458 2363 tantum
1481 2326 1566 2361 color
1592 2325 1695 2360 veniat
1720 2333 1751 2360 et
1772 2324 1815 2358 in—

1073 2379 1251 2425 telligatur,
1285 2377 1469 2413 auctoritate
1496 2375 1678 2422 apostolica,
1706 2383 1814 2409 tenore

1072 2429 1295 2476 praesentium,
1309 2440 1346 2461 ex
1360 2434 1442 2462 certa
1458 2425 1587 2460 scientia
1606 2424 1812 2460 declaramus.

1121 2479 1141 2525 g
1163 2481 1195 2512 4.
1218 2477 1257 2512 Et
1277 2478 1417 2523 insuper,
1440 2487 1495 2522 pro
1528 2475 1655 2521 potioris
1677 2473 1813 2509 cautelae
1842 2488 2014 2521 marquardi

1073 2527 1232 2574 suffragio,
1260 2526 1416 2570 volumus,
1439 2537 1474 2560 ac
1496 2525 1604 2559 eadem
1632 2524 1813 2559 auctoritate
1829 2517 2014 2574 2¹5¹[111122'2'JJ'J1'2‘

1073 2585 1103 2612 et
1131 2586 1237 2612 tenore
1263 2577 1354 2610 etiam
1378 2575 1545 2610 statuimus
1571 2583 1599 2609 et
1633 2573 1816 2608 ordinamus
1835 2565 1913 2607 cipit*

1074 2628 1157 2674 quod
1173 2627 1212 2661 de
1235 2635 1348 2663 cetero.
1373 2625 1534 2672 perpetuis
1557 2623 1669 2658 futuris
1691 2631 1816 2669 tempo—

1076 2676 1173 2718 ribus,
1191 2687 1300 2712 omnes
1321 2674 1459 2717 abbates,
1476 2673 1599 2709 monaci
1615 2681 1645 2708 et
1664 2671 1818 2707 moniales

1840 899 1907 924 Aliqui
1919 899 2008 921 monac-i,

1826 935 1862 955 piu
1878 930 1948 949 colore
1959 930 2009 948 bru-

1826 968 1852 982 no
1862 979 1866 985 .
1898 962 2008 981 utebantur

1826 993 1897 1012 rol-ire
1909 994 1977 1017 griseo
1988 994 2008 1011 et

1825 1025 1860 1045 alii
1877 1026 1942 1049 nigro.
