2281 3251
112 258 161 286 An.
180 258 208 285 C.
229 257 295 285 1512

112 322 152 339 tem
169 323 189 340 et
207 320 225 340 di
222 325 295 346 :spen-

112 356 158 370 sare
179 354 199 371 et
222 350 257 370 ahs
249 350 279 370 sol
283 360 296 365 -

112 387 169 406 Vt'lt',

123 2046 294 2074 Confitentesque

113 2077 222 2098 absolvunt
236 2086 247 2097 a
259 2086 295 2098 ιἰι-

112 2109 169 2130 sibus
199 2110 282 2130 oriinihu

113 2172 160 2197 ptis.

948 257 1054 281 lmus

311 320 450 368 tempore
479 321 583 367 erunt,
610 311 814 347 concedimus
843 321 876 347 ut
904 324 975 347 cum
1000 325 1058 347 ca—

309 362 440 403 nonicis,
467 361 612 406 novitiis,
639 362 800 397 conr-ersis
828 371 856 397 et
879 362 1058 397 commissis

308 412 447 447 eiusdem
475 411 728 458 congregationis
749 411 1008 467 dispensatione
1004 426 1059 447 in-

308 461 502 508 digentibus,
516 461 581 496 sire
598 461 779 507 priusquam
796 461 1059 496 intraxerintcon-

308 512 518 557 gregationem
543 518 573 544 et
594 509 745 544 Ordinem
769 510 969 551 huiusmodi,
994 512 1058 546 site

310 569 389 606 posu
412 573 447 595 ac
474 559 664 595 monialibus
687 559 750 594 sive
773 560 936 595 sororibus
958 569 985 595 ct
1006 561 1057 595 ob·

309 609 377 644 latis
395 622 450 644 seu
467 609 646 644 commissis
669 610 814 656 personis
830 610 995 657 utriusque
1008 623 1059 645 sc-

310 671 379 700 xus,
407 671 542 706 quarum
565 671 686 700 curam,
709 666 742 692 ut
769 660 992 705 praemittitur,
1009 672 1060 706 gc-

309 717 394 751 runt,
419 709 448 742 in
463 708 588 743 casibus
605 708 721 755 quibus
739 709 941 749 excesserint,
957 716 986 743 et
1005 721 1059 754 pro

309 758 425 803 quibus
455 757 792 792 excommunicationis
820 757 866 792 vel
903 757 1059 792 interdicti

309 814 363 840 aut
397 806 617 853 suspensionis
649 807 838 847 sententias,
863 819 878 841 a
915 807 980 841 iure
1013 806 1058 841 vel

310 855 349 889 ab
365 855 491 890 homine
508 855 696 902 generaliter
713 856 938 902 promulgatas,
953 855 1060 890 ineur-

311 905 419 944 rerint,
442 913 471 939 et
499 905 682 940 huiusmodi
714 905 877 940 sententiis
906 904 1060 949 innodati,

311 962 365 988 aut
388 954 416 988 in
439 954 517 988 locis
539 954 677 1000 generali
698 954 743 988 vel
766 954 892 1001 speciali
916 953 1061 988 eeclesia-

310 1003 389 1038 stico
422 1004 592 1050 suppositis
620 1003 808 1047 interdicto,
831 1003 933 1037 divina
960 1003 1060 1038 officia

311 1052 506 1087 celebrantes
526 1052 571 1087 vel
599 1053 809 1098 suscipientes
836 1052 993 1093 ordinem,
1015 1053 1060 1087 sic

311 1101 396 1147 ligati
425 1110 529 1136 notam
563 1102 802 1149 irregularitatis
835 1101 979 1136 similiter
1011 1102 1059 1136 in-

312 1151 506 1192 currisscnt;
536 1159 566 1186 et
596 1151 626 1185 in
655 1151 803 1185 omnibns
825 1151 894 1185 aliis
923 1151 1060 1191 casibus,

312 1199 404 1234 etiam
442 1213 479 1235 cx
517 1212 610 1235 causa
638 1201 868 1247 cuiuscumque
896 1200 1061 1244 simoniae,

312 1249 631 1296 qualitercumque,g
613 1249 1061 1303 ‹rencialitervelspecialiter,

311 1298 388 1333 Sedi
413 1298 589 1345 praedictae
604 1299 770 1334 reseiiatis
785 1299 936 1345 (exceptis
964 1298 1061 1333 dum—

313 1356 393 1382 taxat
415 1348 656 1392 haereticorum,
679 1348 884 1394 relapsornm,
907 1347 1062 1383 schisma-

313 1398 458 1437 ticorum,
486 1397 693 1432 deserentium
712 1397 866 1444 prohibita
889 1397 926 1431 ad
948 1397 1062 1432 infide-

313 1448 358 1480 les
385 1454 414 1481 et
437 1447 540 1481 literas
567 1447 698 1494 apostol.
718 1446 962 1488 falsilicaiitiiiiii,
982 1460 1062 1494 quos

312 1496 442 1531 omnino
466 1496 504 1530 ad
531 1496 676 1531 eamdem
697 1495 812 1530 Sedent
838 1496 952 1530 remitti
971 1496 1062 1530 volu-

314 1549 406 1589 nius),
438 1545 644 1580 absolutionis
671 1553 700 1580 et
727 1545 972 1600 dispensationis
1006 1546 1063 1579 bc—

312 1595 473 1639 inficiunt,
487 1595 783 1630 iuxtacasuumexi
777 1595 926 1640 rgentiim,
943 1595 1062 1629 ιειΙρ-ιιιι

313 1644 478 1691 impartiri,
505 1644 646 1679 canonici
672 1657 743 1679 iero
766 1653 795 1679 ct
817 1644 880 1689 alii,
903 1657 983 1692 quos
1006 1658 1061 1691 pro

313 1701 453 1742 tempore
482 1694 566 1740 prior
587 1706 708 1740 gener„
731 1672 907 1728 xisitatoriss
924 1701 951 1728 et
977 1707 1063 1740 prae-

312 1743 362 1777 lati
387 1743 535 1790 praedicti
564 1743 594 1777 in
625 1743 768 1798 propiios
797 1743 963 1778 habuerint
985 1756 1062 1778 con-

312 1792 457 1833 sessores,
485 1793 605 1828 eisdem
634 1793 726 1840 priori
755 1793 906 1838 generali,
924 1793 1061 1828 visitato-

312 1841 399 1876 ribus
421 1850 452 1876 et
475 1842 630 1889 praelatis,
658 1842 864 1877 absolutionis
886 1851 915 1877 et
931 1842 1062 1889 dispen-

311 1892 441 1926 sationis
463 1891 644 1926 huiusmodi
667 1891 857 1926 beneficium
873 1892 966 1926 ctiam
985 1904 1062 1926 con-

311 1940 423 1976 cedere
446 1941 578 1987 possint.

359 1989 380 2037 ἓ
406 1992 464 2024 29.
483 1990 523 2024 Et
545 2003 616 2024 cum
633 2002 726 2037 saepe
739 1990 898 2036 contingat
913 1989 1062 2037 quod,ob

311 2038 502 2086 singularem
531 2039 750 2084 devotionem,
773 2052 866 2087 quam
892 2040 1060 2075 nonnullae

286 2116 294 2129 s
313 2104 463 2139 personae
495 2092 532 2127 ad
560 2093 730 2128 canonicos
762 2093 865 2128 dictae
888 2106 1063 2140 congrega-

112 2140 145 2161 liie
167 2147 207 2161 non
230 2147 295 2161 eice-
326 2146 332 2151 ·

313 2146 407 2181 tionis
422 2153 547 2192 gerunt,
570 2146 608 2181 ad
636 2146 764 2181 eosdem
793 2159 850 2194 pro
872 2160 1000 2182 suarum
1019 2161 1060 2183 sa

312 2199 376 2236 lute
397 2200 575 2235 animarum
604 2208 778 2245 recurrant,
806 2200 950 2236 eiusdem
979 2214 1063 2237 con-

310 2255 500 2301 gregationis
523 2253 670 2302 praelatis
692 2267 747 2290 seu
770 2255 932 2290 canonicis
954 2267 970 2290 a
997 2256 1063 2291 suis

310 2309 526 2355 superioribus·
553 2309 592 2344 ad
614 2309 763 2345 audiend.
789 2309 970 2345 huiusmodi
991 2323 1064 2357 per-

311 2377 405 2399 sonas
431 2365 468 2399 ad
495 2365 579 2412 ipsos
595 2365 781 2400 aecedentes
799 2364 928 2405 audire3
944 2372 974 2399 et
990 2377 1063 2412 per-

311 2432 407 2455 sonae
427 2420 512 2467 ipsae
526 2420 583 2464 eis,
608 2420 728 2466 absque
755 2419 814 2454 alia
836 2431 945 2454 eorum
973 2432 1051 2467 supe

313 2473 430 2509 riorum
443 2474 580 2515 licentia,
589 2474 744 2515 confiteri3
756 2485 877 2508 necnon
887 2473 980 2508 dietis
989 2486 1064 2520 prae-

313 2527 382 2562 latis
409 2541 464 2564 seu
488 2540 600 2563 canon.
630 2528 765 2563 consess.
795 2527 978 2563 huiusmodi
1001 2540 1065 2562 au-

313 2579 482 2624 dientibus,
502 2582 601 2617 dictos
611 2582 812 2627 confitentes,
828 2581 1019 2629 poenitentia
1035 2589 1064 2616 et

314 2634 524 2672 satisfactione
541 2636 688 2684 praeviis,
703 2636 851 2683 quotiens
867 2647 949 2683 opus
963 2635 1065 2680 suerit,

1081 256 1106 281 11
1130 258 1177 281 er».
1731 249 1801 280 5⁶23

1101 312 1138 346 ab
1161 312 1309 347 omnibus
1325 322 1354 348 ct
1369 312 1437 358 sing
1428 312 1501 347 ulis
1525 312 1661 359 peccatis
1674 312 1749 347 Sedi
1767 326 1852 359 prae-

1101 361 1201 397 dictae
1225 374 1286 396 non
1311 363 1487 402 reservatis
1508 371 1537 396 ct
1559 374 1574 396 a
1593 362 1851 409 quibuscumque

1101 412 1359 457 suspensionum,
1373 411 1740 446 excommunicationum
1764 413 1852 446 etin

1101 461 1223 496 terdicti
1259 462 1425 496 sententiis
1458 460 1592 508 aliisque
1626 460 1850 495 etclcsiasticis

1101 511 1246 545 censuris
1281 519 1312 545 ct
1347 511 1468 557 poenis,
1495 522 1574 556 quas
1602 522 1617 545 a
1646 510 1714 544 iure
1738 510 1782 544 vel
1813 511 1851 544 ab

1103 560 1229 595 bomine
1253 560 1328 594 latas
1346 559 1761 605 incurrisse‹rpioinodolibet
1775 572 1852 594 cou-

1100 609 1226 653 stiterit,
1242 609 1413 650 absolvere;
1429 618 1457 643 et
1474 616 1541 643 vota
1563 622 1616 655 per
1635 621 1689 643 eos
1706 621 1761 654 pro
1778 618 1852 643 tem-

1102 671 1177 704 pore
1189 658 1314 703 emissa,
1331 659 1361 692 in
1383 658 1532 692 omnibus
1555 667 1585 692 et
1606 657 1741 704 singulis
1762 659 1853 692 casi-

1102 707 1161 742 bus
1174 707 1314 742 locorum
1338 707 1515 749 ordinariis,
1531 707 1623 741 etiam
1639 719 1693 752 per
1715 707 1852 753 Quoda-

1103 757 1146 791 les
1168 769 1222 792 seu
1234 756 1452 811 proxinciales
1480 757 1733 800 constitutiones,
1749 768 1853 791 resei-

1103 805 1204 849 tatis,
1234 806 1265 840 in
1294 806 1350 840 alia
1375 806 1496 852 pietatis
1523 818 1618 852 opera
1644 814 1851 846 commutare,

1102 863 1132 889 et
1154 854 1291 901 desuper
1306 867 1378 889 cum
1394 854 1512 890 eisdem
1529 854 1713 890 ioxentibus
1727 854 1852 901 dispen-

1102 916 1171 938 sare
1192 905 1346 950 (exceptis
1361 912 1464 938 tamen
1487 904 1643 947 censuris,
1667 904 1788 950 poenis,
1803 917 1853 938 vo-

1103 954 1141 987 tis
1163 961 1192 987 et
1214 953 1351 994 casibus,
1379 966 1475 1000 super
1501 953 1618 1000 quibus
1644 961 1726 987 esset
1753 952 1853 987 Sedes

1105 1002 1238 1048 praefata
1263 1003 1374 1037 merito
1397 1002 1614 1045 consulenda);
1638 1010 1667 1036 et
1685 1002 1760 1048 ipsis
1776 1014 1854 1036 con-

1104 1051 1267 1086 fitentibus
1294 1064 1329 1086 ac
1351 1052 1418 1085 aliis
1440 1051 1599 1089 omnibus,
1622 1052 1674 1096 qui
1697 1051 1735 1085 ad
1764 1064 1855 1097 prae-

1105 1100 1182 1135 fatos
1204 1101 1374 1135 canonicos
1398 1100 1438 1135 ob
1453 1100 1637 1134 huiusmodi
1653 1100 1853 1135 devotionem

1105 1150 1306 1193 recurrerint,
1320 1150 1537 1184 Eucharistiae
1553 1158 1783 1184 sacramentum
1800 1150 1855 1183 mi-

1104 1199 1235 1233 nistrare
1251 1199 1347 1234 libere
1371 1200 1502 1246 possint.
1521 1198 1709 1233 Mandantes
1731 1211 1856 1244 expres-

1104 1261 1138 1283 se
1161 1249 1325 1283 ordinariis
1354 1261 1389 1283 ac
1417 1248 1593 1283 rectoribus
1625 1248 1854 1294 parochialium

1104 1297 1323 1340 ecclesiarum,
1347 1310 1386 1333 ne
1413 1310 1523 1332 eorum
1540 1297 1748 1344 parochianis,
1770 1297 1855 1344 quod

1104 1348 1263 1382 canonicis
1285 1347 1388 1382 dictae
1409 1347 1662 1393 congregationis
1684 1359 1747 1381 non
1777 1359 1857 1381 con-

1106 1396 1264 1441 fiteantur,
1286 1397 1392 1443 aliquo
1417 1405 1507 1443 pacto
1524 1396 1691 1443 prohibere
1713 1408 1767 1431 seu
1786 1408 1856 1443 per-

1105 1446 1238 1481 suadere
1262 1454 1474 1493 praesumant,
1499 1453 1529 1480 et
1552 1445 1732 1480 nullatenus
1751 1445 1857 1480 dene-

1104 1504 1178 1541 egent
1207 1496 1384 1530 ministrare
1417 1495 1601 1530 huiusmodi
1630 1494 1856 1530 confitentibus

1105 1545 1224 1580 eisdem
1256 1545 1418 1580 canonicis
1450 1557 1671 1591 quaecumque
1697 1544 1857 1579 ecclesia-

1104 1595 1180 1629 stica
1209 1603 1415 1633 sacramenta,
1443 1594 1616 1628 dummodo
1644 1593 1773 1640 aliquod
1801 1605 1856 1628 ca—

1105 1644 1253 1678 nonicum
1284 1644 1446 1691 impedim.
1483 1653 1513 1679 et
1539 1643 1733 1678 rationabilis
1763 1655 1856 1678 causa

1106 1706 1166 1728 non
1190 1693 1352 1728 subsistat.

1155 1747 1170 1786 g
1199 1746 1256 1777 50.
1280 1742 1454 1790 Cupientes
1481 1742 1574 1777 etiam
1602 1743 1779 1777 animarum
1803 1755 1857 1778 ca-

1106 1794 1292 1827 nonicorum
1317 1793 1547 1847 praedictorum
1571 1792 1663 1826 saluti
1687 1792 1856 1827 salubriter

1105 1842 1272 1877 consulere
1287 1869 1297 1886 ,
1324 1842 1369 1876 eis
1393 1842 1508 1888 pariter
1532 1842 1741 1876 concedimus
1758 1851 1791 1876 ut
1811 1842 1856 1876 li-

1105 1902 1172 1926 ceat
1207 1891 1282 1946 ipsis
1315 1899 1345 1926 et
1378 1891 1507 1925 cuilibet
1539 1891 1702 1946 ipsorum,
1732 1903 1856 1926 necnon

1105 1941 1267 1976 eomersis
1307 1940 1488 1975 commissis
1509 1948 1539 1974 et
1562 1941 1687 1974 novitiis
1714 1941 1793 1981 suis,
1823 1953 1858 1975 ac

1105 1990 1299 2025 monialibus
1321 1990 1386 2024 sive
1417 1989 1580 2024 sororibus
1601 1997 1633 2023 et
1659 1989 1773 2024 oblatis
1800 2002 1856 2024 seu

1105 2040 1284 2075 commissis
1323 2039 1465 2086 personis
1494 2038 1662 2085 praedictis
1690 2039 1858 2085 utriusque

1106 2106 1212 2139 sexus,
1241 2093 1460 2141 praesentibus
1490 2100 1520 2126 et
1552 2092 1677 2133 futuris,
1699 2092 1799 2127 semel
1827 2093 1856 2127 in

1106 2148 1164 2182 vita
1187 2157 1218 2183 et
1241 2148 1350 2183 mortis
1368 2146 1510 2191 articulo,
1526 2158 1759 2194 quemcumque
1775 2159 1858 2194 pres·

1105 2201 1251 2250 byterum
1274 2214 1312 2237 ex
1329 2200 1488 2236 canonicis
1507 2199 1663 2248 praefatae
1682 2212 1859 2247 congrega-

1107 2255 1222 2297 tionis,
1254 2256 1285 2290 in
1319 2268 1393 2291 casu
1418 2267 1490 2290 vcro
1514 2254 1709 2290 necessitatis
1726 2282 1735 2299 ,
1763 2254 1858 2289 alium

1107 2310 1340 2358 praesbyterum
1370 2309 1543 2348 idoneum,
1572 2316 1634 2343 tam
1663 2307 1857 2344 saecularem

1106 2378 1199 2412 quam
1223 2364 1363 2400 cuiusvis
1379 2363 1506 2398 alterius
1525 2362 1655 2398 Ordinis
1669 2363 1859 2408 regularem,

1108 2420 1137 2454 in
1164 2432 1259 2454 suum
1286 2418 1402 2464 eligere
1429 2418 1658 2462 consessorem,
1686 2417 1753 2464 qui,
1782 2429 1860 2452 con-

1107 2473 1296 2509 fessionibus
1325 2472 1506 2507 huiusmodi
1535 2472 1702 2518 diligenter
1729 2471 1859 2515 auditis,

1107 2528 1284 2562 commissis
1309 2539 1362 2574 per
1389 2538 1444 2560 eos
1466 2526 1663 2569 criminibus,
1686 2524 1810 2559 delictis
1829 2532 1860 2558 et

1109 2582 1267 2628 peccatis,
1301 2581 1330 2614 in
1355 2580 1500 2614 omnibus
1528 2588 1557 2613 et
1586 2579 1738 2624 singuliS,
1765 2578 1857 2612 etiam

1107 2635 1182 2670 Setli
1208 2634 1409 2682 Apostolicae
1438 2633 1601 2669 reservatis
1629 2632 1777 2678 casibus,
1804 2631 1860 2666 de-

1866 258 1916 285 An.
1934 258 1962 284 C.
1984 258 2049 285 15ίῖ

1884 1756 1967 1778 Censes.
1984 1758 2015 1778 Lis
2031 1763 2057 1778 e—

1871 1789 1944 1814 ligunt,
1961 1793 1980 1809 ct
1992 1789 2057 1809 abso-

1872 1821 1946 1840 lution.
1964 1821 1988 1840 ab
2010 1827 2056 1840 oni-

1872 1851 1932 1871 nibus
1943 1852 2000 1871 casib
2021 1852 2057 1871 ob-

1872 1884 1952 1902 tinent;
