2281 3251
223 310 272 336 An.
291 307 320 336 C.
342 308 408 336 1515

239 526 319 547 cnm·
336 527 395 546 huius

235 563 268 577 em
277 559 398 578 stitutionis.

263 2266 317 2288 Libri
335 2272 376 2287 non
395 2267 434 2287 im-

250 2300 366 2326 prim-ntur
393 2297 434 2317 nisi

249 2330 325 2357 pravi·
337 2329 435 2354 superto-

251 2367 294 2382 rum
310 2360 397 2381 licentia
415 2362 436 2380 et

251 2392 353 2413 unmlut·⁴

474 279 543 331 eei

426 362 537 398 sedulo
551 361 747 397 destinamus
760 359 920 398 affectum,
943 370 978 392 ac
1001 357 1084 392 circa
1103 355 1180 391 illud

427 413 566 447 studiosa
589 410 749 457 diligentia
773 409 954 454 vigilamus.

474 462 494 509 g
512 464 541 496 1.
565 460 660 503 Saue,
676 459 747 494 licet
761 459 921 493 literarum
947 455 1054 503 peritia
1072 467 1126 502 per
1141 453 1182 489 li-

427 513 553 547 brorum
579 509 746 544 lectionem
772 507 870 554 possit
887 506 1020 541 faciliter
1034 505 1182 548 obtineri,

426 574 461 596 ac
484 573 534 596 ars
558 558 762 606 imprimendi
779 557 887 600 libros,
911 554 1109 602 temporibus
1126 566 1183 600 po-

429 611 585 646 tissimum
611 609 738 647 nostris,
759 607 867 641 divino
896 605 1018 640 {livente
1041 604 1184 644 numine,

428 662 551 695 inventa
586 671 642 693 seu
670 666 761 692 aucta
784 665 813 691 et
837 654 990 703 perpolita
1009 682 1017 695 ,
1046 654 1182 700 plurima

429 708 612 744 mortalibus
634 707 774 742 attulerit
800 704 981 744 commoda,
1003 716 1074 738 cum
1093 715 1184 749 parra

428 761 568 806 impensa
585 758 675 805 copia
699 757 851 791 librorum
870 755 1006 789 maxima
1021 753 1184 797 habeatur,

428 808 543 857 quibus
567 807 695 854 ingenia
717 806 756 840 ad
785 806 944 840 literarum
969 803 1074 838 studia
1105 815 1185 849 pcr-

429 857 597 893 commode
619 856 815 900 exerceri,et
834 855 887 888 riri
911 853 1026 889 cruditi
1052 853 1080 886 in
1101 853 1184 887 omni

430 909 606 954 linguarum
635 918 770 954 genere,
800 904 982 953 praesertim
1007 911 1110 938 autem
1134 914 1187 937 ca-

430 958 550 1000 tholici,
573 957 689 1004 quibus
710 964 849 991 sanctam
874 953 1049 989 Romanam
1068 952 1187 986 Eccle-

431 1009 509 1042 siam
538 1006 699 1041 abundare
722 1005 916 1043 affectamus,
941 1003 1032 1038 facile
1055 1001 1188 1036 eradere

433 1057 644 1103 possunt,qui
667 1056 763 1091 etiam
788 1054 933 1089 infideles
955 1053 1054 1088 sciant
1081 1061 1111 1086 et
1136 1064 1189 1086 ra-

433 1108 516 1142 leant
529 1107 626 1141 sacris
637 1105 792 1141 institutis
806 1102 1189 1148 iustruere,fideliumque

433 1157 567 1203 collegio
599 1168 654 1203 per
681 1155 854 1190 doctrinam
893 1152 1080 1187 christianae
1118 1151 1189 1185 fidei

433 1206 603 1241 salubriter
625 1216 809 1251 aggregare.
835 1203 915 1245 Quia
940 1211 1044 1236 tamen
1072 1200 1191 1236 multo-

434 1269 504 1291 rum
520 1255 646 1302 querela
671 1263 812 1289 nostrum
829 1263 858 1287 et
880 1252 973 1288 Sedis
988 1250 1191 1298 Apostolicae

436 1304 723 1352 pulsaritauditum
743 1303 827 1352 quod
852 1301 994 1336 nonnulli
1010 1301 1104 1336 huius
1119 1300 1193 1335 artis

437 1354 640 1403 imprimendi
665 1353 817 1400 magistri,
847 1353 876 1386 iu
912 1351 1046 1386 dirersis
1079 1349 1191 1384 muudi

437 1405 592 1452 partibus,
616 1404 731 1443 libros,
754 1411 815 1438 tani
844 1413 989 1448 graecae,
1011 1400 1194 1443 hebraicae,

437 1454 581 1489 arabicae
597 1461 626 1489 et
649 1453 776 1488 caldeae
800 1453 980 1498 linguarum
1001 1450 1032 1484 in
1058 1450 1192 1484 latinum

439 1504 619 1548 translatos,
654 1515 748 1550 quam
777 1502 872 1541 alios,
897 1501 993 1535 latino
1016 1511 1051 1534 ac
1078 1499 1194 1545 vulgari

439 1566 587 1589 sermone
609 1553 724 1597 editos,
741 1564 876 1590 errores,
899 1551 992 1586 etiam
1017 1550 1046 1584 in
1070 1549 1145 1593 side,
1161 1561 1197 1583 ac

442 1608 620 1655 perniciosa
635 1606 801 1654 dogmata,
823 1605 916 1640 etiam
945 1603 1089 1650 religioni
1107 1602 1198 1638 chri-

441 1664 560 1698 stianae
582 1661 750 1701 contraria,
779 1672 814 1695 ac
841 1667 949 1694 contra
978 1658 1093 1693 samam
1124 1670 1198 1705 per-

440 1717 711 1760 sonarum,etiam
728 1715 883 1761 dignitate
904 1712 1103 1759 fulgentium,
1123 1724 1201 1747 con-

442 1772 581 1807 tinentes
609 1770 793 1818 imprimere
832 1780 868 1803 ac
905 1767 1030 1814 publice
1064 1766 1201 1802 vendere

445 1833 666 1874 praesumunt,
686 1836 723 1859 ex
738 1834 872 1871 quorum
890 1821 1007 1856 lectura
1020 1832 1082 1855 uon
1096 1820 1200 1855 solum

444 1882 586 1927 legentes
601 1891 662 1914 non
679 1878 898 1921 aedificantur,
914 1875 968 1911 sed
993 1876 1023 1910 in
1046 1876 1203 1910 maximos

447 1936 564 1983 potius,
586 1944 647 1969 tam
677 1934 706 1967 in
736 1932 796 1967 fide
821 1942 915 1979 quam
944 1930 975 1964 in
1004 1930 1068 1965 vita
1088 1938 1117 1964 et
1140 1942 1204 1964 mo-

447 1990 545 2029 ribus,
556 1988 763 2036 prolabuntur
772 1997 908 2029 errores,
918 1983 1005 2019 unde
1016 1984 1098 2019 varia
1110 1996 1203 2031 saepe

447 2043 592 2079 scandala
609 2046 713 2090 (prout
728 2039 922 2088 experientia
935 2051 1038 2074 rerum
1056 2039 1203 2084 magistra

447 2099 565 2142 docuit)
594 2104 698 2132 exorta
727 2096 867 2139 fuerunt,
891 2102 921 2129 et
937 2093 1055 2128 maiora
1083 2093 1112 2127 in
1138 2092 1206 2128 dies

449 2153 560 2188 exoriri
582 2150 806 2187 formidantur.

498 2208 519 2255 g
544 2211 578 2241 ⁶2.
601 2206 666 2242 Nos
689 2206 807 2253 itaque,
831 2215 869 2239 ne
899 2203 942 2248 id,
970 2201 1055 2250 quod
1085 2201 1123 2236 ad
1147 2201 1205 2236 Dei

451 2261 580 2307 gloriam
601 2270 631 2296 et
658 2260 729 2295 fidei
753 2265 957 2305 angmentum
994 2268 1030 2291 ac
1055 2256 1206 2290 bonarum

452 2316 565 2350 artium
596 2315 857 2362 propagationem
886 2311 1055 2347 salubriter
1085 2319 1133 2345 est
1161 2310 1210 2344 in-

454 2380 593 2413 ventum,
611 2370 640 2403 in
653 2370 846 2404 contrarium
858 2374 1115 2409 convertatur,ac
1131 2364 1211 2399 cbri-

454 2425 636 2460 stifidetium
654 2423 745 2459 saluti
762 2423 986 2458 detrimentum
999 2419 1212 2467 pariat,super

455 2479 607 2514 librorum
626 2477 836 2525 impressione
860 2487 968 2511 curam
993 2481 1131 2508 nostram
1148 2473 1211 2507 ba-

457 2532 592 2568 bendam
615 2531 681 2567 fore
700 2531 864 2575 duximus,
892 2542 931 2565 ne
954 2528 992 2563 de
1009 2536 1114 2563 cetero
1138 2539 1210 2562 cum

458 2588 550 2623 bonis
572 2586 751 2623 seminibus
763 2586 872 2633 spinae
888 2584 1078 2626 coalescant,
1093 2583 1138 2617 vel
1151 2595 1214 2617 me-

459 2641 574 2677 dicinis
598 2653 717 2677 venena
746 2641 1038 2675 intermisceantur.
1066 2636 1216 2672 Volentes

460 2695 554 2743 igitur
569 2697 607 2733 de
620 2703 798 2744 opportuno
814 2706 910 2742 super
925 2693 974 2729 bis
991 2691 1130 2729 remedio
1148 2703 1217 2739 pro-

1013 301 1202 326 8111„ssth
1230 300 1392 324 nonnam!

1224 355 1342 399 videre,
1362 354 1422 389 lioc
1441 365 1529 389 sacro
1551 353 1746 401 approbante
1767 353 1921 394 concilio,
1943 362 1978 389 ut

1226 405 1385 452 negotium
1397 403 1615 450 impressionis
1627 404 1777 438 librorum
1791 402 1976 439 liuiusmodi

1224 471 1262 493 eo
1291 466 1495 506 prosperetur
1518 457 1641 492 felicius
1662 470 1726 505 quo
1749 457 1902 506 deinceps
1929 458 1978 492 in-

1225 513 1306 558 dago
1329 512 1474 548 solertior
1496 512 1679 558 diligentius
1694 520 1724 546 et
1744 512 1869 548 cautius
1888 512 1981 547 adbi-

1227 567 1318 601 betur
1335 594 1344 611 ,
1366 566 1533 601 statuimus
1560 574 1591 600 et
1617 566 1799 601 ordinamus
1826 565 1912 614 quod
1940 565 1980 601 de

1226 631 1344 661 cetero,
1355 619 1637 668 perpetuissuturis
1653 620 1862 667 temporibus,
1874 620 1980 655 nullus

1228 677 1341 711 librum
1366 676 1506 723 aliquem
1543 686 1597 709 seu
1634 674 1723 708 aliam
1747 686 1982 723 quamcumque

1227 731 1415 778 scripturam
1432 757 1441 775 ,
1469 738 1530 764 tam
1560 729 1589 762 in
1613 728 1699 764 Urbe
1722 737 1825 764 nostra
1843 756 1851 770 ,
1886 741 1982 776 quam

1230 787 1258 819 in
1288 786 1357 820 aliis
1385 783 1550 832 quibusvis
1583 783 1761 818 civitatibus
1795 791 1825 817 et
1853 783 1985 819 dioece-

1228 839 1337 884 sibus,
1376 839 1557 886 imprimere
1608 849 1663 872 scu
1714 837 1851 884 imprimi
1883 837 1985 872 facere

1231 902 1422 941 praesumat,
1444 892 1501 927 nisi
1523 892 1627 940 prius,
1648 892 1677 926 in
1700 890 1799 932 Urbe,
1826 904 1879 938 per
1901 891 1988 927 vica-

1230 949 1311 984 rium
1336 956 1478 983 nostrum
1502 955 1532 982 ct
1554 946 1632 981 sacri
1650 945 1759 981 Palatii
1789 945 1987 992 magistrum3

1232 1004 1260 1037 in
1277 1003 1344 1037 aliis
1361 1014 1432 1037 vero
1448 1001 1626 1036 civitatibus
1641 1009 1672 1035 et
1694 999 1918 1045 dioecesibus,
1933 1012 1988 1048 pei·

1231 1058 1417 1104 episcopum
1448 1056 1494 1091 vel
1516 1055 1613 1090 alium
1641 1054 1810 1089 habentem
1844 1055 1988 1101 peritiam

1231 1112 1383 1147 scientiae
1410 1111 1480 1145 libri
1516 1123 1570 1145 seu
1594 1109 1771 1156 scripturae
1809 1108 1989 1143 huiusmodi

1233 1165 1476 1213 imprimendae,
1489 1165 1527 1199 ab
1541 1164 1652 1199 eodem
1669 1164 1822 1210 episcopo
1837 1163 1874 1197 ad
1892 1163 1921 1197 id
1937 1162 1993 1198 de-

1235 1220 1422 1268 putandum,
1435 1232 1470 1254 ac
1485 1218 1704 1266 inquisitorem
1726 1217 1903 1252 baereticae
1921 1229 1992 1264 pra-

1235 1276 1338 1310 vitatis
1369 1275 1502 1309 civitatis
1529 1274 1595 1308 sive
1617 1272 1796 1317 dioecesis,
1820 1271 1851 1306 in
1876 1271 1992 1319 quibus

1236 1330 1388 1365 librorum
1413 1328 1581 1376 impressio
1610 1326 1793 1362 huiusmodi
1820 1325 1922 1372 fieret,
1949 1326 1994 1361 di-

1237 1384 1369 1431 ligenter
1383 1383 1616 1425 examinentur,
1634 1389 1663 1416 et
1679 1392 1857 1429 percorum
1879 1391 1992 1415 manus

1238 1439 1382 1486 propriae
1410 1438 1692 1486 subscriptionem,
1721 1435 1781 1470 sub
1807 1446 1994 1470 excommu-

1239 1494 1405 1528 nicationis
1420 1494 1587 1533 sententia,
1603 1492 1699 1539 gratis
1714 1499 1744 1526 et
1759 1491 1829 1526 sine
1843 1489 1994 1525 dilatione

1241 1548 1480 1596 imponendam,
1503 1546 1730 1594 approbentur.

1290 1602 1310 1650 S
1334 1607 1366 1638 5.
1393 1602 1457 1645 Qui
1485 1610 1589 1637 autem
1613 1613 1707 1636 secus
1736 1597 1997 1648 praesumpserit,

1242 1657 1322 1692 ultra
1357 1657 1511 1692 librorum
1536 1656 1764 1703 impressorum
1793 1653 1998 1689 amissionem

1242 1719 1272 1746 et
1288 1711 1412 1746 illorum
1430 1710 1589 1759 publicam
1602 1709 1869 1750 combustionem,
1883 1719 1919 1742 ac
1929 1719 2001 1743 cen·

1244 1774 1310 1800 tum
1326 1766 1515 1801 ducatorum
1531 1764 1666 1799 fabricae
1683 1762 1831 1798 basilicae
1842 1761 2001 1808 Principis

1244 1821 1470 1868 Apostolorum
1488 1820 1527 1854 de
1548 1819 1646 1863 Urbe,
1662 1818 1732 1852 sine
1755 1829 1812 1864 spe
1835 1816 2001 1852 remissio-

1247 1876 1307 1921 nis,
1325 1875 1529 1915 solutionem,
1548 1887 1583 1909 ae
1605 1874 1679 1908 anni
1699 1871 1841 1907 continui
1862 1869 2001 1906 exercitii

1248 1931 1468 1978 impressionis
1482 1929 1737 1976 suspensionem,
1752 1925 2006 1961 excommunica-

1248 1986 1344 2019 tionis
1365 1984 1520 2019 sententia
1549 1983 1719 2018 innodatus
1742 1981 1866 2022 existat;
1888 1992 1923 2014 ac
1945 1978 2005 2014 de-

1249 2053 1348 2085 mum,
1361 2040 1598 2086 ingravescente
1610 2038 1821 2080 contumacia,
1836 2034 1937 2069 taliter
1951 2045 2007 2082 per

1248 2096 1434 2142 episcopum
1448 2106 1542 2128 suum
1560 2093 1607 2128 vel
1623 2092 1772 2127 vicarium
1796 2098 1939 2125 nostrum
1963 2099 2009 2123 re-

1249 2149 1389 2196 spective
1413 2161 1468 2195 per
1490 2147 1596 2182 omnia
1613 2146 1688 2180 iuris
1708 2144 1845 2180 remedia
1868 2143 2008 2189 castige-

1251 2212 1312 2244 tur,
1328 2202 1412 2251 quod
1429 2203 1492 2246 alii,
1506 2202 1575 2236 cius
1588 2198 1867 2248 exemplo,similia
1879 2197 2009 2233 minime

1251 2266 1405 2293 attentare
1429 2265 1643 2304 praesumant.

1301 2312 1384 2347 Nulli
1413 2324 1488 2358 crgo
1516 2319 1568 2345 etc.

1303 2367 1336 2401 Si
1359 2367 1431 2414 quis
1457 2374 1511 2400 ele.

1302 2422 1418 2456 Datum
1445 2420 1564 2455 Romae
1588 2418 1616 2453 in
1646 2417 1770 2465 publica
1793 2418 1957 2462 sessione,
1981 2417 2011 2452 in

1255 2475 1442 2510 Lateranen.
1463 2472 1658 2509 sacrosancta
1683 2472 1810 2508 basilica
1827 2471 2013 2507 solemniter

1257 2531 1436 2574 celebrata,
1459 2541 1542 2564 anno
1568 2527 1799 2563 lucar-nationis
1831 2526 2012 2561 dominicae

1258 2585 1426 2620 millesimo
1441 2583 1695 2632 quingentesimo
1710 2580 1963 2629 quintodecimo,
1978 2592 2013 2615 lv

1259 2652 1358 2675 nonas
1380 2639 1470 2683 maii,
1495 2637 1696 2685 pontificatus
1723 2635 1821 2670 nostri
1850 2647 1933 2670 anno
1960 2646 2011 2670 in.

1315 2697 1376 2727 Dat.
1395 2697 1441 2727 die
1463 2696 1482 2726 4
1501 2695 1571 2726 maii
1588 2694 1674 2732 1515,
1697 2692 1801 2734 pontis.
1823 2702 1898 2723 anno
1917 2700 1958 2723 ιη.

1991 294 2042 322 An.
2055 293 2084 322 C.
2107 288 2175 321 ssflffi

2028 1612 2198 1635 contravenien-

2011 1645 2062 1667 tlum
2077 1647 2168 1672 poenae.

2261 1121 2275 1139 ἰ
2265 1102 2266 1105 ⁴
2254 992 2277 1085 ’έν-,Ἃ
2253 758 2279 971 ςρκ-Ρ-’όζ-,Ρᾼ
2260 725 2267 734 ⁴
