2281 3251
869 313 967 340 anEx
988 310 1199 338 nunmcmuiu

351 375 451 416 nales,
464 374 496 407 in
512 374 666 408 electione
687 373 820 407 Romani
836 372 1009 409 Pontificis,

351 423 572 467 Lugdunensis
602 435 636 456 ac
669 422 854 456 Viennensis
894 421 1012 454 sancita

1681 299 1742 330 811

1141 366 1365 412 suppressione
1386 365 1467 398 tituli
1485 364 1625 397 ciusdem
1649 364 1800 397 ecclesiae

1142 417 1323 454 Gradensis,
1351 415 1425 449 s107.

352 471 480 505 concilii
496 482 620 505 servare
641 472 756 505 debere
777 471 936 511 decernit,
959 470 1011 504 87.
1055 469 1114 502 Vll.
1129 465 1460 501 CoronatioFriderici
1478 463 1802 503 tertii,Romanorum

264 520 392 555 xxxvl.
416 521 619 554 Canonizatio
641 522 673 554 B.
697 520 816 554 Nicolai
840 520 877 553 de
902 520 1016 552 Tolen-

353 569 432 610 tino,
452 570 639 617 professoris
650 569 775 603 Ordinis
792 570 923 601 fratrum
942 567 1016 599 Ere-

356 619 505 652 mitarurn
515 620 545 653 S.
560 619 740 661 Augustini,
752 618 883 660 eiusque
901 615 1018 649 adscri—

355 668 420 712 ptio
445 669 587 710 catalogo
605 669 651 701 Ss.
675 668 907 702 consessorum,
923 670 952 697 et
969 664 1016 696 in—

356 716 475 750 stitutio
492 716 663 750 festivitatis
688 727 744 760 pro
770 715 819 747 die
840 725 857 746 x
884 718 1019 757 septem-

357 764 435 805 bris,
457 765 510 799 88.

270 814 411 847 XXXVII.
435 814 670 847 Declarationes
690 819 719 845 et
735 813 947 855 mitigationes
961 811 1020 843 Re-

358 864 451 906 gulae
467 874 614 896 sororum
632 863 695 895 sive
707 861 894 894 monialium
908 861 938 893 S.
953 859 1022 892 Cla-

359 923 425 952 rae,
452 917 482 944 et
501 922 611 945 earum
632 910 808 954 suppositio
829 909 938 943 Ordini
959 908 1021 940 sra-

360 966 445 993 trum
467 960 624 994 Minorum
641 961 672 994 S.
690 958 850 992 Francisci
862 958 900 991 de.
912 958 1024 991 Obser-

363 1009 479 1049 vantia,
501 1009 554 1043 90.

274 1058 428 1091 XXXVIII.
453 1058 617 1091 Absolutio
638 1068 750 1090 eorum
771 1056 826 1100 qui
850 1064 1024 1097 congrega—

361 1107 440 1141 tioni
461 1106 631 1140 Basileensi
648 1106 858 1138 adhaeserunt
883 1108 951 1147 post
966 1103 1027 1135 dis-

363 1156 555 1190 solutionem
591 1154 739 1191 concilii,
772 1158 800 1185 et
835 1153 872 1185 ad
902 1151 1026 1185 Summi

363 1205 526 1238 Pontitieis
538 1203 751 1237 obedientiam
764 1202 941 1240 redies-uun
956 1211 1028 1244 pro-

363 1254 506 1297 visioque
519 1258 549 1286 et
558 1251 730 1285 declaratio
746 1251 830 1283 cirea
844 1249 1029 1282 collationes

365 1303 573 1336 ecclesiarum
590 1306 620 1334 et
640 1299 884 1335 beneficiorum,
907 1297 959 1331 92.

530 1397 718 1432 NICOLAUS
742 1397 776 1429 V.

282 1500 303 1532 I.
326 1498 533 1533 Confirmatio
553 1496 744 1530 concordiae
759 1493 855 1528 initae
871 1494 954 1527 inter
968 1492 1034 1526 Fri-

371 1547 515 1579 dericum
551 1546 779 1589 imperatorem
808 1543 1033 1587 principesque

372 1594 560 1629 Germaniae
587 1605 622 1627 ac
642 1595 782 1637 legatum
808 1591 1032 1636 apostolicum,

372 1655 469 1688 super
492 1644 705 1678 reservatione
730 1648 760 1676 et
784 1642 953 1675 collatione
982 1651 1034 1674 ec-

372 1693 542 1726 clesiarum
555 1699 585 1726 et
600 1693 833 1726 beneficiorum
849 1689 1038 1724 ecclesiasti-

373 1753 505 1775 corum:
537 1748 567 1775 et
591 1741 778 1786 approbatio
804 1738 1037 1773 constitutionis

373 1791 507 1835 Eugenii
531 1792 567 1824 IV
592 1791 624 1824 in
649 1791 716 1831 his,
743 1800 826 1834 quae
851 1787 1037 1822 huiusmodi

373 1841 565 1875 concordiae
586 1851 649 1874 non
675 1841 894 1879 adversantur,
916 1838 970 1871 96.

286 1892 321 1923 ll.
357 1890 536 1924 Catliolicos
566 1890 666 1923 Latini
700 1889 780 1922 ritus
809 1888 847 1920 ad
881 1870 1059 1920 Graecum¹

373 1939 509 1973 transire
530 1950 595 1973 non
616 1949 707 1982 posse
728 1935 884 1975 decernit,
907 1934 981 1968 100.

288 1989 337 2022 IIl.
369 1987 572 2021 Canonizatio
600 1987 629 2021 S.
659 1984 848 2019 Bernardini
873 1982 1037 2022 Senensis,

377 2036 566 2080 professoris
589 2035 715 2068 Ordinis
735 2035 869 2066 fratrum
882 2032 1040 2064 Minorum

377 2085 483 2119 Sancti
503 2083 663 2117 Francisci
675 2084 713 2115 de
723 2080 937 2119 Observantia,
955 2079 1041 2112 eius—

378 2146 440 2178 que
470 2134 580 2167 relatio
608 2133 638 2165 in
664 2141 837 2165 numerum
858 2134 1042 2163 sanctorum

380 2184 613 2221 consessorum,
635 2180 710 2214 (101.

292 2233 338 2266 IV.
361 2231 478 2267 Contra
498 2231 613 2275 impios
633 2228 823 2263 christianos
839 2227 1000 2259 mittentes
1015 2229 1045 2257 et

382 2282 559 2314 deserentes
579 2289 679 2318 arma,
705 2277 853 2310 victualia
873 2280 903 2308 et
928 2273 1044 2307 merci-

383 2329 491 2364 monia
505 2329 543 2362 ad
556 2332 660 2372 partes
672 2327 919 2364 Saracenorum,
929 2324 977 2357 vel
989 2323 1047 2356 eis-

383 2384 455 2417 dem
463 2384 602 2417 favorem
613 2380 828 2415 autauxilium
838 2382 1044 2423 praestantes,

384 2438 459 2472 105.

296 2490 329 2526 V.
353 2492 506 2527 Bonifacii
526 2491 584 2525 ΡΡ.
607 2491 645 2524 IX
661 2490 781 2523 litteras
796 2499 894 2531 super
909 2485 986 2520 festo
998 2486 1048 2519 Vi-

386 2546 541 2581 sitationis
551 2544 766 2579 sanctissimae
781 2541 917 2585 Virginis
933 2540 1048 2573 Mariae

387 2600 568 2640 confirmat,
591 2598 665 2632 106.

299 2655 346 2688 VI.
369 2653 545 2689 Translatio
564 2649 785 2697 patriarchalis
805 2648 958 2682 ecclesiae
975 2647 1051 2680 Gra-

389 2707 495 2743 densis
514 2706 552 2740 ad
569 2705 724 2740 civitatem
739 2702 961 2741 venetiarum,
979 2711 1053 2734 cum

1035 605 1044 926 t

1048 1363 1053 1392 1

1144 515 1357 559 imperatoriS,
1380 514 1412 545 in
1433 514 1516 545 alma
1533 512 1628 551 Urbe,
1651 521 1724 544 cum
1746 521 1802 553 ap-

1146 564 1332 608 probatione
1350 562 1514 595 electionis
1524 562 1584 594 iam
1596 561 1633 593 de
1643 571 1680 591 eo
1693 561 1803 597 sac-tae,

1145 614 1219 647 409.

1155 661 1343 700 Declaratio,
1370 665 1436 692 tum
1463 659 1602 703 Septam,
1633 663 1700 690 tum
1731 656 1804 689 reli-

1147 722 1242 754 quam
1256 710 1393 742 Africam
1406 720 1422 740 a
1433 704 1806 749 PromontoriisBajadoc

1148 764 1178 792 et
1196 759 1273 791 Nam
1291 759 1328 790 ad
1345 757 1499 790 Guincam
1517 766 1630 799 usque,
1648 755 1694 787 vel
1712 754 1806 787 etiam

1149 808 1232 840 ultra
1252 807 1289 839 ad
1311 806 1514 845 antarticum‚
1537 803 1708 846 omniaque
1724 802 1810 835 adia-

1150 856 1253 890 centia
1273 856 1506 889 Saracenorum
1527 863 1624 895 regna
1643 852 1810 885 Lusitanae

1149 915 1287 938 coronae
1303 915 1370 937 esse
1390 903 1526 942 addicta,
1553 901 1627 935 ΜΟ.

1298 1000 1503 1035 CALLISTUS
1527 1000 1576 1033 III.

1066 1102 1088 1134 Ι.
1112 1100 1345 1133 Tliesaurarius
1365 1104 1394 1131 et
1418 1097 1526 1131 clerici
1546 1096 1746 1130 Reverendae
1757 1094 1814 1129 Ca-

1156 1160 1262 1181 merae
1293 1147 1512 1191 Apostolicae,
1543 1146 1608 1178 veri
1646 1144 1816 1177 familiares

1156 1197 1272 1240 Papae,
1295 1197 1428 1239 eiusque
1450 1201 1480 1228 et
1504 1195 1592 1228 Sedis
1619 1194 1817 1237 Apostolicae

1159 1245 1338 1288 cappellani
1359 1255 1425 1277 esse
1446 1244 1661 1281 declarantur,
1684 1242 1758 1275 1116.

1070 1294 1106 1328 11.
1143 1294 1333 1327 Sanctorum
1373 1293 1592 1325 confessorum
1630 1290 1819 1333 pontificum

1159 1342 1274 1375 canoni
1294 1340 1444 1374 adscribit
1468 1340 1596 1372 beatum
1621 1338 1819 1371 Osmundum

1161 1390 1427 1424 Sarisberiensem
1474 1388 1505 1421 in
1547 1387 1659 1431 Anglia
1701 1387 1823 1431 episco-

1161 1450 1238 1484 pum
1251 1466 1258 1480 ,
1281 1449 1354 1472 cum
1367 1438 1437 1471 festi
1454 1437 1595 1470 eiusdem
1613 1435 1713 1470 sancti
1733 1435 1824 1469 insti-

1160 1489 1295 1527 tutione,
1317 1488 1392 1521 418.

1073 1539 1122 1572 III.
1146 1537 1340 1576 Declaratio,
1367 1536 1452 1579 quod
1478 1534 1624 1568 canonici
1652 1543 1824 1577 congrega-

1162 1586 1257 1619 tionis
1276 1586 1308 1619 S.
1331 1585 1512 1625 Salvatoris,
1525 1584 1650 1618 Ordinis
1666 1584 1696 1617 S.
1716 1584 1823 1625 Augu-

1164 1635 1248 1675 stini,
1263 1639 1336 1667 sunt
1347 1633 1411 1667 veri
1420 1633 1565 1666 canonici
1577 1633 1739 1676 regulares
1748 1631 1823 1664 dicti

1164 1684 1302 1724 Ordinis,
1312 1694 1489 1726 eorumque
1497 1681 1667 1726 privilegiis
1677 1680 1826 1714 omnibus

1167 1734 1390 1778 perfruuntur,
1412 1732 1486 1765 126.

1055 1774 1058 1792 ¹
1078 1785 1124 1818 IV.
1148 1783 1276 1817 Sanctio
1297 1782 1335 1815 ad
1356 1781 1536 1814 evitandum
1557 1779 1721 1823 quodlibet
1741 1778 1826 1811 chri-

1166 1832 1342 1865 stianorum
1364 1840 1437 1862 cum
1464 1828 1584 1862 iudaeis
1613 1834 1641 1861 et
1670 1827 1828 1861 saracenis

1168 1879 1412 1918 commercium,
1423 1878 1562 1911 rescissis
1569 1877 1828 1920 quibuscumque

1168 1929 1341 1975 privilegiis
1362 1928 1496 1961 antehac
1516 1926 1633 1959 eisdem
1656 1925 1826 1963 concessis,

1168 1979 1243 2012 1127.

1080 2029 1114 2061 V.
1138 2028 1197 2067 Qui
1218 2025 1439 2060 christifideles
1459 2023 1686 2067 quoquomodo
1711 2022 1743 2054 iu
1767 2032 1832 2055 ser-

1169 2076 1298 2108 vitutem
1333 2074 1502 2116 redigere,
1534 2072 1667 2114 aliisque
1695 2070 1831 2103 vendere

1171 2124 1300 2159 audent,
1312 2123 1529 2155 subiiciuntur
1540 2119 1745 2153 anathemati:
1761 2129 1833 2162 pro-

1172 2173 1280 2217 positis
1296 2183 1350 2205 eos
1365 2170 1604 2214 quomodolibet
1624 2167 1833 2201 liberantibus

1172 2219 1469 2263 indulgentiis,‘130.

1086 2271 1132 2305 vl.
1144 2270 1367 2314 Exemptiones
1377 2274 1406 2302 et
1416 2267 1632 2301 immunitates
1648 2264 1832 2299 monasterii

1174 2325 1204 2353 et
1218 2319 1452 2352 monachorum
1475 2318 1505 2350 S.
1533 2316 1700 2349 Salvatoris
1721 2315 1832 2348 Messa-

1175 2368 1293 2407 nensis,
1315 2366 1441 2401 Ordinis
1461 2366 1491 2399 S.
1515 2365 1633 2405 Basilii,
1655 2364 1730 2398 2132.

1088 2419 1148 2452 I'II.
1185 2415 1484 2460 Transfigurationis
1518 2416 1631 2448 festum
1667 2413 1835 2447 Salvatoris

1175 2467 1347 2510 vulgariter
1367 2470 1589 2507 nuncupatum
1610 2474 1626 2495 a
1647 2461 1836 2495 christifide-

1178 2516 1272 2555 libus,
1286 2514 1457 2548 colendum
1475 2513 1607 2545 instituit
1619 2522 1676 2554 pro
1688 2511 1738 2544 die
1754 2515 1838 2543 sexta

1179 2565 1326 2642 aggusti,
1356 2561 1632 2604 indulgentiasque
1663 2559 1836 2602 elargitur,

1179 2609 1253 2642 1-3.

1092 2654 1166 2688 VIII.
1188 2652 1391 2696 presbyteros
1411 2650 1546 2684 Graecos
1567 2649 1648 2681 inter
1668 2647 1838 2680 missarum

1181 2697 1334 2732 solemnia
1362 2694 1496 2729 Romani
1528 2692 1690 2727 pontificis
1721 2700 1840 2726 nomen
