2281 3251
54 295 103 322 An.
120 294 148 322 C.
169 295 229 321 ¹521

66 357 140 378 Habitu
150 357 235 378 fratrum

53 392 74 410 et
97 395 190 410 sororum
215 393 235 410 et

51 420 117 440 roi-nnn
124 420 237 446 professio-

53 451 94 476 nin

92 1163 182 1191 kinnim

58 2362 154 2389 sitentio,
177 2368 229 2384 eon-

45 2393 138 2415 fessione
146 2397 167 2415 et
174 2400 228 2415 com-

47 2432 155 2450 munlonssi

923 299 984 322 LEO
1006 300 1027 322 x
1051 300 1097 322 PP.

253 348 377 383 tulerint
393 349 454 396 (qni
472 349 510 383 de
534 350 584 384 vili
608 363 720 397 pannO,
737 352 864 387 arbitrio
888 353 993 387 visita-

253 399 338 439 tori&
351 412 419 433 esse
433 399 550 442 (lebet),
564 401 588 434 si
611 403 806 435 convvi-satio
829 403 992 437 laudabilis

255 447 355 487 suerit,
378 448 461 493 apud
485 458 686 489 conventuum
714 451 742 484 in
764 464 826 498 quo
852 453 921 498 quis
948 452 991 486 rel

249 509 328 543 quae
357 497 495 531 habitum
526 499 718 544 probationis
747 503 932 545 portaverit,
955 501 992 534 tlt·

249 546 378 580 consilio
401 547 605 581 discretorum
631 549 703 582 ‹licti
733 559 927 594 conventus,
956 551 990 583 ail

249 594 472 639 professionem
502 596 573 631 ‹licti
597 597 726 631 Ortlinis
754 600 933 646 recipiatur.
959 599 990 633 ln

247 656 306 690 qna
324 644 514 690 professione
532 648 687 693 promittat
703 660 823 681 serrare
850 649 990 683 mandata

246 692 316 738 Dei,
330 706 365 727 ac
381 695 610 730 satisfacturum
625 697 663 730 tle
678 698 990 743 transgressionilins,

246 755 324 788 quas
342 743 441 778 facere
460 754 562 791 posset
579 746 606 779 in
632 746 771 780 futui-nm
789 755 895 781 contra
912 748 990 781 lianc

245 791 379 826 Tertiam
396 793 561 839 Regulam,
578 795 628 828 ubi
642 809 655 828 a
671 796 812 842 praelatis
824 798 991 843 requisitus

246 841 349 886 suerit,
374 843 504 878 virendo
525 845 553 878 in
576 844 848 885 obetlieiitia‚siiie
865 847 991 893 proprio

245 899 275 925 et
298 904 327 925 tn
356 901 505 927 castitate.

522 966 569 999 De
591 967 716 1000 ieiunio·

539 1037 618 1072 Cim
642 1037 695 1072 111.

292 1107 417 1143 Fratres
441 1117 469 1143 et
492 1121 626 1149 sorores,
651 1110 809 1156 perpetuis
836 1110 990 1156 tempori-

245 1157 316 1197 bus,
342 1157 416 1192 feria
444 1158 594 1197 secunda,
622 1169 742 1205 quarta,
764 1169 850 1193 sexta
877 1167 906 1194 et
919 1159 991 1193 sal)-

243 1207 314 1242 bato
338 1211 480 1255 (excepto
502 1207 685 1243 Dominicae
700 1208 873 1242 Nativitatis
901 1208 991 1252 sesto)

242 1269 353 1291 carnes
376 1270 435 1291 non
453 1257 628 1292 comedant.
652 1257 716 1291 Eta
740 1258 817 1292 festo
836 1257 988 1292 Omnium

242 1306 431 1341 Sanctorum
458 1319 554 1353 nsque
577 1307 614 1340 ad
626 1306 901 1342 Resurrectionem
925 1307 990 1342 Do-

243 1357 331 1396 mini,
354 1357 437 1390 omni
460 1356 534 1390 seria
561 1364 668 1402 quarta
697 1365 726 1390 et
749 1365 832 1391 sexta
851 1357 989 1391 ieiunare

243 1413 417 1440 teneantur.
433 1405 480 1440 Ae
504 1405 660 1445 similiter,
682 1406 820 1452 qualibet
840 1414 924 1440 sexta
944 1406 989 1441 fe-

243 1455 284 1489 ria
309 1455 403 1489 totius
427 1457 510 1489 anni.
534 1454 624 1495 Item,
652 1468 666 1488 a
696 1455 774 1490 festo
801 1456 838 1490 B.
866 1456 987 1490 Martini

243 1517 342 1551 nsque
355 1504 392 1539 ad
406 1504 601 1539 Nativitatem
613 1504 753 1544 Domini,
763 1505 990 1552 ieiunentquo-

243 1555 344 1595 tidie;
373 1555 509 1588 iniuncta
542 1554 776 1600 quadragesima
806 1555 989 1589 universalis

241 1603 413 1648 Ecclesiae,
437 1615 533 1651 usque
556 1603 593 1637 ad
622 1603 899 1638 Resurrectionem
922 1604 989 1638 Do-

243 1653 332 1693 mini,
355 1665 448 1700 quam
468 1661 568 1687 tamen
592 1665 608 1687 a
631 1654 893 1700 quinquagesima
910 1654 988 1688 inci-

243 1715 314 1749 pere
351 1703 477 1737 debent.
508 1701 626 1736 Diebus
661 1715 752 1742 vcro,
783 1703 898 1749 quibus
926 1716 986 1737 non

243 1758 421 1801 ieiunatur,
450 1758 497 1792 bis
532 1758 560 1792 in
598 1757 648 1792 die
684 1758 844 1792 dumtaxat
875 1771 987 1793 come-

242 1812 328 1856 dant,
341 1820 471 1858 excepto
485 1812 568 1859 quod
591 1824 607 1846 a
630 1811 708 1846 festo
734 1812 870 1846 Paschae
889 1826 987 1859 usque

241 1866 277 1900 ad
302 1877 441 1900 mensem
478 1865 637 1909 octobris,
665 1865 841 1899 laborantes
870 1879 986 1912 penoso

241 1931 294 1954 seu
329 1919 412 1966 gravi
446 1919 551 1954 labore
579 1928 624 1953 ter
652 1920 681 1953 in
712 1918 761 1953 die
791 1920 873 1954 retici
900 1928 988 1966 pote-

242 1983 324 2015 runt,
349 1974 534 2009 ieiuniorum
562 1986 686 2021 semper
705 1973 818 2008 diebus
837 1975 986 2021 exceptis.

242 2027 393 2062 Poterunt
415 2037 518 2062 autem
537 2028 729 2071 itinerantes,
745 2028 872 2072 infirmi,
894 2027 986 2062 debi-

242 2081 296 2123 tes,
313 2092 453 2129 tempore
467 2081 672 2126 necessitatis,
686 2082 837 2116 ieiunium
854 2083 986 2118 solvere.

367 2155 411 2188 De
428 2155 532 2188 divino
554 2156 654 2200 officio
675 2162 700 2189 et
726 2156 873 2189 oratione.

530 2225 608 2261 CAP.
639 2226 690 2260 lV.

292 2298 415 2334 Fratres
443 2307 472 2334 et
505 2311 628 2334 sorores
656 2299 686 2332 in
710 2298 839 2334 ecclesia
863 2307 987 2334 servent

243 2353 413 2394 silentium,
437 2354 616 2400 praesertim
640 2353 765 2400 qnando
788 2353 882 2388 missa
905 2354 990 2388 cele-

243 2408 360 2452 bratur,
374 2408 421 2443 vel
441 2420 544 2443 sermo
565 2407 623 2442 Dei
644 2407 839 2454 proponitur.
864 2407 897 2441 ln
920 2407 989 2442 aliis

243 2474 315 2497 vero
343 2463 421 2497 locis
448 2470 572 2497 servent
596 2461 679 2509 quod
704 2473 758 2509 per
780 2474 856 2496 suos
891 2474 988 2508 supe-

244 2518 342 2553 riores
370 2518 450 2553 circa
473 2517 631 2552 silentium
656 2516 717 2550 illis
744 2516 837 2551 fuerit
863 2516 989 2551 ordina-

244 2579 320 2606 tum.
343 2570 466 2606 Debent
492 2571 584 2605 etiam
608 2570 746 2617 quolibet
773 2571 822 2605 (lie
854 2570 884 2604 in
918 2582 988 2606 sero

245 2625 321 2658 intra
345 2637 377 2659 se
400 2633 429 2659 et
452 2624 555 2659 Deum
578 2624 714 2671 cogitare
743 2624 816 2670 quid
836 2624 987 2664 fecerint,

244 2677 377 2712 dixerint
402 2678 445 2713 vel
472 2679 685 2725 cogitaverint.
709 2677 854 2720 Quolibet
882 2687 986 2713 antem

1663 294 1730 326 765

1037 354 1086 388 die
1102 355 1137 398 (si
1160 355 1316 401 potuerint
1331 356 1506 401 commode)
1532 356 1647 392 debent
1673 359 1779 393 audire

1038 404 1175 438 missam.
1202 404 1241 438 Et
1273 418 1439 452 procurare
1461 406 1575 441 debent
1610 406 1692 453 quod
1717 407 1779 441 lia—

1038 453 1128 487 beant
1152 455 1250 487 virum
1275 454 1468 500 religiosum,
1495 456 1547 502 qui
1571 456 1630 491 illis
1653 456 1778 491 verbum

1038 502 1093 535 Dei
1116 503 1209 537 certis
1231 503 1344 538 (liebus
1359 514 1512 551 proponat
1535 513 1564 539 et
1586 517 1639 539 eos
1651 505 1687 539 atl
1708 518 1779 552 poe-

1037 551 1196 585 nitentiam
1221 562 1249 586 et
1285 553 1412 587 virtutes
1441 554 1576 589 inducat.
1600 554 1644 588 llli
1673 564 1776 590 antem

1036 600 1081 634 vel
1094 601 1233 647 illae‚qni
1252 602 1295 635 vel
1310 615 1389 648 qnae
1401 603 1491 638 lioras
1500 604 1666 638 canonicas
1675 605 1778 639 sciunt

1037 662 1090 695 per
1102 663 1135 684 se
1163 650 1279 695 dicere,
1301 651 1414 685 debent
1431 652 1520 687 lioras
1535 654 1778 697 ‹tanoiiicaS‚se-

1036 699 1172 733 cundum
1189 712 1278 734 usum
1296 710 1419 735 sanctae
1432 701 1593 737 Romanae
1602 702 1777 741 Ecclesiae.

1037 748 1221 793 persolvere.
1250 750 1311 790 Qui
1335 763 1406 784 vero
1430 751 1520 786 lioras
1543 752 1709 787 canonicas
1728 765 1778 787 ne-

1034 798 1138 831 sciunt
1152 798 1268 838 dicere,
1278 799 1381 834 (licant
1395 800 1561 835 duodecim
1574 803 1666 835 Pater
1680 810 1778 836 noster

1036 859 1090 892 pro
1112 848 1278 891 matutino,
1292 857 1320 883 et
1336 862 1391 895 pro
1419 850 1556 896 qualibet
1575 851 1703 885 aliarum
1721 851 1778 885 ho-

1035 908 1137 930 rarum
1160 906 1293 944 septem,
1316 898 1420 933 addito
1437 900 1544 934 Gloria
1569 901 1660 934 Patri·
1675 901 1703 935 in
1717 900 1778 935 fine

1034 945 1201 980 cuiuslibet
1224 948 1316 981 Pater
1334 956 1445 993 noster,
1460 949 1565 983 addito
1577 950 1668 984 etiam
1683 952 1778 985 Credo

1034 1002 1064 1028 et
1091 996 1233 1029 Miserere
1253 998 1313 1031 mei
1333 999 1414 1031 Deus
1437 999 1466 1032 in
1489 999 1641 1046 principio
1660 1000 1778 1046 primae

1034 1051 1063 1077 et
1076 1045 1281 1091 completorii.
1305 1046 1343 1080 Et
1359 1047 1411 1094 qui
1429 1049 1597 1094 praemissa
1622 1049 1779 1094 nescierit,

1035 1102 1079 1126 ter
1107 1095 1199 1127 Pater
1231 1103 1329 1129 noster
1362 1109 1416 1142 pro
1456 1098 1642 1143 poenitentia
1676 1098 1778 1134 dicere

1033 1142 1156 1177 debeat.
1184 1143 1337 1185 Quotiens
1361 1154 1463 1180 autem
1488 1147 1651 1192 prandium
1669 1147 1716 1181 vel
1732 1149 1779 1182 ci-

1035 1190 1106 1225 bum
1122 1201 1263 1232 sumunt,
1279 1195 1394 1239 gratias
1413 1195 1478 1229 Deo
1497 1196 1627 1231 reddere
1650 1196 1776 1232 debent.

1032 1240 1078 1274 De
1101 1242 1297 1277 confessione
1321 1256 1390 1278 vero
1412 1246 1671 1280 sacramentaliet
1693 1258 1777 1281 sacra

1033 1291 1257 1326 communione
1285 1293 1449 1338 sumenda,
1469 1295 1635 1329 servabunt
1657 1295 1779 1330 ordina-

1035 1340 1151 1374 tionem
1180 1340 1296 1376 Nicolai
1320 1341 1422 1389 Papae
1446 1344 1557 1390 quarti,
1581 1344 1664 1390 quod
1689 1345 1776 1379 terin

1031 1400 1113 1423 anno
1137 1390 1345 1425 confiteantur
1359 1400 1450 1439 atque
1470 1394 1716 1439 communicent,
1732 1394 1777 1429 vel

1032 1438 1123 1473 etiam
1138 1447 1252 1474 statuta
1275 1453 1289 1475 a
1305 1441 1371 1476 suis
1381 1442 1597 1489 superioribus
1610 1456 1705 1491 super
1718 1443 1777 1478 hoc

1032 1488 1183 1523 ordinata.

1043 1561 1090 1594 De
1102 1562 1311 1605 praelatorum
1326 1570 1352 1596 et
1367 1564 1540 1609 officiorum
1559 1566 1762 1600 ordinatione.

1320 1633 1401 1669 Cap.
1430 1634 1466 1669 V.

1079 1703 1243 1745 Quaelibet
1271 1705 1395 1750 domus,
1423 1707 1447 1741 si
1477 1708 1702 1743 monasterium
1726 1709 1775 1743 vi-

1031 1764 1135 1787 rorum
1164 1754 1276 1799 fuerit,
1305 1755 1431 1790 babebit
1464 1758 1658 1803 superiorem
1687 1759 1774 1793 istius

1793 303 1842 331 An.
1859 304 1886 331 C.
1907 305 1970 332 isat

1803 1724 1921 1746 Officiorum
1939 1730 1975 1746 οι-

1789 1756 1896 1776 dination·
1908 1759 1929 1776 et
1940 1762 1973 1777 su-

1788 1788 1894 1808 biectione
1910 1788 1975 1808 Ordi-

1031 1802 1241 1844 fraternitatis,
1264 1805 1316 1852 qui
1341 1805 1484 1840 minister
1505 1806 1613 1841 localis
1636 1808 1776 1854 appella·
1790 1819 1810 1838 ni
1831 1818 1917 1839 fratrum
1934 1817 1976 1839 Mi-

1030 1851 1124 1886 bitur.
1147 1852 1180 1887 Si
1214 1867 1285 1888 vero
1308 1854 1493 1895 mulierum,
1522 1864 1619 1891 mater
1641 1857 1776 1899 dicetur,

1030 1909 1060 1935 et
1080 1902 1234 1948 eligentur
1257 1916 1311 1951 per
1338 1916 1412 1939 suos
1434 1914 1619 1946 conventus,
1643 1907 1688 1941 vel
1720 1907 1776 1942 in·-

1030 1951 1197 1985 stituentur
1215 1965 1269 1999 per
1283 1965 1356 1988 suos
1372 1954 1579 2000 provinciales
1595 1957 1776 2002 superiores

1029 2012 1084 2034 sen
1100 2000 1286 2036 visitatorem
1303 2003 1493 2048 generalem.
1515 2003 1557 2039 Ita
1573 2013 1675 2039 tamen
1691 2007 1776 2053 quod

1031 2049 1136 2084 nullus
1159 2051 1197 2085 sit
1220 2061 1402 2098 perpetuus,
1434 2053 1487 2088 sed
1516 2055 1591 2088 certi
1614 2056 1775 2102 temporis.

1030 2098 1091 2140 Qui
1115 2100 1246 2135 ministri
1269 2111 1295 2136 et
1321 2110 1433 2136 matres
1457 2102 1603 2138 obedient
1627 2117 1682 2150 per
1704 2117 1776 2139 om-

1031 2149 1092 2189 nia,
1120 2162 1199 2196 quae
1231 2151 1267 2185 ad
1298 2160 1492 2198 praesentem
1521 2152 1675 2199 Regulam
1703 2166 1777 2201 spe-

1031 2206 1125 2235 ctant,
1148 2200 1391 2246 provincialibus
1403 2201 1557 2236 ministris
1571 2202 1702 2237 Ordinis
1716 2203 1777 2238 Mi-

1031 2259 1142 2282 norum
1158 2249 1194 2283 B.
1217 2248 1376 2284 Francisci
1393 2258 1423 2284 et
1446 2251 1657 2287 visitatoribus
1671 2253 1777 2300 depu-

1030 2302 1100 2336 tatis
1122 2302 1160 2336 ab
1188 2303 1263 2350 ipsis
1287 2304 1447 2346 ministris,
1471 2305 1621 2352 quamdiu
1639 2306 1668 2340 in
1684 2307 1777 2342 dictis

1030 2356 1139 2391 officiis
1168 2357 1291 2392 fuerint.
1320 2358 1391 2400 Quo
1414 2371 1486 2393 vero
1519 2359 1557 2394 ad
1589 2360 1646 2395 alia
1674 2360 1773 2397 officia

1032 2410 1107 2445 intra
1137 2411 1278 2456 domum,
1305 2413 1472 2447 servabunt
1495 2422 1609 2449 statuta
1633 2427 1699 2450 sua.

1031 2483 1077 2516 De
1095 2485 1184 2517 modo
1209 2485 1332 2518 interius
1354 2486 1544 2531 exteriusque
1565 2489 1775 2523 conversandi.

1335 2555 1412 2590 CAP.
1441 2555 1493 2591 Vl.

1079 2625 1160 2660 Cum
1183 2626 1290 2661 fratres
1317 2635 1346 2661 et
1371 2639 1495 2662 sorores
1518 2628 1610 2663 liuius
1629 2630 1776 2666 fraterni·

1033 2681 1101 2714 tatis
1123 2681 1263 2716 dicantur
1290 2682 1327 2716 de
1353 2681 1557 2730 poenitentia,
1581 2694 1702 2732 oportet
1722 2698 1776 2722 eos

1791 1855 1872 1875 norum3

1808 2645 1912 2672 Qunlitate
1935 2651 1974 2668 v·-

1791 2677 1850 2696 stium
1874 2681 1895 2698 et
1920 2684 1974 2700 tou·

1790 2709 1923 2736 ver-attona
