2281 3251
211 283 262 309 Αιι.
281 282 309 308 C.
329 283 392 310 18511

221 792 304 813 ”attint

208 822 295 850 Eugrnn
307 824 329 843 Π
342 831 366 843 ro
356 831 380 844 ιι

208 856 287 875 firm-ta
304 859 354 881 pits·
351 856 389 875 ιιι-Ι

333 793 390 813 &et

214 2196 322 2218 concessa
347 2202 385 2217 ex—

202 2230 336 2250 truendarum
349 2228 387 2248 Εσ-

203 2260 314 2280 clesiarum
345 2266 385 2287 po-

203 2294 275 2312 tentus.

462 273 528 306 114

410 339 599 386 ριοι1ηο1ει5,
623 338 752 381 insulas,
777 346 898 385 portus,
918 338 983 371 loca
1008 345 1037 369 et
1062 336 1156 370 maria

408 400 642 435 quaecumque,
663 397 879 434 quotcumque
908 395 937 421 et
960 385 1158 432 qncdiacum·

407 449 469 484 que
497 438 622 480 suerint
647 438 810 484 ipsamque
834 444 1057 482 conque,stam
1073 447 1157 469 aca-

408 486 526 533 pitibus
539 487 577 521 de
589 486 754 521 Boradoclt
773 495 802 520 et
819 486 857 519 de
876 485 954 519 Nam
974 484 1152 531 praedictis,

406 537 538 571 Alsonso
555 538 618 583 regi
634 546 663 572 et
677 535 917 571 successoribus
932 547 1008 578 suis,
1028 534 1157 580 regilius

407 586 560 621 dictorum
587 599 768 632 regnorum,
791 598 824 619 ac
865 584 976 618 lnsanti
1011 584 1157 630 praefatis

407 645 559 684 perpetuo
582 636 749 675 donamus,
773 634 978 670 concedimus
999 642 1029 668 et
1044 646 1156 681 appro-

408 686 549 733 priamus
573 698 628 732 per
655 694 845 732 praesentes.

455 735 475 781 5
501 737 533 769 6.
559 735 735 774 Praeterea,
763 747 835 769 cnm
862 734 898 768 ad
925 733 1154 781 perlicit-ndum

406 798 487 832 opus
510 785 691 819 huiusmodi
729 783 949 831 multipliciter
976 784 1015 818 sit
1037 796 1154 830 oppor-

406 844 515 869 ιιιιιυιῐι
540 834 625 881 quod
650 834 802 869 ‘ittonsus
826 846 876 868 rex
897 842 925 868 ct
954 845 1156 869 successores

405 897 439 918 ac
453 883 730 931 lus-inspraedicti
744 896 865 918 necnon
884 895 1026 930 person-‘e
1039 883 1155 930 quilius

406 935 464 968 lioc
486 933 645 974 duxerint,
662 946 715 968 scu
733 933 847 981 aliquis
875 934 1014 980 ipsorum
1030 933 1155 968 duxerit

404 984 677 1027 committendum,
700 984 782 1018 illius
798 983 881 1017 dicto
896 982 1003 1018 Ioanni
1021 984 1083 1038 tegi
1100 996 1155 1030 pet

404 1034 500 1068 lelicis
540 1033 764 1068 recordationis
796 1033 964 1067 Martinuin
993 1033 1154 1080 quintum,

402 1092 432 1117 et
454 1083 582 1118 alterius
602 1083 796 1118 indultorum
818 1083 911 1118 etiam
929 1082 1062 1130 inclytae
1085 1096 1154 1118 tne-

403 1133 519 1168 moriae
559 1133 724 1175 Eduardo,
757 1132 940 1168 eorumdem
985 1145 1151 1178 remmom

402 1184 480 1238 regi
508 1183 649 1218 eiusdem
675 1161 798 1217 Aliensi
822 1183 905 1229 regis
931 1183 1082 1229 genitori,
1099 1196 1153 1228 pir

404 1232 474 1279 piae
497 1234 666 1268 memoriae
693 1232 873 1279 Eugenium
897 1241 1056 1280 quar,tum
1080 1232 1153 1267 Ro—

403 1294 512 1318 manos
540 1282 711 1317 Pontifices
734 1282 993 1330 praedecessores
1017 1292 1153 1327 nostros,

402 1344 638 1373 concessorum,
668 1345 775 1367 tersus
813 1332 913 1367 dictas
941 1341 1044 1379 partes
1078 1345 1151 1367 cnm

401 1383 588 1429 quibusdam
625 1384 783 1417 saracenis
823 1391 852 1416 et
889 1382 1069 1417 inlidelibtts
1113 1382 1152 1416 de

401 1433 655 1480 quibuscumque
679 1432 773 1467 rebus
804 1441 834 1467 et
858 1433 949 1467 bonis
974 1445 1010 1467 ac
1030 1432 1151 1466 victua-

402 1482 507 1526 libus,
535 1483 712 1530 emptiones
746 1491 775 1517 et
809 1483 1030 1526 venditiones,
1058 1491 1152 1529 prout

401 1510 557 1579 congritit,
570 1533 683 1577 facere,
699 1544 821 1567 necnon
836 1544 1056 1588 quoscumque
1072 1544 1152 1566 con-

401 1591 518 1617 tractus
541 1583 632 1638 inire,
655 1582 840 1629 transigere,
869 1583 995 1630 pacisci,
1020 1583 1149 1617 mercari

401 1645 436 1666 ac
459 1633 624 1679 negotiari,
651 1641 682 1667 et
717 1644 837 1667 merces
864 1644 1084 1679 quascumque
1112 1633 1148 1666 ad

403 1684 541 1728 ipsorum
577 1695 796 1717 saracenorum
821 1692 850 1717 et
871 1682 1046 1717 infidelium
1071 1682 1150 1727 loca,

402 1733 574 1767 dummodo
596 1732 807 1773 l'er,ramenta
832 1732 1023 1778 lignamina
1048 1732 1151 1778 tunes,

402 1793 497 1817 naves
519 1795 573 1817 sen
601 1791 831 1818 armaturarum
847 1794 963 1837 genera
987 1794 1049 1817 non
1075 1783 1150 1824 sint,

402 1831 535 1876 deferre,
563 1841 592 1866 et
613 1845 648 1867 ea
675 1822 766 1867 (fletis
801 1833 960 1867 saracenis
981 1842 1011 1867 et
1040 1832 1151 1868 infide-

401 1881 485 1916 libus
510 1882 655 1922 rendere
677 1882 782 1917 omnia
810 1894 936 1929 quoque
952 1881 1010 1917 alia
1033 1891 1063 1917 et
1085 1883 1150 1917 sin-

400 1931 501 1977 gula
496 1944 525 1966 ιιι
550 1933 732 1979 praemissis
759 1941 790 1967 et
812 1945 895 1967 cttca
913 1944 947 1966 ea
971 1941 1149 1980 opportuna

402 1980 448 2016 vel
471 1983 644 2017 necessaria
662 1982 817 2029 facere„o
798 1994 907 2017 “erere
929 1981 974 2016 vel
992 1994 1150 2027 exercere,

402 2031 523 2086 ipsique
538 2032 688 2067 Alsonsus
703 2044 769 2076 rex,
783 2044 982 2067 successores
999 2040 1029 2066 et
1044 2031 1150 2067 Infans

403 2092 434 2114 ιιι
463 2081 522 2116 iam
547 2082 707 2141 acquisitis
729 2091 757 2117 et
781 2094 836 2130 per
857 2094 929 2117 enm
950 2082 1150 2129 acquirendis

402 2135 584 2182 provinciis,
613 2136 723 2170 insulis
759 2149 793 2172 ac
822 2136 899 2171 locis
933 2148 1149 2183 quascumque

401 2188 573 2234 Ecclesias,
590 2191 776 2226 monasteria
799 2200 828 2225 et
843 2190 900 2226 alia
925 2191 972 2238 pia
997 2190 1062 2225 loca
1077 2190 1149 2225 sun-

400 2244 486 2289 dare,
501 2257 536 2279 ac
552 2245 673 2280 fundari
696 2255 725 2280 et
748 2246 901 2287 construi,
925 2258 1046 2280 necnon
1061 2258 1150 2292 quas-

400 2311 536 2346 cumque
565 2299 755 2335 volnntarias
778 2312 930 2348 personas
957 2300 1148 2335 ecelesiasti-

400 2365 464 2398 cas,
486 2354 674 2398 saeculares,
697 2355 881 2402 quorumvis
903 2354 996 2389 etiam
1025 2353 1149 2389 Mendi-

399 2409 538 2444 cantium
564 2408 720 2444 Ordinnm
745 2410 902 2456 regulares
931 2409 986 2453 (de
1009 2409 1151 2456 superio-

400 2476 470 2498 rum
490 2472 594 2499 tamen
617 2476 746 2499 suorum
763 2465 903 2509 licentia)
918 2465 954 2500 ad
980 2464 1030 2499 illa
1045 2473 1148 2499 trans-

400 2519 541 2558 mittere,
569 2519 718 2566 ipsaeque
746 2531 897 2566 personae
935 2519 1009 2554 inibi
1043 2519 1148 2563 etiam,

399 2586 480 2621 qnae
502 2573 698 2615 advenerint,
721 2574 920 2613 commorari,
936 2586 971 2608 ac
994 2585 1148 2621 quorum-

400 2640 538 2676 cumque
561 2628 590 2662 in
612 2627 706 2662 dictis
727 2628 869 2675 partibus
883 2628 1083 2663 existentium
1100 2626 1147 2661 vel

399 2682 620 2720 accedentium
648 2682 863 2718 consessiones
885 2682 1006 2725 audire,
1026 2681 1148 2728 illisque

982 283 1019 304 ΒΓ
1024 281 1167 304 Lutum!
1196 281 1356 303 ROMANUM

1201 335 1335 376 auditis,
1364 336 1392 369 in
1429 336 1596 374 omnibus.
1626 345 1844 383 praeterquam
1872 335 1948 370 Sedi

1201 385 1377 431 praedictae
1400 386 1566 420 reservatis
1581 385 1717 422 casibus.
1733 385 1871 420 debitam
1892 385 1950 420 ab·

1199 434 1388 469 solutionem
1408 435 1592 482 impendere.
1608 448 1643 470 ac
1660 435 1884 482 poeniteutiam
1900 447 1951 470 sa-

1200 484 1331 520 lutarem
1360 485 1524 531 iniungere
1541 513 1549 524 ,
1573 497 1696 519 necnon
1737 485 1950 520 ecclesiastica

1198 543 1391 568 sacramenta
1426 535 1604 569 ministrare
1628 534 1748 568 valeant
1796 534 1894 569 libere
1915 547 1951 569 ac

1200 583 1283 619 licite
1305 585 1515 629 derernimus,
1539 585 1661 632 ipsique
1683 584 1817 618 Alsonso
1831 592 1861 619 et
1876 596 1951 618 suc-

1198 634 1376 668 cessoribus
1394 634 1471 678 suis,
1495 634 1622 681 regilius
1651 634 1875 680 portugalliae,
1897 634 1951 681 qui

1198 693 1291 718 erunt
1325 684 1354 717 in
1395 694 1568 730 posterum,
1602 693 1632 719 et
1661 683 1774 718 lnsanti
1813 683 1951 731 praefato

1198 733 1403 768 concedimus
1425 743 1456 768 et
1485 734 1695 780 indulgentius.

1247 784 1267 830 5³
1291 786 1322 817 7.
1351 783 1397 818 Ac
1422 784 1584 818 universos
1605 793 1635 818 et
1663 782 1806 828 singulos
1829 782 1949 819 Cliristi

1199 832 1320 878 fideles,
1343 834 1600 878 ecclesiasticos,
1622 833 1800 868 saeculares
1827 842 1857 867 et
1887 832 1950 868 Or-

1197 883 1306 917 dinum
1331 895 1608 930 quorumcumque
1624 882 1795 929 regulares,
1817 882 1950 918 ubilibet

1199 945 1253 978 per
1277 933 1384 967 orbem
1412 934 1617 970 constitutos,
1637 933 1867 979 cuiuscumque
1884 942 1949 968 sta-

1197 990 1259 1022 tus,
1281 983 1410 1029 gradus,
1437 983 1566 1021 ordinis,
1590 982 1779 1017 conditionis
1796 982 1841 1017 vel
1859 995 1949 1030 prae-

1196 1033 1387 1067 eminentiae
1402 1034 1526 1072 fuerint,
1542 1032 1662 1067 etiamsi
1677 1031 1948 1080 archiepiscopali,

1195 1082 1380 1130 episcopali,
1411 1083 1574 1130 imperiali,
1603 1082 1723 1128 regali,
1754 1081 1855 1117 ducali
1891 1095 1946 1118 sen

1195 1132 1252 1166 alia
1280 1145 1481 1180 quacumque
1514 1133 1622 1167 maiori
1650 1132 1862 1167 ecclesiastica
1892 1145 1946 1167 sen

1197 1183 1353 1217 mundana
1382 1183 1532 1228 dignitate
1549 1182 1777 1229 praefulgeant,
1800 1181 1948 1217 obsecra-

1197 1244 1266 1265 mtts
1285 1232 1314 1266 in
1338 1231 1488 1273 Domino,
1512 1241 1541 1266 et
1558 1246 1611 1278 per
1633 1231 1848 1279 aspersionem
1864 1231 1948 1267 San-

1196 1281 1304 1327 guinis
1327 1281 1453 1317 Domini
1471 1283 1568 1317 nostri
1586 1282 1669 1325 lesu,
1692 1281 1796 1324 cuius,
1813 1290 1844 1315 ut
1862 1294 1948 1328 prae-

1196 1331 1340 1376 mittitur,
1364 1345 1412 1366 res
1435 1333 1548 1379 agitur,
1565 1332 1779 1372 exhortamur,
1794 1331 1945 1378 eisqucin

1196 1393 1414 1416 remisstonem
1437 1394 1568 1417 snorum
1599 1393 1816 1428 peccaminum
1842 1394 1947 1415 imun-

1195 1430 1310 1477 gimus,
1328 1444 1451 1466 necnon
1476 1432 1534 1466 ltoc
1552 1440 1705 1478 perpctuo
1725 1430 1947 1478 prohibitionis

1193 1480 1298 1516 edicto
1320 1482 1492 1517 districtius
1510 1481 1702 1521 inhibemus,
1717 1493 1756 1516 ne
1775 1480 1812 1515 ad
1835 1480 1947 1528 acqui-

1193 1535 1250 1569 sita
1279 1548 1334 1571 seu
1365 1549 1507 1584 possessa
1535 1536 1663 1571 nomine
1690 1535 1812 1570 Alsonsi
1840 1536 1947 1582 regis,

1193 1599 1244 1624 aut
1277 1590 1486 1638 inconqnisita
1523 1590 1704 1625 liuiusmodi
1742 1590 1946 1625 consistentia

1195 1644 1384 1690 provincias,
1413 1645 1542 1685 insulas,
1561 1653 1681 1692 portus,
1705 1645 1801 1679 maria
1823 1653 1853 1679 et
1879 1643 1946 1679 loca

1193 1708 1425 1745 quaecumque,
1442 1711 1496 1733 seu
1514 1699 1590 1733 alias
1606 1698 1682 1746 ipsis
1696 1698 1869 1743 saracenis,
1895 1698 1947 1732 in-

1195 1751 1340 1787 lidelibus
1364 1754 1409 1788 vel
1427 1755 1557 1802 paganis
1579 1766 1677 1798 arma,
1693 1753 1823 1795 serrum,
1846 1753 1946 1799 ligna-

1195 1806 1277 1842 mina
1310 1807 1435 1855 aliaque
1474 1821 1489 1842 a
1529 1809 1596 1842 iure
1641 1807 1799 1842 saracenis
1832 1806 1945 1842 deferri

1194 1861 1351 1908 prohibita
1373 1862 1612 1909 quoquomodo,
1626 1862 1673 1896 vel
1696 1861 1803 1903 etiam,
1825 1861 1946 1909 absque

1194 1916 1323 1962 speciali
1343 1917 1443 1964 ipsius
1471 1916 1592 1951 Allonsi
1625 1917 1706 1963 regis
1728 1926 1758 1952 et
1780 1928 1946 1951 successo·

1193 1982 1262 2004 rum
1286 1983 1416 2006 suorum
1439 1979 1470 2006 et
1492 1971 1623 2006 Infantis
1659 1971 1797 2012 licentia,
1823 1982 1946 2006 merces

1192 2033 1222 2059 et
1249 2025 1307 2060 alia
1334 2038 1350 2060 a
1379 2026 1446 2060 iure
1470 2026 1620 2073 permissa
1646 2025 1782 2065 deferre,
1809 2033 1862 2060 aut
1891 2036 1946 2071 per

1193 2080 1289 2114 maria
1307 2079 1488 2114 huiusmodi
1513 2081 1669 2127 navigare,
1691 2092 1748 2114 seu
1766 2079 1882 2114 deferri
1898 2077 1945 2112 vel

1193 2134 1330 2180 navigari
1354 2133 1455 2168 facere
1470 2162 1478 2178 ,
1501 2143 1554 2169 aut
1584 2135 1613 2169 in
1637 2134 1698 2169 illis
1722 2134 1860 2182 piscari,
1886 2144 1943 2168 seu

1191 2188 1230 2222 de
1254 2188 1440 2235 provinciis,
1470 2189 1592 2233 insulis,
1615 2187 1783 2236 portubus,
1807 2187 1944 2222 maribus

1192 2250 1222 2276 et
1246 2242 1323 2277 locis
1345 2255 1400 2277 scu
1418 2243 1580 2290 aliquibus
1602 2255 1710 2278 eorum
1738 2251 1790 2277 aut
1812 2241 1851 2275 de
1866 2252 1944 2276 con-

1192 2297 1294 2344 quista
1338 2298 1521 2333 huiusmodi
1562 2309 1596 2332 se
1632 2297 1861 2340 intromittere,
1895 2295 1943 2330 vel

1191 2351 1321 2401 aliquid,
1342 2365 1397 2400 per
1419 2352 1502 2400 quod
1517 2351 1670 2386 Alfonsus
1687 2362 1739 2385 rex
1762 2359 1792 2385 et
1813 2361 1944 2385 succes-

1191 2419 1279 2441 sores
1301 2415 1330 2442 et
1349 2406 1457 2442 lufaus
1473 2406 1623 2455 praedicti
1639 2405 1811 2453 quominus
1829 2404 1942 2452 acqui—

1191 2461 1249 2496 sita
1278 2470 1308 2496 et
1337 2473 1482 2509 possessa
1520 2460 1648 2509 pacifice
1676 2459 1881 2508 possideant,
1907 2471 1942 2494 ac

1191 2517 1389 2563 conquistam
1430 2516 1611 2551 huiusmodi
1651 2523 1882 2563 prosequantur
1911 2523 1942 2549 et

1192 2570 1317 2610 faciant,
1336 2583 1391 2618 per
1412 2583 1445 2606 se
1469 2571 1514 2605 vel
1537 2570 1633 2605 alium
1661 2583 1715 2604 sen
1732 2570 1804 2614 alia,
1822 2568 1941 2604 directe

1192 2625 1236 2660 vel
1265 2626 1433 2668 indirecte,
1456 2637 1549 2674 opere
1585 2625 1631 2660 vel
1659 2625 1804 2670 consilio,
1838 2623 1941 2659 facere

1190 2689 1241 2716 aut
1271 2681 1426 2728 impedire
1448 2680 1674 2729 quoquomodo
1702 2688 1915 2728 praesumant.

1965 280 2016 306 An.
2034 280 2064 306 C.
2078 280 2146 307 ¹¹15&

1978 793 2063 815 Ferrum
2083 799 2105 815 et
2121 796 2148 816 Ιι-

1964 827 2060 850 miamin·
2069 827 2093 846 ad
2102 826 2149 847 bn·-

1963 855 2026 876 batos
2069 856 2148 878 delei-ri

1964 887 2077 913 prohibita.
