2281 3251
265 271 315 299 An.
334 271 362 299 C.
383 273 448 300 1¹10&

262 956 329 974 m'em
345 955 423 975 edificii.

518 262 584 296 182

464 328 543 367 lam.
578 328 638 364 sub
670 341 770 376 poena
804 329 992 376 praemissa,
1029 326 1213 362 auctoritate

465 378 612 425 praefata
629 387 738 414 tenore
761 377 974 425 praesentium
1004 377 1211 423 iniungimus:

463 429 671 464 decernentes
697 441 733 463 ex
763 439 847 462 nunc
880 438 991 461 omnes
1014 435 1042 461 et
1070 425 1214 481 singulos

463 478 573 513 fratres
599 477 755 513 Ordinum
786 476 1029 524 praedictorum
1051 476 1105 522 qui
1130 487 1215 521 prae-

463 527 542 562 dicta
567 540 628 562 non
649 526 827 569 observare,
849 525 896 560 vel
913 525 974 559 illis
989 534 1096 559 contra
1114 524 1214 560 lacere

465 577 508 611 iel
546 577 650 611 venire
687 575 868 610 studuerint
901 586 973 609 cum
1002 574 1141 612 effectu,
1176 574 1213 608 ad

463 638 574 661 omnes
604 635 692 660 actus
729 625 887 671 legitimos
926 623 1144 670 religiosorum
1185 633 1213 658 et

462 674 618 711 Ordiuum
659 675 798 721 ipsorum
835 672 963 721 penitus
1002 672 1158 708 inhabiles
1185 682 1215 707 et

463 726 769 772 incapacesmecnon
787 724 909 758 irritum
919 730 949 757 et
966 723 1071 767 inane,
1082 724 1107 758 si
1123 735 1215 758 secus

462 787 558 821 ¹super
580 775 629 809 his
650 787 666 808 a
685 785 861 820 quoquam,
884 773 995 820 quavis
1017 772 1214 815 auctoritate,

462 825 597 859 scienter
626 823 670 857 rel
702 824 894 868 ignoranter,
921 822 1087 869 contigerit
1111 830 1238 862 atten—

463 873 529 908 tari.

509 923 530 969 S
552 924 583 957 6.
608 922 694 957 Nulli
718 934 793 967 ergo
816 929 875 957 etc.

559 972 676 1007 Datum
693 971 857 1015 Anconae,
879 984 962 1006 anno
984 971 1215 1006 lucarnationis

460 1022 639 1058 dominicae
694 1021 862 1056 millesimo
898 1021 1214 1069 quadringentesimo

459 1072 659 1119 sexagesimo
677 1079 800 1118 quarto
825 1070 967 1106 kalendis
981 1070 1121 1116 augusti,
1139 1083 1215 1118 pon-

460 1121 594 1157 tificatus
613 1120 710 1156 nostri
733 1132 816 1155 anno
839 1132 884 1155 v.1

512 1177 573 1208 Dat.
593 1178 639 1208 die
658 1178 668 1207 1
689 1178 806 1216 augusti
828 1177 912 1213 1464,
931 1181 1009 1216 pont.
1027 1187 1103 1207 anno
1120 1186 1156 1206 vr.

704 1299 901 1348 PAULUS
937 1299 969 1347 ll

725 1386 819 1416 ΡΑΡΑ
843 1385 946 1416 CCXlll

571 1452 662 1485 Anno
687 1451 816 1485 Domini
840 1450 1099 1484 MCGCCLXW.

459 1523 537 1596 Die
575 1560 620 1593 50
661 1558 784 1605 augusti
821 1559 911 1592 ¹464
945 1557 1066 1592 electus
1102 1566 1148 1593 est
1183 1557 1212 1592 in

457 1609 625 1643 Summum
650 1607 838 1643 Pontificem
856 1606 969 1642 Petrus
991 1606 1127 1652 Barhus,
1149 1605 1214 1642 Ve-

459 1668 561 1698 netus,
576 1657 610 1693 S.
626 1657 666 1692 R.
683 1657 718 1692 E.
738 1656 905 1704 presbyter
928 1655 1099 1691 cardinalis
1130 1656 1212 1691 tituli

457 1707 490 1742 S.
514 1707 629 1747 Marci,
651 1707 721 1754 qui,
745 1706 833 1742 Pauli
860 1706 886 1741 ll
909 1714 1039 1754 sumpto
1065 1706 1212 1747 nomine,

459 1758 554 1792 tliiara
585 1757 751 1792 redimitus
780 1765 826 1792 est
857 1756 908 1791 die
942 1757 987 1790 16
1022 1755 1215 1803 septembris

458 1806 623 1853 sequentis
638 1809 694 1850 (1).
716 1805 777 1841 Hic
801 1805 884 1841 Petri
901 1804 1093 1841 Catliedram
1112 1806 1214 1840 tenuit

459 1870 508 1891 au.
534 1868 584 1899 vt,
613 1868 738 1890 meuses
769 1868 811 1898 x,
840 1855 907 1890 dics
931 1867 1012 1890 xxvi
1041 1856 1100 1900 (2),
1129 1863 1213 1890 tem-

461 1905 591 1952 poribus
617 1904 773 1940 Friderici
797 1905 839 1940 lll
867 1905 1014 1952 augusti3
1047 1917 1083 1940 ac
1112 1905 1214 1941 tribus

460 1955 576 1991 habits
598 1954 863 2011 promotionibus
881 1954 998 2002 quibus
1013 1954 1122 1990 decem
1145 1966 1214 1990 car-

460 2004 581 2040 dinales
601 2005 730 2046 creavit
757 2004 835 2039 obiit
862 2003 983 2040 Romae
1007 2004 1057 2040 die
1079 2006 1125 2040 25
1148 2004 1213 2039 iulii

464 2057 568 2100 ¹471,
583 2062 614 2090 et
629 2054 774 2103 sepultus
791 2063 837 2090 est
852 2054 889 2089 ad
901 2053 1052 2089 Sanctum
1070 2053 1212 2089 Petrum.

460 2104 586 2142 vacavit
609 2103 709 2140 Sedes
731 2103 798 2139 dies
827 2116 885 2139 xlv
909 2106 964 2147 (5).

821 2233 843 2268 l.

501 2299 676 2332 lurisdo'ctio
703 2305 730 2331 et
751 2298 914 2342 facultates
937 2298 1046 2331 vicarit?
1067 2297 1172 2341 Papae

608 2351 640 2380 in
664 2348 742 2382 Urba
762 2349 884 2393 eiusque
904 2347 1053 2381 districtu.

726 2407 942 2439 SUMMARtUM

462 2462 630 2493 Exordium.
646 2463 723 2492 —1.
742 2462 896 2501 Deputatio
914 2462 1025 2492 vicarii
1041 2461 1118 2492 —2.
1134 2461 1217 2492 Elar-

502 2502 573 2547 gitio
596 2502 822 2533 iurisdictionis.
842 2518 882 2525 --
913 2501 940 2533 3.
968 2500 1122 2540 Derogauo
1142 2510 1216 2531 con-

503 2542 668 2573 trariorum
692 2558 729 2564 —
748 2542 776 2572 4.
798 2541 971 2573 Obedientia
996 2541 1090 2572 eidem
1107 2541 1217 2572 vicario

496 2599 536 2635 (t)
552 2599 589 2627 lta
607 2599 759 2627 lnl'essura
754 2608 778 2626 in
798 2599 912 2627 DIarioi
916 2603 966 2627 ter
979 2600 1127 2635 scriptores
1138 2599 1217 2626 medii

460 2636 519 2662 aevi
539 2635 572 2663 ab
589 2635 691 2663 Ecardo
710 2634 808 2662 editos
848 2635 887 2670 (3³.)
905 2635 925 2662 Α
937 2635 981 2662 die
996 2635 1133 2662 electionis
1143 2642 1217 2661 com-

460 2671 603 2707 putandos.
643 2671 683 2706 (5)
702 2669 824 2698 Exclusis
841 2671 978 2699 extremis.

1050 272 1064 294 Β
1071 270 1185 294 [ΗΑΒ]
1192 271 1234 294 nt
1263 270 1424 294 110quOE

1294 330 1330 359 ab
1350 329 1491 360 omnibus
1512 328 1699 368 praestanda.
1723 344 1762 352 —
1780 329 1808 358 5.
1831 327 1960 359 Hortatio
1979 328 2012 357 ad

1295 370 1422 400 officium
1448 370 1604 408 diligenter
1627 369 1843 408 exequendum.

1253 427 1351 456 Paulus
1382 427 1524 463 opiscopus
1544 434 1640 456 servus
1660 433 1802 456 sorvorum
1819 426 1876 459 Dei.
1902 432 2012 455 vonera-

1298 472 1347 501 btli
1372 471 1459 500 fratri
1483 471 1634 505 numiano.
1662 471 1785 507 episcopo
1811 470 1962 503 Torcssano.
1987 471 2014 499 tn

1300 516 1373 546 alma
1399 517 1468 546 utba
1493 517 1520 546 'm
1544 516 1740 552 spiritualibus
1772 516 1874 545 vicario
1905 517 2012 547 nosti-o.

1301 561 1423 591 salutem
1447 563 1476 590 ot
1502 561 1683 596 apostolicam
1707 560 1930 590 benedictionem.

1306 620 1393 654 Licet
1418 619 1631 654 Ecclesiarum
1657 620 1801 654 omnium
1826 619 2012 654 universalis

1256 682 1329 705 cura
1353 678 1382 704 et
1409 669 1516 716 populi
1545 669 1708 704 christiani
1739 669 1880 716 regimen
1908 668 1946 704 ad
1972 670 2012 703 vi—

1255 719 1418 766 gilantiam
1449 731 1506 753 nos
1529 718 1697 762 inducant,
1733 718 1874 753 Romana
1905 726 2010 753 tamen

1257 769 1334 803 urbs
1375 768 1498 811 inclita,
1526 780 1620 815 quam
1658 777 1751 816 caput
1787 767 1872 803 orbis
1904 767 2011 802 divina

1256 818 1422 853 clementia
1447 817 1611 862 stabilixit,
1636 826 1775 852 mentem
1792 825 1929 852 nostram
1944 818 2011 852 sol-

1257 868 1367 911 licitat,
1388 876 1420 903 ut
1439 867 1477 901 de
1505 868 1608 914 ipsius
1636 875 1716 902 statu
1742 879 1893 915 prospero
1915 875 1946 902 et
1962 879 2012 902 sa-

1257 917 1337 953 lubri
1366 917 1517 952 attentius
1540 926 1569 951 et
1589 916 1772 964 diligentius
1800 917 1840 951 ita
1864 928 2013 964 procure-

1257 980 1345 1007 mus,
1375 975 1406 1002 ut
1425 966 1631 1013 spiritualiter
1646 945 1689 1001 Dct
1727 966 1941 1014 temporaliter
1965 966 2012 1001 fe-

1256 1017 1423 1053 licioribus
1450 1016 1649 1051 successibus
1672 1028 1847 1063 congruum
1883 1015 2008 1063 recipiat

1256 1067 1502 1103 incrementum.

1304 1121 1319 1161 §
1343 1119 1372 1151 1.
1397 1116 1442 1151 De
1461 1124 1511 1150 tua
1528 1127 1603 1162 ergo
1621 1115 1768 1150 laudabili
1794 1115 1864 1156 vita
1886 1127 2008 1151 morum

1254 1167 1416 1213 gravitate
1435 1165 1562 1213 probata
1587 1164 1648 1200 fide
1667 1174 1694 1200 et
1721 1165 2009 1211 circumspectione
2025 1168 2059 1182 Μ
2081 1178 2084 1182 ’

1253 1215 1389 1263 aliisque
1406 1216 1555 1250 iiitutum
1573 1214 1665 1249 donis
1675 1214 1817 1261 quibus
1842 1227 2008 1270 personam

1255 1269 1374 1310 tam(1)
1391 1264 1561 1313 praeditam
1573 1263 1794 1299 essefnniliari
1818 1264 2009 1311 experientia

1257 1316 1461 1363 percipimus,
1487 1313 1633 1349 firmam
1628 1326 1657 1348 in
1676 1313 1816 1349 Domino
1843 1326 1932 1361 spem
1954 1326 2011 1361 ge-

1256 1373 1374 1410 rentes,
1401 1377 1436 1400 ac
1464 1372 1629 1411 sperantes
1656 1364 1740 1410 quod
1765 1376 1819 1407 ea,
1846 1376 1926 1411 quae
1956 1364 2008 1398 tibi

1255 1414 1481 1450 committenda
1505 1414 1702 1458 duxerimus,
1724 1412 1897 1460 prudenter
1918 1421 1949 1449 et
1972 1414 2010 1448 fi-

1255 1464 1366 1500 deliter
1399 1464 1587 1510 exequaris,
1624 1471 1652 1498 te
1691 1464 1720 1497 iu
1757 1463 1892 1511 praefata
1932 1463 2010 1499 urbe

1254 1514 1386 1561 eiusque
1415 1512 1595 1557 suburbiis,
1631 1512 1767 1547 dioecesi
1803 1521 1832 1547 et
1865 1512 2009 1548 districtu

1255 1563 1406 1599 vicarium
1436 1570 1577 1598 nostrum
1611 1563 1640 1597 in
1664 1561 1882 1608 spiritualibus
1910 1575 2010 1611 usque

1254 1613 1291 1648 ad
1316 1622 1457 1648 nostrum
1493 1622 1523 1646 et
1550 1611 1643 1648 Sedis
1671 1612 1876 1658 Apostolicae
1912 1611 2010 1647 bene-

1255 1662 1405 1710 placitum
1425 1690 1433 1707 ,
1479 1675 1551 1697 cum
1593 1661 1768 1697 honoribus
1786 1690 1794 1699 .
1836 1661 1986 1697 oneribus
2001 1690 2009 1703 ,
2028 1660 2033 1664 ’

1254 1712 1421 1753 fructibus,
1445 1712 1670 1747 emolumentis
1692 1712 1870 1755 consuetis,
1897 1721 2009 1747 aucto-

1256 1762 1344 1797 ritate
1368 1761 1552 1808 apostolica,
1575 1770 1684 1797 tenore
1721 1762 1932 1809 praesentium
1964 1761 2009 1795 la·-

1254 1811 1368 1855 cimus,
1391 1811 1614 1847 constituimus
1633 1819 1663 1846 et
1685 1811 1887 1859 deputamus.

1304 1865 1319 1905 g
1341 1863 1374 1896 2.
1402 1861 1540 1908 Tibique
1565 1860 1710 1896 visitandi
1739 1860 1910 1899 Evctvsias,
1935 1874 2009 1896 mo-

1256 1911 1390 1946 nasteria
1406 1921 1436 1946 et
1452 1910 1517 1946 loca
1535 1911 1688 1946 ecclesias
1707 1911 1763 1953 icat
1792 1911 1962 1946 saecularia
1979 1921 2009 1947 vt

1256 1960 1423 2007 regularia,
1437 1972 1714 2008 quorumcumqm·
1729 1960 1886 1995 Ouliuum
1909 1961 2010 2007 ipsius

1256 2010 1353 2054 urbis,
1389 2011 1482 2045 eliani
1512 2009 1672 2045 Ecclesias
1699 2011 1732 2044 S.
1757 2010 1938 2054 Laurentii,
1964 2012 2009 2054 θ’

1255 2059 1479 2103 Anastasii,S.
1500 2059 1676 2095 Sebastiam
1705 2069 1732 2094 ct
1762 2060 1795 2094 S.
1828 2060 1958 2107 Agnetis
1981 2069 2009 2095 et

1255 2109 1314 2145 alia
1337 2109 1525 2145 monasteria
1543 2119 1571 2144 et
1597 2109 1718 2144 Eccle
1714 2121 1757 2143 ias
1779 2121 1875 2156 prope
1897 2109 2009 2145 urbem

1256 2159 1379 2206 ipsam
1393 2167 1540 2207 exempta
1556 2168 1583 2194 et
1603 2172 1662 2193 nou
1681 2167 1845 2206 «semma,
1869 2167 1899 2193 et
1921 2159 2011 2206 ipso-

1257 2221 1325 2244 rum
1356 2221 1506 2255 personas
1532 2217 1561 2244 et
1590 2221 1700 2243 eorum
1724 2207 1894 2243 cuiuslibet
1929 2208 2013 2263 ipso-

1257 2271 1325 2293 rum
1346 2270 1495 2293 excessus
1509 2267 1539 2293 et
1555 2259 1684 2294 crimina
1704 2258 1894 2296 mulctandi
1917 2271 2013 2293 corri-

1256 2308 1365 2355 gendi,
1389 2308 1540 2355 puniendi
1565 2316 1668 2356 prout,
1698 2308 1873 2343 secundum
1907 2307 2010 2343 Deum

1256 2366 1287 2393 et
1313 2358 1478 2401 iustitiam,
1508 2357 1621 2393 videris
1647 2358 1815 2405 expedit-02
1835 2370 1945 2392 causas
1973 2358 2011 2392 ci·

1258 2411 1334 2447 viles
1356 2420 1385 2446 et
1414 2411 1594 2447 criminales
1620 2411 1785 2450 audiendi,
1816 2412 2011 2450 excutiendi.

1257 2465 1473 2513 cognoscendi
1515 2474 1544 2501 et
1585 2467 1645 2500 line
1673 2465 1779 2500 debito
1808 2466 2011 2504 terminandi,

1257 2519 1441 2555 conferendi
1482 2532 1609 2567 quoque
1654 2520 1865 2555 ecclesiastica
1901 2533 2012 2554 sacra-

1293 2590 1333 2626 (ί)
1354 2590 1414 2626 Leg.
1428 2591 1446 2617 1.
1466 2594 1540 2616 litam
1557 2590 1614 2618 loco
1633 2591 1740 2625 Ιαηιᾞι,
1760 2590 1809 2624 τ.).
1849 2589 1888 2624 (2)
1906 2589 2012 2625 Aliquid

1258 2630 1299 2657 hic
1319 2630 1411 2658 deesse
1437 2630 1553 2657 videtur.
1582 2630 1679 2657 Forsan
1711 2631 1758 2665 legi
1775 2630 1855 2657 debet.
1870 2630 1922 2664 ,δᾶ
1942 2630 2011 2655 Vin-

1258 2672 1338 2697 centii‘
1357 2673 1381 2696 et
1398 2671 1533 2697 Anastasia*
1555 2669 1595 2706 (R.
1611 2670 1648 2705 τ).

2028 268 2076 294 An.
2095 267 2123 293 C.
2146 268 2207 295 tio-’i

2054 634 2163 654 montium

2033 1873 2134 1899 Eiargiio
2144 1874 2208 1894 ium-
2235 1870 2238 1875 '
2252 1875 2255 1877 ’

2024 1905 2130 1925 dictionis,
