2281 3251
237 295 289 324 Αη.
306 295 335 322 C.
356 294 422 322 1519

245 357 368 393 υωρηάοιι
379 357 423 379 nb&

240 395 280 416 quo
309 395 357 415 ign·
386 395 423 411 ac-

241 421 325 446 tendit,

257 961 329 982 filium
343 961 426 985 viduae,

244 996 304 1014 mort.
321 992 373 1018 fere,
392 998 427 1013 na-

243 1026 314 1049 navit,

271 2217 330 2239 Oenlt
353 2216 436 2243 albugi-

251 2253 300 2271 nem
316 2247 414 2273 abstulit,

487 281 557 316 722

439 347 523 389 dam,
547 358 632 383 more
652 345 756 389 solito,
779 342 907 378 missam
923 340 1032 377 audire
1046 340 1189 387 cupiens,

440 398 604 434 ecclesiam
621 398 784 443 ingressus
811 401 870 435 est;
893 402 1031 439 cumque
1046 399 1121 425 tunc
1136 401 1190 425 ec-

440 450 553 484 clesiae
567 448 686 493 lampas
710 455 843 479 accensa
858 454 920 478 non
943 449 1037 485 esset,
1052 449 1082 476 et
1094 440 1188 487 aliqui

441 513 478 536 ex
494 499 552 542 bis,
571 497 622 544 qui
634 496 674 531 ibi
691 495 808 530 missae
826 491 1002 528 audiendae
1017 502 1109 527 causa
1123 490 1189 525 ade-

443 549 632 595 rant,ignem
649 546 730 581 foras
741 544 918 593 quaesitum
932 542 1072 586 ivissent,
1087 541 1188 576 illum·

442 611 502 647 que
519 599 577 633 iam
594 596 754 640 afferrent,
770 595 815 629 vir
828 594 937 629 beatus
951 591 1102 627 chordam
1118 591 1191 625 lam-

443 649 531 696 padis
552 646 686 694 accepit,
709 653 741 680 ut
763 657 832 680 eam
847 643 1030 684 deduceret,
1054 641 1106 676 illa
1119 653 1191 676 vero

443 700 472 734 in
490 697 593 733 medio
615 696 770 731 descensu
786 694 905 741 absque
920 693 1024 741 aliquo
1046 692 1118 739 igne
1131 691 1192 726 mi-

442 747 583 784 raculose
609 758 740 782 accensa
762 744 890 785 effulsit,
913 755 950 779 ex
968 754 1032 791 quo
1053 743 1192 777 eircum-

442 806 560 834 stantes
572 796 719 832 candelas
738 807 794 843 pro
808 795 902 829 missa
918 802 993 828 tunc
1006 791 1190 828 celebranda

442 848 635 884 necessarias
662 845 863 881 devotissime
885 843 1109 879 accenderunt.

490 903 505 943 ς
533 900 592 933 24.
620 896 702 932 Cum
727 896 759 930 in
787 903 867 931 terra
894 892 1193 937 Montisalti,dictae

443 946 708 984 Consentinensis
726 945 892 985 dioecesis,
911 943 1038 992 quidam
1057 942 1194 978 Franci—

443 1011 528 1044 scns,
542 998 642 1046 ipsius
658 1006 757 1032 terrae
772 995 886 1040 incola,
902 995 987 1029 febre
1001 993 1079 1028 adeo
1101 1005 1194 1028 vexa-

443 1058 551 1093 retur,
580 1056 613 1083 ut
644 1047 684 1082 de
713 1047 781 1082 eius
807 1046 908 1081 salute
935 1044 1053 1079 nullam
1081 1042 1193 1078 medici

443 1112 531 1147 spem
552 1098 793 1145 promitterent,
808 1095 965 1131 laboraret
980 1094 1010 1128 in
1034 1093 1195 1137 extremis,

443 1162 479 1185 ae
500 1148 650 1185 omnibus
677 1146 829 1183 ecclesiae
857 1144 1063 1181 sacramentis
1085 1144 1195 1178 devote

443 1199 611 1246 susceptis,
625 1197 792 1234 etcandela
801 1196 1074 1239 benedicta,more
1091 1194 1195 1238 solito,

443 1261 585 1289 accensa,
605 1249 637 1283 in
659 1248 791 1295 eiusque
814 1246 958 1281 manibus
973 1245 1089 1293 posita,
1104 1256 1120 1278 a
1135 1244 1197 1278 eir-

444 1298 676 1335 cumstantibus
695 1298 755 1332 iam
785 1309 840 1344 pro
862 1304 987 1330 mortuo
1015 1294 1195 1334 baberetur,

444 1358 520 1384 tunc
533 1349 650 1385 Ioanna
674 1356 772 1382 mater
787 1347 865 1390 eius,
887 1345 924 1381 ad
938 1345 974 1379 B.
991 1344 1195 1379 Franciscum

445 1401 483 1435 de
498 1399 596 1435 Paula
612 1398 780 1445 specialem
796 1408 910 1443 gerens
929 1395 1105 1431 devotionis
1120 1393 1197 1428 asfe—

445 1458 551 1495 ctum,
583 1449 670 1483 illum
700 1448 868 1482 lacrimans
889 1446 1055 1492 deprecata
1083 1452 1129 1479 est
1165 1451 1197 1478 ut

445 1500 542 1534 fitium
579 1510 671 1533 suum
706 1509 817 1532 sanare
862 1508 897 1531 ac
926 1496 1003 1530 ritae
1031 1495 1198 1529 restituere

446 1549 648 1596 dignaretur,
675 1555 710 1582 ut
737 1547 822 1582 illius
844 1558 903 1593 ope
932 1545 1033 1579 tribus
1067 1545 1133 1580 suis
1160 1556 1197 1579 ex

446 1600 529 1634 dicto
545 1599 614 1633 eius
628 1598 693 1633 filio
717 1596 886 1644 nepotibus
899 1595 1063 1643 providere
1082 1603 1198 1642 possen

446 1658 619 1697 praeterea,
640 1649 666 1684 si
689 1648 750 1683 voti
765 1658 896 1693 compos
914 1646 1012 1685 lieret,
1037 1655 1068 1680 et
1094 1645 1197 1679 statim

447 1699 542 1734 huius
569 1698 683 1733 saeculi
713 1697 899 1732 vanitatibus
927 1696 1057 1730 omnino
1080 1707 1198 1730 renun-

447 1750 611 1789 ciaturam,
625 1749 700 1783 etin
717 1747 825 1782 babitu
838 1746 950 1781 Tertiae
963 1745 1103 1792 Regulae
1115 1746 1201 1780 eius-

448 1799 520 1834 dem
539 1798 627 1834 Beati
651 1797 718 1833 Deo
734 1805 886 1844 perpetuo
909 1795 1128 1830 famulaturam
1145 1795 1201 1829 ‹le-

448 1858 519 1884 vote
549 1850 644 1889 rovit;
667 1860 731 1895 quo
759 1856 830 1881 voto
853 1846 982 1891 emisso,
1005 1846 1109 1880 statim
1133 1845 1201 1880 eius

448 1899 531 1934 filius
544 1898 660 1946 quasia
677 1906 777 1933 morte
793 1908 972 1942 resurgens,
990 1897 1202 1931 circumstan-

449 1957 497 1984 tes
523 1950 674 1996 aspicere,
697 1959 794 1994 seque
815 1947 931 1982 melius
962 1946 1078 1981 babere
1114 1946 1201 1980 iuce-

449 1999 505 2046 pit,
524 2011 558 2035 ac
576 2011 638 2033 non
663 1998 770 2033 multis
795 2006 901 2045 postea
921 1996 1032 2031 diebus
1053 1995 1202 2043 pristinae

450 2049 509 2085 fuit
541 2049 633 2084 saluti
658 2049 819 2084 restitutus
850 2055 880 2082 ct
909 2059 962 2097 per
985 2046 1110 2094 triginta
1138 2045 1202 2081 fere

450 2112 550 2136 annos
573 2099 655 2135 idem
678 2099 861 2147 supervixit.

499 2159 519 2204 5
552 2158 610 2191 25.
648 2154 731 2190 Cum
762 2155 791 2189 in
820 2154 904 2188 dicto
931 2151 1048 2200 oppido
1077 2151 1202 2186 Paterni

451 2211 532 2248 idem
561 2212 673 2247 beatus
694 2211 743 2245 vir
769 2221 888 2245 moram
906 2208 1053 2248 traheret,
1073 2206 1202 2254 quidam

451 2267 533 2303 oculi
550 2266 730 2313 albuginem
755 2265 877 2313 patiens
899 2263 935 2299 ad
960 2275 1031 2298 eum
1060 2262 1205 2301 accessit,

452 2322 677 2369 humiliterque
706 2319 823 2367 rogavit
862 2326 894 2353 ut
915 2318 974 2353 sibi
997 2329 1088 2364 opem
1114 2317 1206 2351 affer-

454 2386 511 2422 ret,
531 2378 621 2412 cuius
638 2375 784 2424 precibus
797 2382 912 2415 motus,
929 2373 974 2408 vir
989 2372 1099 2407 beatus
1116 2372 1206 2406 bom-

454 2433 560 2482 bycem
584 2443 673 2467 sacro
696 2431 785 2465 latice
808 2441 972 2478 aspersum
995 2439 1091 2475 super
1112 2427 1206 2473 virgi-

455 2501 526 2523 nem
549 2487 686 2527 calcem,
701 2498 781 2534 quae
805 2485 883 2520 forte
912 2496 967 2532 pro
989 2482 1140 2519 ecclesiae
1159 2481 1205 2516 fa-

456 2543 541 2579 brica
569 2542 610 2578 ibi
639 2541 755 2581 aderat,
784 2540 950 2576 convolvit.
965 2547 995 2574 et
1017 2550 1052 2573 ea
1067 2537 1206 2580 oculum,

456 2598 578 2635 macula
601 2595 781 2633 huiusmodi
803 2595 968 2640 infectum,
991 2592 1207 2632 abste1·sit,si-

456 2664 581 2701 guoque
607 2652 708 2688 crucis
742 2651 877 2698 desuper
912 2650 1017 2693 facto,
1049 2648 1088 2684 ab
1120 2647 1206 2684 omni

457 2708 605 2757 albugine
633 2715 664 2744 et
682 2706 802 2743 macula
829 2705 930 2742 statim
955 2703 1107 2740 liberavit.

1028 286 1128 309 BELLA
1134 285 1216 308 munt
1243 284 1406 308 ROMANCM

1280 339 1301 387 g
1322 340 1380 373 ⁶26.
1403 337 1486 374 Cum
1508 338 1636 386 quidam
1663 337 1737 373 dicti
1761 337 1869 385 oppidi
1888 349 1982 372 vena—

1233 397 1326 429 tores,
1342 388 1465 437 byemis
1479 397 1632 436 tempore,
1646 389 1676 423 in
1689 388 1849 423 montibus
1857 387 1982 423 nivibus

1234 439 1375 487 repletis,
1390 438 1551 473 hominem
1566 438 1689 473 nullum
1706 439 1840 473 viventis
1854 438 1981 485 signum

1235 489 1497 536 praeseferentem
1509 489 1715 534 invenissent,
1730 488 1819 524 illum
1830 489 1984 536 sepelien-

1234 539 1308 574 dum
1332 539 1370 574 ad
1394 539 1496 574 locum
1521 538 1702 574 detulerunt
1730 538 1782 574 ubi
1805 547 1881 574 tunc
1909 538 1983 574 bea-

1236 598 1285 624 tus
1301 589 1346 624 vir
1367 588 1559 629 morabatur,
1581 589 1636 636 qui
1653 589 1684 623 in
1699 588 1786 623 illum
1801 589 1984 636 respiciens,

1237 642 1297 675 Per
1318 642 1488 679 caritatem,
1513 639 1571 683 ait,
1596 640 1670 674 vivit
1691 640 1779 673 homo
1802 641 1866 680 iste,
1889 647 1918 674 et
1946 639 1983 674 ad

1235 703 1306 725 eum
1335 702 1523 735 conversus,
1537 691 1648 734 Surye,
1664 689 1780 736 inquit,
1794 697 1820 724 et
1841 691 1985 724 ambula:

1235 740 1273 775 ad
1297 741 1388 775 cuius
1416 739 1510 775 verba
1534 740 1628 774 honio
1655 739 1685 774 in
1708 739 1890 785 sepulerum
1913 739 1986 774 mit-

1236 790 1350 825 tendus
1365 790 1446 825 illico
1467 790 1618 831 surrexit,
1640 801 1676 824 ae
1698 789 1851 836 pedestris
1872 789 1986 824 ambu-

1235 841 1298 876 lare
1324 840 1445 888 coepit,
1474 851 1611 887 moxque
1635 839 1763 886 hospitii
1785 838 1914 874 domum
1937 839 1988 874 in-

1235 903 1375 938 gressus,
1402 902 1438 925 ac
1459 890 1530 925 cibo
1553 898 1583 925 et
1606 898 1679 937 potu
1705 889 1851 934 refectus,
1879 889 1988 936 pristi-

1236 954 1357 989 naeque
1384 939 1555 975 valetudini
1580 939 1765 983 restitutus,
1797 939 1835 974 ad
1860 940 1986 987 propria

1236 991 1341 1026 salvus
1367 1000 1397 1026 et
1419 990 1588 1026 incolumis
1616 990 1774 1024 remearit.

1285 1046 1300 1086 ξ,
1326 1043 1384 1075 ⁶27.
1407 1040 1572 1076 Praeterea
1594 1040 1625 1074 in
1652 1040 1736 1075 dicto
1759 1039 1877 1086 oppido
1903 1039 1987 1074 Pau-

1237 1091 1297 1130 lae,
1319 1091 1393 1125 dum
1413 1091 1460 1126 sui
1483 1090 1615 1126 Ordinis
1630 1089 1744 1125 domus
1758 1089 1988 1130 aedificaretur,

1237 1150 1267 1176 et
1281 1141 1347 1176 calx
1361 1142 1390 1176 in
1406 1140 1532 1176 fornace
1548 1148 1747 1188 coqueretur,
1762 1139 1877 1174 accidit
1891 1139 1988 1187 quod,

1238 1191 1283 1226 vel
1304 1199 1432 1239 propter
1454 1192 1585 1225 nimium
1606 1190 1711 1237 ignem
1735 1190 1781 1224 vel
1803 1189 1896 1224 aliam
1912 1202 1990 1225 cau-

1237 1254 1316 1282 sam,
1333 1241 1440 1276 fornax
1461 1242 1527 1288 ipsa
1555 1240 1677 1275 ruinam
1699 1240 1884 1275 minaretur.
1899 1239 1990 1275 Tunc

1239 1292 1323 1326 illius
1339 1291 1492 1338 magistri,
1516 1291 1638 1325 nullum
1664 1290 1790 1337 penitus
1813 1289 1987 1325 remedium

1239 1341 1388 1376 adbibere
1410 1342 1562 1380 scientes,
1586 1341 1623 1376 ad
1648 1340 1774 1375 beatum
1802 1341 1904 1374 virum
1933 1352 1989 1388 pro

1239 1391 1355 1426 auxilio
1373 1390 1650 1437 recurrerunt,qui
1669 1391 1728 1425 illis
1742 1391 1802 1425 Per
1819 1392 1990 1431 caritatem,

1241 1442 1355 1488 inquit,
1378 1444 1419 1476 ad
1441 1443 1631 1476 collationem
1648 1453 1699 1475 seu
1716 1442 1884 1486 prandium
1905 1442 1991 1481 eatis,

1240 1493 1374 1537 miliique
1394 1503 1500 1525 curam
1533 1492 1669 1536 fornacis
1697 1492 1892 1536 relinquetis;
1920 1490 1992 1537 qni-

1242 1542 1299 1576 bus
1310 1541 1558 1585 discedentibus,
1575 1541 1641 1588 ipse
1656 1541 1876 1586 statim,siguo
1888 1540 1992 1575 crucis

1241 1592 1332 1636 facto,
1350 1591 1504 1638 intrepide
1520 1591 1634 1626 dictam
1657 1590 1814 1626 fornacem
1828 1590 1990 1625 ardentem

1242 1643 1377 1686 intrarit,
1399 1653 1435 1676 ac
1464 1641 1548 1676 illam
1570 1640 1657 1675 solus
1684 1641 1881 1688 temperavit,
1897 1639 1991 1675 inde-

1242 1705 1302 1740 que
1315 1692 1432 1738 absque
1442 1691 1578 1726 laesione
1590 1691 1690 1738 aliqua
1703 1690 1872 1725 incolumis
1884 1690 1990 1725 exivit.

1291 1746 1306 1786 ξ
1328 1744 1385 1776 28.
1409 1741 1508 1776 lulius
1522 1741 1738 1776 Bartbucbius
1751 1741 1842 1776 etiam
1859 1740 1898 1775 de
1913 1740 1994 1776 Pau-

1243 1792 1441 1832 la,iuvenum
1459 1791 1658 1826 multitudine.
1677 1791 1816 1835 adiutus,
1830 1798 1899 1838 post
1913 1790 1993 1826 beati

1245 1842 1298 1876 viri
1327 1841 1465 1881 obitum,
1498 1854 1514 1876 e
1536 1841 1709 1877 Cusentiae
1736 1849 1838 1876 castro
1866 1840 1997 1876 Paulam

1245 1904 1352 1926 versus
1379 1892 1512 1926 eximiae
1535 1891 1762 1938 magnitudinis
1790 1890 1997 1926 bombat-dam

1246 1943 1448 1988 transportari
1473 1954 1596 1982 curans,
1614 1941 1730 1976 additis
1743 1941 1835 1976 etiam
1859 1940 1897 1974 ad
1912 1940 1999 1976 labo-

1245 2004 1309 2026 rem
1334 1992 1441 2039 viginti
1465 1991 1579 2026 borum
1605 1991 1696 2037 iugis,
1719 1991 1802 2037 apud
1826 1990 1995 2037 quemdam

1246 2042 1398 2077 declivem
1421 2042 1525 2077 locum
1544 2054 1606 2076 non
1624 2042 1717 2088 longe
1735 2053 1751 2076 a
1768 2040 1863 2076 Paula
1878 2040 1999 2076 distan-

1247 2101 1320 2133 tem,
1335 2092 1536 2128 Lamacliiam
1553 2102 1783 2140 nuncupatum,
1803 2090 1908 2126 funem
1925 2103 2000 2127 ma-

1247 2149 1365 2183 ximum
1380 2148 1545 2184 cuiusdam
1554 2147 1641 2183 navis
1651 2146 1825 2191 onerariae,
1836 2158 1900 2193 quo
1911 2145 2001 2181 bom-

1248 2203 1340 2239 barda
1364 2204 1429 2251 ipsa
1457 2203 1581 2250 alligata
1608 2210 1672 2238 erat
1694 2201 1820 2237 cuidam
1840 2200 1940 2236 arbori
1956 2203 2000 2245 (ut

1249 2259 1397 2304 paulatim
1426 2258 1598 2301 laberetur)
1633 2256 1785 2300 involvit,
1817 2267 1911 2303 quam
1941 2267 1999 2290 neo

1248 2313 1344 2349 lulius
1360 2314 1427 2360 ipse
1449 2324 1553 2360 neque
1574 2320 1619 2347 tot
1641 2311 1730 2356 socii,
1754 2318 1881 2358 propter
1896 2310 1999 2358 impe-

1249 2378 1313 2403 tum
1331 2368 1481 2413 velocem,
1509 2379 1572 2416 quo
1596 2379 1634 2402 ex
1650 2377 1779 2412 maguae
1795 2364 1887 2399 molis
1908 2364 1998 2411 lapsu

1252 2424 1416 2468 ferebatur,
1440 2423 1574 2459 retinere
1596 2421 1745 2465 valerent,
1762 2419 1803 2454 ibi
1826 2419 1902 2455 dum
1917 2419 2000 2455 idem

1250 2481 1358 2521 lulius,
1380 2479 1461 2515 ultra
1483 2490 1577 2527 quam
1594 2477 1662 2513 eius
1683 2477 1765 2511 vires
1784 2474 1935 2519 ferebant,
1949 2475 2000 2510 ni-

1251 2536 1335 2572 titur,
1346 2535 1430 2569 iuxta
1445 2534 1588 2569 arborem
1617 2531 1668 2567 cui
1683 2530 1921 2576 circumligatus
1935 2537 2001 2564 erat

1251 2590 1334 2625 funis
1347 2598 1521 2638 prostratus
1537 2587 1663 2632 cecidit,
1686 2586 1846 2634 pedesque
1862 2596 1938 2619 suos
1952 2584 2002 2619 in-

1252 2654 1294 2679 tra
1319 2645 1401 2679 funis
1423 2643 1517 2679 orbes
1535 2642 1673 2677 involvit.
1698 2640 1789 2675 Unde
1817 2651 1889 2674 cum
1915 2639 2001 2674 nullo

1227 2742 1233 2750 „
1253 2707 1342 2749 pacto
1359 2699 1427 2744 (nisi
1441 2709 1571 2733 munere
1593 2696 1721 2741 divino),
1737 2694 1813 2744 quin
1829 2695 1898 2730 eius
1908 2705 2000 2730 crura

1998 283 2047 310 Αη.
2069 284 2098 311 C.
2113 283 2180 311 ¹5¹9

2005 349 2108 371 Mortuum
2117 350 2137 371 in
2149 355 2181 371 se-

1997 380 2091 407 pulcrum
2132 382 2182 401 mit—

1997 413 2082 433 tendum
2091 414 2138 433 vita
2149 418 2183 434 re<

1998 445 2078 467 stituit:

2015 1053 2038 1074 1η
2052 1052 2188 1075 torn-eent-

2002 1086 2048 1112 gnis
2060 1086 2153 1111 iuti-uit,
2165 1088 2187 1105 et

2003 1117 2078 1138 exinde
2104 1116 2188 1138 ineolu-

2003 1150 2042 1170 mi!
2057 1148 2134 1173 οιίνίις

2021 1753 2090 1775 Atium
2104 1752 2129 1774 ab
2143 1753 2192 1774 evi-

2008 1785 2066 1806 denti
2077 1785 2150 1806 mortis
2159 1789 2195 1811 pe·

2009 1816 2076 1838 riculo
2089 1815 2187 1838 tiber-vit
