2281 3251
196 1261 205 1269 ,
250 1241 278 1262 Eo
293 1243 361 1267 dui-ti,
383 1248 419 1263 re-

239 239 286 266 Αη
305 239 335 265 c.
353 239 420 265 tuas
488 229 557 262 562

239 302 294 322 dmm
313 301 422 326 ¹0¹¹s¹⁰⁰¹⁸
439 294 515 329 illud
545 294 684 341 profecto
712 294 916 347 potissimum
935 293 1045 331 extitit
1064 291 1188 325 utlides

240 334 423 391 l532⁸⁸c¹5m⁶ssffnff
439 344 588 380 catholica
604 353 633 377 et
648 344 814 377 christiana
831 343 906 387 reli-,2
900 356 949 385 uo,
966 342 1079 376 nostris
1098 354 1187 388 piac-

239 398 280 417 Μ’
439 395 544 429 sertim
573 394 779 440 temporibus,
800 370 953 427 exaltetui
984 405 1019 425 ac
1055 391 1186 425 ubilibet

439 444 606 491 amplietur
627 453 656 477 et
679 443 835 482 dilatetur;
851 443 1090 488 animarumque
1103 441 1186 475 salus=

441 503 635 541 procuretur,
657 504 692 526 ac
715 492 893 526 barbaricae
916 492 1059 526 nationes
1076 491 1187 539 depri-

439 553 575 583 mantur,
597 551 626 577 et
660 542 697 576 ad
728 542 818 575 lidcin
853 542 949 587 ipsam
987 542 1185 576 reducantur.

439 593 542 636 Unde,
556 605 626 627 cum
650 591 686 626 ad
711 592 790 626 lianc
812 603 931 625 sacram
956 591 1037 625 Petri
1057 591 1186 635 Sedent,

439 643 543 677 dit-ina
571 642 692 676 favente
714 641 878 676 clementia
894 641 1026 684 (meritis
1042 641 1112 676 licet
1133 642 1188 675 im-

439 691 696 740 paribus),evecti
710 691 1111 738 fuerimus,cognoscentes
1120 703 1186 733 vos,

438 751 595 789 tamquam
620 753 708 775 veros
735 740 908 776 catholicos
935 753 1026 787 reges
1045 749 1075 775 et
1095 741 1185 788 prin—

437 793 535 839 cipes,
563 790 672 838 quales
698 803 824 838 semper
851 791 948 826 fuisse
971 792 1134 829 novimus,
1157 800 1187 824 vt

435 854 451 875 a
476 840 563 875 vobis
585 839 742 887 praeclare
765 851 850 886 gesta
874 842 928 875 toti
954 854 1032 888 pene
1049 840 1186 875 iamorlii

437 891 598 925 notissima
611 890 839 931 demonstrant,
851 890 967 926 nedum
984 890 1012 924 id
1027 899 1186 937 exoptare,

436 940 491 975 sed
525 941 611 974 omni
649 948 787 983 conatu,
814 941 918 975 studio
953 950 983 974 et
1013 940 1185 986 diligentia,

436 990 532 1024 nullis
559 989 833 1028 laboribus.nuttis
853 991 1005 1036 impensis
1027 990 1186 1036 nullisque

436 1039 593 1087 parcendo
621 1039 780 1085 periculis,
801 1040 895 1074 etiam
924 1041 1085 1087 proprium
1113 1052 1186 1074 san-

435 1090 565 1136 guinem
601 1089 803 1130 effundendo,
827 1090 973 1130 essicei·e;
1001 1102 1037 1124 ac
1058 1102 1184 1124 omnem

435 1140 575 1174 animum
600 1147 758 1183 restrum,
781 1152 955 1186 omnesque
990 1149 1121 1174 conatus
1148 1139 1185 1174 ad

434 1189 494 1224 hoc
518 1188 702 1224 iamdudum
725 1189 900 1230 dedicasse,
916 1189 1185 1236 quemadmodum

250 1279 297 1293 num
313 1272 327 1292 Γ
385 1277 390 1293 ι
435 1239 630 1286 recuperatio
665 1240 752 1285 regni
789 1238 944 1274 Granatae
973 1254 988 1273 a
1025 1239 1186 1286 tyrannide

236 1278 247 1323 ἶ
267 1279 419 1325 san-{2533
434 1288 663 1324 Saracenorum
680 1316 689 1332 ,
718 1289 877 1323 hodiernis
911 1290 1105 1336 temporibus
1133 1302 1187 1335 per

236 1335 331 1387 ffiffi'f?
350 1337 419 1358 ’Μ’
434 1351 488 1373 vos
522 1351 594 1373 cum
611 1346 693 1373 tanta
716 1338 814 1372 divini
835 1340 974 1373 nominis
987 1339 1083 1385 gloria
1097 1338 1185 1379 sacta,

320 1382 325 1392 '
434 1396 576 1429 testatur,
599 1388 693 1434 digne
715 1388 863 1422 ducimus
886 1401 947 1423 non
975 1388 1142 1431 immerito,
1157 1396 1186 1422 et

433 1438 585 1473 debemus
610 1438 659 1472 illa
688 1437 775 1472 vobis
797 1438 890 1473 etiam
913 1446 1025 1485 sponte
1047 1447 1077 1472 et
1099 1436 1186 1471 saro-

433 1487 571 1522 rabiliter
593 1487 767 1523 concedere
784 1515 791 1527 ,
821 1500 875 1534 per
896 1500 978 1535 quae
1003 1487 1185 1521 huiusmodi

432 1546 576 1572 sanctum
609 1546 639 1572 et
674 1537 831 1572 laudabile
852 1537 891 1572 ab
915 1536 1082 1572 immortali
1118 1535 1185 1571 Deo

431 1596 578 1642 coeptum
609 1588 804 1642 propositum
842 1588 872 1621 in
901 1587 969 1622 dies
1004 1587 1183 1622 leiventiori

430 1637 549 1680 animo,
571 1637 609 1671 ad
634 1637 734 1683 ipsius
757 1636 813 1671 Dei
837 1637 989 1672 honorem
1006 1646 1036 1672 et
1061 1637 1183 1683 imperii

430 1685 873 1733 christianipropagationem
889 1686 1181 1733 μιο5ειμιιι316ιιιί5.

479 1739 495 1779 ξ
519 1740 550 1770 1.
574 1735 657 1771 Sane
675 1738 857 1782 accepimus
881 1736 966 1783 quod
985 1749 1039 1772 ros
1061 1735 1181 1770 dudum

241 1792 414 1828 ,Christoivhorum
430 1786 570 1820 animum
601 1786 836 1832 proposueratis
863 1786 986 1833 aliquas
1014 1785 1132 1820 insulas
1154 1794 1183 1820 et

231 1823 324 1844 ⁸⁰¹”mb'
341 1825 366 1844 ³⁶¹
379 1830 416 1845 ’θ’
432 1843 529 1870 terras
548 1835 653 1869 lirinas
674 1845 807 1870 remotas
826 1843 856 1870 et
875 1836 1063 1882 incognitas,
1077 1848 1112 1869 ac
1128 1848 1183 1882 per

232 1858 298 1874 motas
322 1855 417 1880 incogni-

232 1885 507 1937 {mereamur-salios
530 1884 683 1920 hactenus
711 1898 771 1919 non
809 1894 948 1932 repertas
975 1897 1125 1931 quaerere
1153 1894 1183 1918 et

302 1920 336 1943 pta
346 1917 415 1938 classe
431 1934 437 1939 .

231 1947 308 1974 deneg„
325 1952 346 1968 ut
361 1954 414 1974 gen-

232 1980 412 2005 ⁸²⁸⁸⁸⁰⁰⁵“¹·⁰
428 1984 467 2019 ad
499 1984 666 2019 colendum
703 1984 950 2031 Redemptorem
974 1992 1130 2028 nostrum,
1152 1994 1178 2019 ei

429 2034 522 2068 sidem
540 2034 725 2069 catholicam
745 2033 957 2082 profitendum
974 2034 1180 2074 reduceretis,

428 2089 580 2124 hacteuus
597 2090 627 2123 iu
647 2089 880 2136 expugnatione
896 2098 926 2124 et
942 2090 1180 2136 recuperatione

429 2143 530 2190 ipsius
552 2144 639 2190 regni
662 2143 816 2179 Granatae
834 2144 1002 2191 plurimum
1023 2146 1179 2191 occupati,

429 2197 610 2233 huiusmodi
633 2206 777 2234 sanctum
800 2206 831 2233 et
854 2198 1007 2233 laudabile
1036 2200 1180 2246 proposi-

428 2261 492 2286 tum
517 2260 654 2287 vestrum
675 2253 713 2288 ad
733 2262 875 2300 optatum
900 2253 992 2288 finem
1009 2254 1180 2299 perducere

427 2307 624 2354 nequivistis;
639 2308 694 2342 sed
711 2308 850 2353 tandem,
864 2309 946 2342 sicut
960 2307 1097 2343 Domino
1114 2309 1180 2355 pla-

426 2361 505 2405 cuit,
520 2374 618 2408 reguo
634 2362 791 2408 praedicto
820 2371 1016 2410 recuperato,
1040 2363 1178 2397 volentos

427 2415 620 2451 desiderium
649 2417 822 2464 adimplere
851 2426 1000 2457 vestrum,
1029 2417 1175 2453 dilectum

427 2471 526 2506 filium
543 2471 808 2520 Christopliorum
837 2473 1028 2508 Columbum
1045 2501 1054 2517 ,
1079 2474 1176 2509 tirum

428 2526 536 2574 utique
558 2526 690 2574 dignum
713 2536 743 2562 et
761 2528 930 2574 plurimum
954 2529 1179 2563 commendan-

433 2580 508 2615 dum
531 2593 567 2616 ac
589 2589 674 2616 tanto
697 2582 820 2628 negotio
842 2591 963 2630 aptum,
991 2596 1063 2618 cum
1092 2585 1178 2618 navi-

430 2635 490 2682 giis
525 2644 555 2671 et
590 2635 771 2672 hominibus
797 2637 834 2672 ad
861 2637 975 2674 similia
997 2639 1177 2680 instructis,

1008 237 1087 260 acu.
1091 236 1193 259 Attius!
1221 236 1382 259 nonnul

431 1935 583 1975 invenire,
602 1943 635 1969 ut
654 1934 777 1969 illarum
803 1934 921 1969 incolas
940 1942 969 1969 et
992 1934 1194 1969 habitatores·

1995 236 2045 262 Αῐι.
2067 236 2094 261 G.
2111 235 2179 261 ta95

1229 304 1290 326 non
1314 292 1382 326 sine
1410 292 1554 327 maximis
1589 291 1749 327 laboribus
1775 299 1805 325 et
1833 290 1979 336 periculis

1228 354 1262 375 ac
1284 342 1431 388 expensis
1453 342 1644 382 destinastis,
1669 350 1700 375 ut
1715 349 1812 376 terras
1827 340 1932 375 firmas
1950 350 1979 375 rt

1230 391 1347 425 insulas
1376 401 1511 426 remotas
1532 402 1562 426 et
1585 392 1760 438 incognitas
1783 390 1978 426 huiusmodi.

1230 454 1284 486 per
1318 454 1402 475 mare
1438 441 1492 475 ubi
1526 442 1678 476 hactenus
1709 441 1886 487 navigatum
1916 453 1978 475 nou

1228 492 1344 531 l',uerat
1367 490 1534 537 diligenter
1556 492 1740 538 inquireret.

1278 542 1346 581 ’2.
1370 540 1431 582 Qui
1459 541 1595 581 tandem,
1624 540 1730 576 diuino
1756 539 1977 585 auxilio,facta
2008 551 2110 573 inventa·
2132 556 2180 574 sunt

1228 600 1366 625 extrema
1382 590 1554 637 diligentia
1578 591 1609 625 in
1632 603 1716 625 mare
1738 589 1867 625 Oceano
1891 590 1979 624 uavi-
1995 584 2180 639 ζζοέωζζῖθᾞζζι

1227 650 1348 685 gantes,
1359 640 1588 675 certasinsulas
1604 640 1830 675 remotissimas
1842 648 1872 674 et
1886 639 1978 674 etiam
1995 650 2070 671 seme
2061 646 2182 668 hormin-

1229 698 1326 724 terras
1363 690 1490 732 liimas,
1517 702 1600 737 quae
1637 702 1691 736 per
1726 689 1802 724 alios
1829 677 2181 730 hactenus22ll1⁵0ssss.,‘¹‘¹„2]

1229 748 1370 787 repertae
1393 752 1454 774 non
1479 740 1613 784 fueraut,
1638 741 1836 783 invenerunt,
1856 739 1885 772 in
1909 739 1981 786 qui·
1996 740 2055 766 ⁹¹⁶¹
2058 741 2120 762 ΜΨ
2133 747 2183 768 ¹³¹⁰·

1229 790 1286 824 bus
1301 789 1554 837 quamplurimae
1569 798 1679 836 gentes
1697 788 1826 836 pacifice
1843 788 1981 823 tiventes
1996 778 2050 798 Μ’

1228 849 1269 878 et,
1287 840 1493 884 utasseritur,
1509 839 1612 874 nudae
1630 839 1824 882 incedentes,
1841 849 1899 873 nec
1911 850 1981 873 car-

1229 889 1320 924 nibus
1344 898 1506 924 vescentes
1527 888 1716 930 inhabitant,
1733 896 1775 933 et,
1794 897 1828 922 ut
1852 887 1980 943 praefati

1228 939 1334 974 nuncii
1359 939 1453 973 vestri
1474 948 1604 986 possunt
1619 950 1754 986 opinari
1770 945 1882 985 gentes
1896 950 1981 985 ipsae

1228 989 1258 1023 in
1287 988 1399 1023 insulis
1433 998 1462 1024 et
1498 990 1589 1024 terris
1612 987 1780 1036 praedictis
1802 987 1981 1022 habitantes

1228 1038 1361 1073 credunt
1384 1051 1481 1073 unum
1503 1038 1606 1074 Deum
1630 1046 1806 1074 creatorem
1830 1037 1860 1072 in
1883 1036 1980 1072 coelis

1227 1101 1296 1124 esse
1312 1116 1321 1133 ,
1343 1101 1379 1123 ac
1401 1088 1439 1123 ad
1465 1088 1560 1123 fidem
1583 1088 1770 1123 catholicam
1796 1086 1982 1134 amplexan-

1228 1137 1303 1173 dum
1331 1147 1362 1173 et
1387 1138 1479 1174 bouis
1506 1137 1649 1174 moribus
1672 1136 1881 1173 imbuendum
1904 1137 1978 1171 satis

1228 1189 1292 1235 apti
1317 1188 1484 1230 ridentur3
1510 1201 1644 1235 spesque
1673 1187 1806 1222 habetur
1827 1185 1925 1234 quod,
1952 1187 1977 1220 si

1227 1238 1453 1278 erudirentur,
1498 1250 1610 1273 nomen
1651 1237 1821 1272 Salvatoris
1849 1236 1976 1271 Domini

1228 1288 1326 1322 nostri
1355 1288 1425 1322 lesu
1455 1287 1573 1323 Christi
1614 1288 1643 1322 iu
1677 1287 1768 1322 terris
1803 1295 1833 1321 et
1867 1286 1979 1320 insulis

1230 1337 1397 1384 praedictis
1419 1337 1578 1379 sater3etur
1600 1349 1636 1372 ac
1660 1336 1816 1384 praefatus
1838 1335 1979 1370 Christo-

1229 1387 1345 1433 phorus
1380 1401 1409 1421 in
1447 1399 1506 1422 una
1539 1399 1578 1422 ex
1614 1386 1840 1434 principalibus
1866 1384 1978 1420 insulis

1229 1436 1408 1482 praedictis,
1431 1437 1492 1471 iam
1516 1449 1610 1471 unam
1635 1437 1746 1471 turrim
1768 1436 1844 1471 satis
1866 1435 1978 1469 muni-

1229 1495 1302 1530 tam,
1324 1487 1355 1520 in
1375 1499 1437 1534 qua
1459 1495 1561 1521 certos
1579 1486 1779 1530 christianos,
1800 1485 1852 1533 qui
1868 1497 1976 1520 secum

1227 1537 1357 1580 iverant,
1386 1537 1416 1571 in
1439 1535 1628 1576 custodiam,
1650 1544 1681 1570 et
1704 1544 1736 1570 ut
1758 1535 1832 1570 alias
1859 1534 1978 1569 insulas

1226 1595 1256 1621 et
1279 1594 1377 1621 terras
1399 1586 1504 1620 firmas
1532 1594 1666 1621 remotas
1687 1594 1718 1620 et
1740 1585 1916 1632 incognitas
1935 1584 1978 1618 in-

1225 1636 1413 1682 quirerent,
1442 1636 1572 1683 posuit,
1599 1635 1739 1671 construi
1767 1643 1798 1671 et
1820 1633 1976 1670 aedificari

1224 1685 1310 1721 lecit.

1273 1739 1288 1777 ξ
1311 1737 1342 1769 5.
1366 1734 1400 1769 In
1423 1735 1539 1783 quibus
1562 1734 1689 1782 quidem
1713 1734 1827 1770 insulis
1839 1743 1869 1769 et
1884 1734 1976 1769 terris
1992 1745 2178 1773 inquiri-:mper-

1226 1784 1286 1819 iam
1324 1786 1475 1831 repertis,
1507 1797 1642 1828 aurum,
1669 1793 1807 1819 aromata
1842 1792 1871 1818 et
1897 1783 1976 1819 aliae
1992 1777 2176 1834 ζζῦζξζᾞζεξὲζ

1224 1835 1474 1881 quamplurimae
1491 1846 1540 1869 res
1553 1835 1707 1881 pretiosae
1720 1834 1834 1869 diversi
1850 1834 1976 1881 generis
1992 1839 2056 1860 nens.

1223 1892 1253 1918 et
1274 1884 1414 1919 diversae
1438 1884 1595 1932 qualitatis
1616 1885 1826 1931 reperiuntur.

1272 1938 1287 1977 ἕ
1315 1936 1347 1968 4.
1373 1933 1463 1968 Unde
1485 1934 1633 1968 omnibus
1648 1934 1830 1979 diligenter,
1843 1941 1874 1968 et
1889 1945 1976 1980 prae·
2005 1942 2047 1964 nex
2062 1942 2176 1977 ectasin·

1223 1984 1331 2018 sertim
1360 1983 1431 2018 fidei
1458 1984 1629 2019 catholicae
1651 1984 1838 2019 exaltatione
1861 1991 1892 2017 et
1918 1982 1973 2017 di-
1991 1972 2175 2026 ffl'sfassussussssuss

1223 2037 1368 2072 lutatione
1395 2044 1500 2085 (prout
1526 2039 1617 2074 decet
1639 2038 1811 2074 catholicos
1834 2050 1922 2085 reges
1945 2047 1974 2072 et
1991 2035 2177 2089 ξ’ῐξῇζξζξζῑξξέξζ

1223 2092 1404 2140 principes),
1431 2093 1650 2135 consideratis,
1679 2105 1765 2128 more
1792 2092 2052 2140 progenito-banc

1222 2158 1290 2181 rum
1323 2157 1496 2183 vestrorum
1525 2148 1626 2184 clarae
1648 2148 1818 2184 memoriae
1841 2160 1974 2195 regum,

1223 2209 1320 2236 terras
1343 2202 1447 2238 sirmas
1479 2211 1510 2238 ct
1545 2203 1664 2238 insulas
1688 2202 1880 2250 praedictas,
1904 2202 1975 2237 illa-

1222 2269 1355 2304 rumque
1378 2257 1496 2292 incolas
1522 2266 1552 2292 et
1579 2256 1769 2293 habitatores
1792 2257 1897 2299 vobis,
1919 2257 1975 2292 di-

1222 2311 1289 2345 vina
1327 2312 1449 2347 favente
1476 2311 1666 2356 clementia,
1693 2311 1849 2346 subiicere
1871 2319 1901 2347 et
1934 2311 1973 2346 ad

1221 2365 1313 2400 tidem
1336 2366 1522 2402 catholicam
1552 2366 1702 2402 reducere
1731 2366 1950 2414 proposuistis.

1268 2421 1288 2467 (ξ
1315 2423 1347 2455 5
1383 2421 1448 2456 Nos
1483 2422 1585 2467 igitur,
1614 2421 1794 2457 huiusmodi
1834 2429 1970 2457 vestrum
2003 2433 2097 2461 Αιιμιοιι
2110 2433 2172 2455 roni.

1219 2484 1361 2511 sanctum
1375 2484 1404 2511 et
1417 2475 1570 2511 laudabile
1584 2477 1779 2523 propositum
1798 2475 1970 2524 plurimum
1989 2469 2105 2525 :Tarenin-
2120 2467 2172 2489 '’⁰“

1220 2531 1249 2564 iu
1274 2530 1411 2565 Domino
1439 2531 1713 2572 commendantes,
1747 2543 1783 2566 ac
1809 2531 1972 2578 cupientes

1221 2594 1251 2619 ut
1276 2584 1352 2619 illud
1375 2585 1412 2619 ad
1437 2585 1580 2620 debitum
1601 2586 1695 2621 linem
1712 2584 1917 2632 perducatur,
1941 2593 1972 2619 et

1219 2639 1324 2687 ipsum
1344 2652 1459 2676 nomeu
1478 2639 1650 2676 Salvatoris
1670 2639 1767 2676 nostri
1783 2640 1814 2674 in
1831 2639 1974 2689 partibus
