2281 3251
59 298 110 326 An.
125 296 154 323 C.
174 295 238 323 ¹521

938 295 999 318 LEO
1020 296 1042 318 X
1064 296 1112 318 I‘P.

1667 288 1733 321 767

255 357 336 385 esset
362 348 528 395 obligatus
556 347 742 395 Obligantur
769 357 870 384 tamen
891 350 1000 386 fratres
1040 356 1088 385 Leo
1113 355 1254 391 episcopus
1271 355 1405 385 universis
1425 357 1453 385 et
1472 356 1588 392 singulis
1607 356 1725 386 locorum
1741 365 1785 387 or-

255 407 285 434 et
307 411 430 433 sorores
453 398 552 433 facere
577 399 785 445 poenitentias
812 400 869 434 sibi
905 412 921 435 a
945 414 1000 435 su-

257 448 433 496 perioribus
456 448 630 493 impositas,
654 448 779 495 quando
812 462 906 496 super
942 450 1000 485 hoc

255 498 468 546 requiruntur.
492 497 680 543 Obligantur
702 499 845 533 etiamad
864 500 917 533 tria
933 508 998 533 ruta

255 547 444 592 essentialia,
473 555 697 594 paupertatem,
716 548 789 582 nihil
807 548 950 583 habendo
970 549 999 583 in

255 597 399 645 speciali,
425 597 612 641 castitatem,
629 598 702 645 quia
726 607 794 645 post
817 606 920 632 votum
939 611 999 633 non

255 655 387 694 possunt
403 647 637 681 matrimonium
649 647 844 692 contrahere,
854 660 922 688 nec,
933 648 1001 683 sine

256 706 514 743 transgressione,
530 705 612 730 vitus
631 709 733 731 carnis
750 710 783 732 se
812 710 1000 738 immiscere,

255 755 286 781 et
321 746 554 787 obedientiam,
589 754 742 794 quantum
775 746 811 781 ad
846 747 907 787 illa,
934 747 1001 781 sine

255 796 370 843 quibus
394 808 455 830 non
484 803 585 842 potest
612 796 778 831 commode
807 797 862 830 ista
892 797 1003 831 frater-

256 846 335 880 nitas
351 846 558 880 manuteneri.
578 845 741 880 Tencntur
753 846 845 880 etiam
861 845 898 880 ad
914 846 1002 880 clau—

255 908 360 930 suram
394 895 576 930 servandam
600 895 685 936 illae,
713 908 793 942 quae
825 897 923 942 ipsam
946 908 1003 930 ex-

257 957 362 992 presse
391 957 514 980 servare
541 945 705 979 voluerint.
732 945 825 987 Quod
854 944 1003 979 omnibus

255 1003 284 1029 et
306 994 438 1041 singulis
452 994 659 1029 conventibus
680 994 894 1039 concedimus,
909 994 1003 1029 dum-

257 1044 350 1079 modo
374 1044 568 1091 hospitalitas
591 1053 620 1078 et
643 1044 788 1085 charitas,
810 1056 903 1091 quam
919 1056 1004 1079 exer-

257 1106 326 1128 cere
353 1093 455 1129 solent
481 1094 564 1140 apud
592 1094 757 1135 infirmos,
781 1094 902 1128 nullum
930 1106 1002 1129 cum

259 1144 419 1179 honestate
445 1144 578 1189 patiatur
604 1143 841 1177 detrimentum.

305 1193 421 1228 Datum
448 1193 568 1228 Romae
590 1192 674 1240 apud
693 1192 843 1228 Sanctum
864 1192 1004 1236 Petrum,

256 1242 315 1278 sub
342 1242 459 1277 annulo
486 1242 679 1286 Piscatoris,
702 1243 752 1276 die
781 1242 933 1288 vigesima
960 1242 1004 1276 ia-

257 1292 370 1337 nuarii,
385 1292 552 1326 millesimo
571 1292 824 1339 quingentesimo
841 1291 1006 1337 vigesimo—

257 1342 371 1389 primo,
394 1341 596 1389 pontificatus
618 1342 715 1376 nostri
738 1354 819 1376 anuo
841 1353 913 1376 vm.

289 1403 349 1434 Dat.
365 1403 413 1434 die
428 1403 466 1434 20
481 1403 608 1434 ianuarii
626 1403 710 1440 1521,
727 1407 804 1442 pont.
821 1412 896 1433 anno
912 1411 970 1433 viu.

561 1552 701 1588 XLVIII.

255 1626 476 1671 Inquisitorum
498 1627 664 1660 haereticae
682 1626 847 1670 pravitatis
868 1627 1003 1660 iurisdi-

303 1677 361 1710 ctio
396 1688 450 1721 per
481 1677 708 1709 adiunctionem
734 1676 859 1709 alterius
894 1676 1003 1710 iudicis

303 1737 365 1759 non
382 1727 574 1770 incellt'qatur
588 1726 741 1759 diminuta
764 1726 796 1758 in
813 1727 1002 1770 procedendo

303 1782 408 1809 contra
426 1776 588 1821 maleficos,
614 1776 782 1819 sortilegos,
812 1787 831 1809 a
852 1776 912 1820 fide
926 1787 1003 1820 apo-

303 1831 448 1859 statantes
473 1832 525 1858 etc.
566 1825 604 1858 Ec
633 1825 778 1870 officiales
806 1826 977 1860 saeculares
995 1853 1002 1866 ,

303 1876 415 1920 absque
437 1886 592 1919 processus
621 1875 778 1914 recisione,
800 1886 904 1909 eorum
933 1887 1004 1909 sen-

304 1925 413 1958 tentias
438 1931 628 1970 eaeeqttantur
649 1926 705 1966 (1).

520 2004 731 2035 SUMMARtuu

255 2071 308 2101 Hic
336 2068 477 2105 Pontifex,
500 2078 533 2099 ex
554 2069 652 2098 causis
675 2068 722 2098 hic
751 2068 906 2107 expressiS,
926 2068 1004 2098 dedit

293 2115 434 2145 nuncium
458 2123 544 2144 suum
567 2113 597 2142 in
619 2112 797 2142 adiutorium
821 2112 1004 2151 inquisitori-

294 2159 361 2190 bus.
378 2176 417 2181 —
433 2159 458 2188 1.
483 2158 526 2188 Illi
549 2158 705 2188 nonnullos
728 2157 961 2186 condemnarunt
977 2162 1004 2187 et

295 2205 394 2235 curiae
416 2204 562 2234 saeculari
584 2203 725 2242 praetoris
744 2201 855 2231 Brixiae
878 2202 1004 2232 tradide-

295 2254 372 2287 runt,
392 2249 440 2279 cui
458 2249 560 2278 Veneti
580 2248 782 2281 inhibuerunt,
802 2252 828 2276 et
847 2256 1003 2285 processus

294 2295 427 2324 revidere
445 2293 607 2323 voluerunt.
623 2309 661 2314 —
676 2292 702 2321 ⁶2.
721 2291 772 2322 Hic
790 2301 857 2329 ergo
873 2291 1004 2321 Pontifex

295 2339 504 2378 inquisitorum
527 2337 761 2367 iurisdictionem
791 2336 915 2366 liberam
938 2345 1003 2365 esse

296 2384 437 2420 decernit,
456 2393 512 2413 non
540 2382 671 2412 obstante
697 2382 873 2411 Venetorum
894 2380 1004 2410 inhibi-

298 2429 384 2459 tione.
406 2446 445 2451 -—
459 2429 487 2459 3.
509 2428 675 2467 Omnesque
696 2427 807 2456 moneri
832 2426 958 2462 mandat,
975 2430 1005 2455 ut

298 2475 457 2504 sententias
473 2473 679 2513 inquisitorum
699 2475 879 2511 exequantur
894 2470 1004 2510 absque

298 2520 410 2550 visione
428 2527 631 2559 processuum.
655 2534 693 2540 —-
713 2517 741 2547 4.
763 2515 1004 2555 Quibuscumque

297 2575 354 2597 non
377 2564 571 2596 obstantibus.

293 2629 332 2664 (t)
348 2627 441 2663 Quoad
461 2626 603 2654 secundam
621 2630 734 2662 partem,
760 2624 828 2651 idem
850 2622 941 2651 statuit
962 2624 1005 2650 In-

259 2668 396 2696 nocentius
411 2667 472 2696 vttt
487 2675 559 2703 sup.‚
577 2668 602 2694 in
614 2676 660 2696 sua
679 2665 867 2694 constitutione
886 2672 937 2697 xii,
959 2665 1006 2690 Di-

259 2712 348 2745 lectus,
365 2716 425 2746 pag.
443 2709 503 2738 526.

1084 405 1199 434 dinariis
1217 412 1248 434 ac
1267 406 1420 434 haereticae
1439 406 1591 442 pravitatis
1614 406 1784 442 inquisitori-

1084 455 1134 483 bus
1167 454 1194 482 in
1217 455 1333 484 dominio
1357 455 1516 485 Venetorum
1548 455 1783 489 consistentibus,

1086 504 1205 532 satutem
1224 505 1254 533 et
1272 505 1448 540 apostoticam
1471 505 1694 534 benedictionem.

1090 576 1238 612 Honestis
1265 577 1438 624 petentium
1465 578 1543 613 votis
1573 577 1707 613 libenter
1727 590 1785 613 an-

1043 626 1180 667 nuimus,
1203 639 1300 673 eaque
1320 627 1476 661 favoribus
1499 628 1719 675 prosequimur
1733 641 1786 676 op-

1044 677 1195 721 portunis
1224 677 1309 711 Alias
1331 677 1367 711 ad
1392 677 1572 724 petitionem
1601 677 1783 712 dilectorum

1045 725 1191 766 liliorum,
1219 726 1374 760 nobilium
1401 727 1536 761 virorum
1572 727 1662 761 (lucis
1684 735 1714 762 et
1735 728 1787 762 do-

1045 775 1128 808 minii
1159 775 1370 816 Venetorum,
1404 788 1475 811 cum
1511 777 1540 810 in
1571 777 1725 812 Brixiensi
1757 785 1788 811 et

1044 824 1246 870 Bergomensi
1290 825 1468 860 civitatibus
1513 835 1542 860 et
1589 826 1788 861 dioecesibus

1044 874 1201 920 quoddam
1226 874 1389 909 hominum
1426 887 1526 921 genus
1559 876 1788 923 perniciosissi-

1045 935 1130 958 mum
1153 935 1187 958 ac
1211 924 1483 959 damnatissimum
1514 925 1582 960 labe
1610 926 1763 961 haeretica
1781 954 1788 965 ,

1046 985 1100 1019 per
1121 985 1215 1020 quam
1240 984 1388 1022 suscepto
1411 975 1647 1009 renuntiabatur
1670 975 1790 1022 baptis-

1047 1022 1136 1057 matis
1163 1033 1370 1068 sacramento,
1395 1023 1564 1059 Dominum
1581 1024 1790 1071 abnegabant,

1046 1080 1075 1106 et
1101 1080 1237 1113 satanae,
1265 1074 1356 1109 cuius
1383 1074 1515 1109 consilio
1548 1074 1789 1114 seducebantur,

1046 1133 1175 1168 corpora
1198 1131 1228 1157 et
1249 1123 1371 1158 animas
1393 1122 1605 1164 conferebant;
1627 1132 1669 1168 et,
1692 1132 1725 1158 ut
1748 1124 1789 1158 illi

1046 1183 1110 1205 rem
1134 1180 1252 1217 gratam
1272 1172 1418 1211 facerent,
1442 1172 1472 1206 in
1497 1173 1646 1208 necandis
1669 1173 1793 1208 infanti-

1046 1220 1104 1255 bus
1140 1222 1253 1267 passim
1282 1221 1470 1262 studebant,
1498 1231 1527 1257 et
1554 1222 1612 1256 alia
1640 1223 1790 1257 maleficia

1046 1278 1075 1304 et
1085 1270 1240 1317 sortilegia
1257 1283 1402 1306 exercere
1417 1283 1479 1305 non
1494 1271 1688 1306 verebantur:
1705 1272 1790 1319 quod

1046 1319 1086 1354 ita
1114 1319 1230 1355 factum
1265 1333 1334 1356 esse
1356 1320 1519 1355 videbatur
1540 1329 1592 1364 ut,
1615 1321 1653 1355 ad
1681 1333 1790 1356 eorum

1046 1381 1182 1404 errorem
1206 1369 1440 1417 extirpandum,
1462 1378 1638 1417 opportuna
1661 1371 1792 1405 adhibe-

1046 1427 1154 1453 rentur
1176 1419 1323 1454 remedia.
1351 1419 1499 1454 Volentes
1528 1420 1620 1454 etiam
1648 1420 1790 1455 eiusdem

1045 1469 1168 1514 generis
1190 1470 1359 1504 nonnullos
1386 1469 1535 1503 indicibili
1571 1481 1670 1516 poena
1692 1470 1791 1505 obsti-

1046 1526 1115 1553 nate
1140 1518 1232 1553 vitam
1256 1519 1359 1566 potius
1381 1518 1498 1565 perfide
1525 1519 1678 1563 amittere,
1697 1532 1790 1567 quam

1045 1579 1182 1602 errorem
1211 1580 1304 1603 suum
1340 1579 1530 1613 cognoscere
1565 1568 1737 1609 maluisse,
1760 1577 1791 1603 et

1046 1626 1210 1664 propterea
1237 1617 1276 1652 de
1310 1618 1451 1664 rigoroso
1478 1617 1610 1652 nimium
1633 1622 1685 1662 (ut
1706 1618 1791 1653 dice-

1045 1666 1145 1710 batur)
1159 1667 1386 1701 ordinariorum
1408 1675 1515 1701 contra
1536 1667 1614 1702 tales
1640 1680 1789 1714 processu

1045 1716 1454 1761 ‹lubitantes,venerabilem
1466 1716 1590 1751 fratrem
1606 1718 1789 1764 episcopum

1044 1765 1230 1809 Polensem,
1251 1774 1392 1801 nostrum
1415 1774 1445 1800 et
1466 1766 1664 1813 Apostolicae
1699 1766 1791 1802 Sedis

1044 1815 1127 1862 apud
1156 1817 1282 1851 eosdem
1306 1816 1420 1851 ducem
1442 1825 1472 1850 et
1493 1816 1669 1850 dominium
1707 1829 1791 1851 nun-

1044 1867 1140 1905 cium,
1157 1866 1244 1900 vobis
1266 1866 1503 1912 adiungendum
1527 1866 1692 1907 (luximus,
1719 1878 1789 1901 cum

1046 1914 1189 1950 facultate
1212 1928 1266 1963 per
1288 1928 1322 1950 se
1344 1916 1392 1950 vel
1414 1916 1508 1950 alium
1532 1927 1587 1949 seu
1617 1915 1694 1950 alios
1725 1928 1793 1962 pro-

1045 1976 1153 1999 cessus
1190 1978 1244 2013 per
1267 1978 1321 2000 ros
1351 1965 1473 2000 habitos
1507 1977 1562 2000 seu
1592 1965 1689 2000 factos
1717 1977 1792 2000 exa—

1045 2015 1185 2050 minandi
1208 2023 1238 2050 et
1260 2015 1438 2056 revidendi;
1461 2023 1491 2049 et
1526 2015 1549 2049 si
1579 2027 1632 2049 vos
1655 2015 1792 2063 inquisi-

1045 2075 1127 2101 tores
1162 2078 1327 2112 processus
1363 2065 1538 2112 praedictos
1568 2065 1624 2099 rite
1651 2073 1680 2099 et
1709 2073 1791 2100 recte

1045 2128 1080 2150 ac
1115 2117 1200 2150 iuxta
1222 2116 1351 2150 formam
1375 2116 1451 2150 iuris
1483 2114 1603 2149 habitos
1625 2114 1789 2159 fecissetis,

1045 2175 1151 2200 contra
1175 2165 1234 2200 tale
1261 2165 1423 2200 hominum
1447 2165 1662 2199 damnatorum
1689 2177 1790 2210 genus

1047 2227 1108 2250 nna
1130 2215 1291 2249 vobiscum
1330 2214 1517 2262 procedendi
1540 2221 1570 2248 et
1591 2214 1788 2260 inquirendi,

1046 2277 1167 2300 necnon
1187 2273 1403 2311 procuratores
1426 2272 1456 2298 et
1477 2264 1655 2307 advocatos,
1670 2264 1788 2299 scribas

1045 2324 1247 2362 caeterosque
1260 2315 1296 2349 ad
1311 2314 1521 2361 inquisitionis
1536 2312 1688 2360 praefatae
1703 2326 1789 2348 exer-

1046 2366 1156 2400 citium
1179 2365 1372 2399 necessarios
1393 2373 1422 2398 et
1444 2372 1639 2410 opportunos
1669 2363 1789 2398 officia-

1047 2416 1091 2451 les
1112 2424 1142 2450 et
1170 2415 1340 2454 ministros,
1354 2425 1425 2448 cum
1447 2412 1696 2460 competentibus
1710 2413 1786 2448 sala-

1048 2471 1100 2506 riis
1139 2468 1335 2517 deputandi;
1369 2476 1397 2502 et
1434 2467 1577 2502 homines
1612 2466 1786 2513 praedictos

1047 2526 1110 2573 (qui
1145 2524 1243 2559 redire
1278 2522 1315 2557 ad
1350 2522 1509 2557 Ecclesiae
1538 2521 1688 2556 unitatem
1722 2522 1787 2556 vel-

1047 2581 1120 2624 lent)
1147 2580 1316 2614 clementer
1337 2575 1544 2624 suscipiendi,
1567 2576 1675 2622 eisque
1712 2588 1787 2623 poe-

1047 2635 1208 2671 nitentiam
1225 2633 1388 2668 salutarem
1413 2630 1649 2677 iniungendi,et
1668 2642 1721 2665 eos
1737 2630 1788 2665 ab·

1048 2690 1211 2737 solvendi,
1238 2689 1330 2724 ctiam
1359 2689 1388 2723 in
1424 2695 1554 2736 utroque
1582 2686 1659 2728 sor0;
1680 2694 1710 2722 et
1737 2685 1788 2721 in-

1800 300 1848 326 An.
1865 298 1974 326 C.152t

1814 590 1850 610 Hic
1875 589 1983 615 Ponutex,

1800 628 1823 643 ex
1832 622 1900 642 causis
1909 622 1941 642 hic
1950 627 1982 642 ex<

1800 653 1878 680 pressis
1892 668 1898 678 ,
1927 653 1985 673 dedit

1800 690 1897 704 nunctum
1925 689 1982 703 suum

1801 716 1820 735 in
1836 715 1924 735 adiutor.
1949 715 1985 734 in-

1801 745 1944 773 quisitortbun.
