2281 3251
78 259 126 287 Αιι.
145 259 173 286 C.
192 260 258 288 ¹513

79 2481 191 2504 Ordinatur
210 2482 246 2504 Ro·

65 2519 139 2535 manae
152 2513 233 2535 euriae.

957 253 1020 277 LEO
1046 253 1069 276 X
1092 254 1142 277 PP.

276 313 400 357 tinere,
428 318 460 346 ut
491 309 763 346 caeremoniarum
803 309 946 357 peritiam
975 323 1028 345 ca-

277 362 398 409 pientes
414 387 422 401 ,
449 360 501 406 qui
525 360 555 394 in
579 358 718 406 cappella
744 368 850 394 nostra
872 367 903 394 et
929 359 1026 395 Curia

274 411 410 445 serviant
431 409 593 449 continue,
618 409 722 443 idonei
741 409 1027 456 reperiantur,sine

274 468 376 494 tamen
394 459 614 505 magistrorum
632 459 837 504 praeiudicio,
850 458 905 494 sed
922 459 1025 494 clerici

273 509 374 544 dictae
396 509 555 555 cappellae
585 508 718 542 existant
750 521 821 543 cum
850 508 1027 543 honoribus

272 567 301 592 et
324 558 547 593 emolumentis
569 558 742 598 consuetis,
767 558 941 605 legatisque
958 559 1028 592 mit-

271 607 374 642 tendis
408 607 445 642 ad
475 607 613 641 diversas
648 607 757 641 mundi
787 616 891 653 partes
924 607 1026 643 inser-

271 656 355 691 viant
380 657 448 691 sine
472 655 585 691 Curiae
612 656 812 691 detrimento.
848 657 911 691 Pro
946 669 1026 692 exe-

270 706 352 752 quiis
379 705 543 741 Pontificis
570 714 696 740 centum
727 706 807 741 iuter
829 706 950 747 ambos;
971 720 1025 753 pro

269 756 426 791 creatione
451 768 522 790 vero
544 755 699 799 eiusdem,
718 755 873 790 ducentos
895 755 1025 791 ducatos

270 813 299 839 et
328 813 429 840 vestes
456 813 487 840 et
513 805 628 840 funalia
653 817 709 840 seu
738 805 851 840 torcias
880 805 1023 840 sacrificii

269 854 431 889 dumtaxat
468 864 581 901 capere
618 855 753 901 possint,
788 854 849 889 Ad'
874 856 1024 902 exequias

270 904 540 939 veroinferiorum
566 904 774 951 praelatorum
799 912 828 938 et
851 913 1022 945 oratorum,

269 965 353 988 unus
366 965 475 988 corum
492 953 663 994 dumtaxat,
680 962 710 988 et
729 953 753 987 si
769 961 894 988 vocatus
917 953 1023 993 fuerit,

269 1002 430 1043 accedere,
448 1011 478 1038 et
504 1003 583 1037 duos
610 1003 741 1038 ducatos
763 1011 793 1037 et
815 1011 950 1049 quatuor
971 1003 1023 1037 fu—

269 1051 350 1087 nalia
372 1065 427 1087 seu
452 1053 577 1096 torcias,
600 1064 680 1099 quae
708 1053 737 1086 in
761 1051 933 1086 elevatione
948 1051 1022 1087 Cor-

269 1101 404 1148 porisC.
417 1102 656 1145 accenduntur,
678 1101 838 1135 dumtaxat
862 1101 1022 1137 liabeieet

269 1150 401 1186 ulterius
424 1152 549 1198 exigere
573 1163 633 1186 non
657 1151 802 1185 debeant.
831 1150 880 1191 Et,
906 1159 939 1185 nt
966 1151 1044 1220 (le-¹

268 1201 391 1236 centius
413 1201 551 1236 officium
579 1213 688 1235 eorum
712 1212 859 1235 exercere
881 1210 909 1234 et
926 1213 1044 1273 com-¹

268 1249 395 1284 modius
421 1263 455 1285 se
481 1250 682 1285 substentare
706 1250 823 1284 valeant
830 1250 1022 1296 a,rcliipres-

266 1298 442 1346 bytei'atum
467 1300 618 1334 ecclesiae
640 1299 747 1334 Sancti
767 1299 850 1333 Celsi
867 1299 905 1334 de
922 1299 1019 1340 Urbe,

267 1356 297 1382 et
324 1361 422 1384 unum
445 1349 665 1384 canonicatum
695 1357 725 1383 et
750 1361 841 1382 unam
871 1349 1021 1396 praeben-

266 1397 338 1433 dam
371 1399 544 1439 eiusmodi,
565 1411 699 1445 quorum
725 1398 854 1443 fructus,
880 1398 1020 1433 redditus

265 1455 294 1482 et
316 1457 486 1494 proventus
512 1456 542 1482 et
565 1460 654 1483 veros
675 1460 797 1483 annuos
820 1448 940 1483 valores
964 1448 1019 1482 lia-

265 1496 331 1531 beri
353 1498 501 1533 volumus
521 1510 576 1545 pro
596 1498 765 1544 expressis,
788 1497 891 1532 eidem
915 1498 1018 1533 officio

265 1548 535 1583 caeremoniarum
560 1555 714 1594 perpetuo
750 1548 894 1589 unimus,
919 1560 1018 1583 anne-

264 1597 380 1632 ctimus
407 1605 437 1632 et
465 1598 715 1643 incon-:porinum
738 1597 892 1644 itaquod,
903 1597 1018 1632 ceden-

265 1645 348 1681 tibns
382 1646 428 1681 vel
459 1646 689 1681 decedentibus
732 1647 884 1681 moderno
920 1647 1018 1694 ipsius

264 1696 416 1731 ecclesiae
438 1695 711 1751 archipresbytero
730 1708 765 1730 ac
788 1696 894 1743 aliquo
918 1710 1017 1752 ipsius

263 1745 412 1781 ecclesiae
427 1758 592 1790 canonico,
608 1746 699 1780 liceat
714 1745 832 1780 eisdem
849 1747 1015 1791 magistris.

264 1806 319 1842 pei
339 1807 374 1830 se
397 1795 444 1830 vel
462 1795 558 1830 alium
581 1807 636 1830 seu
659 1795 748 1836 alios,
759 1796 955 1842 corporalem
972 1808 1017 1831 ar-

263 1844 563 1893 chipresbyteratus,
585 1845 788 1880 canonicatus
811 1853 843 1880 et
865 1845 1018 1892 praeben-

263 1893 320 1929 dae
348 1895 580 1941 possessionem
610 1894 731 1941 propria
760 1895 946 1931 auctoritate
961 1908 1017 1942 ap-

264 1943 462 1990 prehendere
483 1953 514 1980 et
536 1952 690 1991 perpetuo
713 1945 858 1986 retinere,
876 1945 1017 1980 illorum-

263 2004 325 2040 que
347 1993 480 2039 fructus,
501 1994 645 2029 redditus
668 2003 696 2028 et
719 1995 1017 2041 proventusinsuos

263 2049 293 2077 et
314 2043 649 2092 archipresbyteratus,
668 2044 873 2079 canonicatus
888 2053 918 2079 et
932 2057 1018 2092 prae-

263 2095 385 2132 bendae
413 2110 489 2132 usus
511 2097 558 2132 vel
583 2097 731 2132 utilitates
758 2106 952 2139 convertere,
968 2112 1016 2134 cu-

263 2150 359 2185 iusvis
386 2151 513 2186 licentia
541 2162 637 2197 snper
663 2151 722 2186 hoc
750 2152 880 2187 minime
909 2153 1017 2201 requi-

263 2205 332 2240 sita.
355 2204 426 2240 Non
450 2205 650 2240 obstantibus
668 2207 893 2242 constitutione
909 2216 1016 2243 nostra

263 2258 302 2294 de
326 2259 497 2295 unionibus
524 2259 762 2296 committendis
785 2260 822 2295 ad
844 2269 958 2307 partes,
982 2274 1016 2297 ac

264 2314 434 2362 privilegiis
446 2323 475 2350 et
498 2314 627 2350 indultis
650 2315 767 2362 populo
782 2315 927 2350 Romano
940 2328 1017 2351 con-

262 2368 359 2404 cessis
380 2377 411 2404 et
431 2369 501 2405 aliis
529 2369 693 2405 contrariis
720 2369 990 2417 quibuscumque.

311 2423 331 2470 S
349 2426 383 2458 6.
406 2423 499 2459 Circa
515 2423 710 2459 ordinandos
725 2424 762 2458 ad
774 2424 1015 2466 ordines,etiam

262 2489 367 2512 sacros
380 2485 410 2513 et
428 2478 674 2526 presbyteratus,
691 2486 752 2513 tam
770 2478 799 2512 in
815 2478 910 2513 Curia
923 2490 1016 2526 quam

262 2539 360 2573 extra,
389 2531 533 2567 videlicet
548 2531 627 2567 ultra
651 2531 927 2579 quadragesimum
952 2532 1018 2566 mil-

263 2585 386 2620 liarium
402 2585 441 2620 ab
463 2585 561 2631 Urbe,
585 2586 614 2621 id
638 2586 722 2633 quod
745 2598 760 2621 a
781 2586 872 2621 nobis
895 2587 924 2621 in
941 2586 1019 2622 Poe·

267 2639 462 2675 nitentiariae
479 2639 699 2676 reformatione
716 2640 874 2687 provisum
889 2649 946 2684 est,
962 2652 1018 2688 per

1702 242 1772 275 575

1070 309 1267 345 ordinatores
1295 308 1440 344 volumus
1473 307 1642 343 observari.
1675 307 1715 342 Et
1741 320 1822 355 quo-

1071 359 1152 394 niam
1176 359 1302 394 fraudes
1325 359 1408 394 circa
1436 357 1618 393 huiusmodi
1650 357 1824 392 ordinatio-

1071 421 1137 449 nes,
1173 421 1206 443 re
1233 409 1356 444 scilicet
1391 416 1451 443 tam
1488 407 1572 454 gravi
1601 415 1631 442 et
1657 407 1824 442 animabus

1070 458 1267 505 periculosa,
1303 458 1368 492 lieri
1404 457 1604 504 accepimus,
1633 464 1666 491 nt
1699 456 1824 504 penitus

1070 508 1150 543 male
1164 508 1276 554 agendi
1292 508 1416 543 occasio
1432 507 1563 542 omnino
1578 505 1716 549 tollatur,
1733 518 1824 554 quas-

1069 568 1206 604 cumque
1241 557 1404 592 facultates
1425 556 1592 603 quibusvis
1621 555 1777 602 praelatis,
1792 556 1822 591 in

1068 619 1345 654 quorumcumque
1373 605 1599 642 venerabilium
1623 605 1753 640 fratrum
1773 617 1823 640 no·

1068 664 1204 691 strorum
1221 656 1255 690 S.
1274 657 1312 690 R.
1327 656 1364 690 E.
1381 655 1590 691 cardinalium
1614 654 1823 690 familiaritate

1068 705 1269 751 degentibus,
1285 717 1464 749 concessas,
1485 705 1523 739 de
1539 704 1755 752 promovendo
1773 705 1824 739 fa—

1068 755 1204 790 miliares
1229 755 1413 790 eorumdem
1446 754 1670 799 cardinalium,
1697 754 1824 802 penitus

1068 816 1274 845 revocamus;
1297 817 1333 839 ac
1361 805 1428 839 illas
1452 812 1481 839 et
1503 816 1723 852 quascumque
1750 816 1823 851 per-

1066 866 1160 889 sonas
1182 855 1220 889 ad
1249 854 1459 889 ordinandum
1485 866 1541 900 per
1564 853 1824 900 praedecessores

1068 912 1193 938 nostros
1215 903 1370 938 hacteuus
1392 904 1558 950 deputatas
1574 912 1604 938 et
1623 915 1678 950 per
1692 916 1749 939 nos
1763 903 1825 938 for-

1065 965 1119 987 san
1144 952 1346 988 eonfirmatas
1368 953 1462 988 etiam
1492 964 1678 994 cassamus,
1705 965 1824 1000 easque

1066 1002 1169 1037 nullas
1200 1010 1295 1048 atque
1334 1002 1468 1037 abolitas
1502 1013 1573 1037 esse
1608 1002 1821 1038 decernimus.

1064 1051 1105 1086 Et
1127 1064 1199 1086 cum
1223 1052 1262 1086 de
1292 1052 1358 1087 istis
1386 1051 1622 1086 ordinatoribus
1654 1059 1685 1086 et
1711 1065 1821 1087 eorum

1065 1101 1302 1136 extorsionibus
1336 1113 1372 1135 ac
1409 1101 1556 1148 personis
1578 1101 1685 1136 minus
1717 1101 1822 1148 dignis

1065 1162 1120 1205 per
1141 1162 1196 1185 eos
1212 1150 1366 1185 ordinatis
1383 1150 1636 1198 quamplurimae
1658 1151 1822 1197 querimo-

1065 1200 1133 1234 niae
1165 1199 1202 1234 ad
1231 1212 1323 1235 autes
1350 1208 1473 1235 nostras
1495 1199 1637 1246 quotidie
1666 1212 1821 1247 pervene-

1065 1249 1135 1289 rint,
1159 1249 1198 1284 de
1227 1257 1349 1284 caetero
1373 1262 1472 1284 unum
1496 1250 1659 1284 dumtaxat
1690 1250 1821 1296 episco-

1065 1311 1140 1345 pnm
1163 1299 1408 1334 ordinatorem
1402 1312 1431 1333 in
1455 1298 1550 1333 Curia
1569 1311 1639 1334 esse
1662 1300 1820 1343 volumus,

1063 1360 1185 1382 morum
1228 1349 1330 1383 nitore
1363 1356 1393 1383 et
1435 1348 1662 1386 conscientiae
1686 1350 1820 1404 puritate

1062 1398 1281 1444 conspicuum,
1303 1388 1372 1445 qni,
1395 1398 1472 1433 ultra
1495 1398 1643 1433 salarium
1666 1399 1693 1433 ei
1717 1411 1734 1433 a
1756 1397 1820 1433 Ca-

1063 1459 1146 1482 mera
1169 1447 1350 1494 Apostoliea
1374 1448 1594 1489 constitutum,
1610 1459 1665 1494 pro
1680 1447 1820 1495 qualibet

1063 1508 1310 1544 persona,quam
1333 1497 1424 1532 etiam
1442 1497 1478 1531 ad
1498 1497 1605 1544 plures
1625 1497 1720 1532 simul
1739 1497 1820 1532 ordi-

1062 1559 1117 1581 nes
1133 1548 1345 1594 promoverit,
1364 1559 1424 1581 non
1445 1547 1524 1582 ultra
1544 1547 1704 1582 carlenum
1721 1559 1817 1582 unum

1063 1608 1118 1642 pro
1156 1596 1295 1631 candelis
1333 1597 1455 1643 capiat,
1490 1604 1519 1631 et
1559 1597 1818 1632 constitutionem

1062 1645 1190 1692 praefati
1212 1646 1282 1681 lulii
1306 1645 1558 1693 praedecessoris
1575 1658 1670 1693 super
1692 1646 1752 1681 lioc
1774 1658 1817 1681 sa-

1060 1695 1194 1730 lubriter
1209 1696 1323 1731 editam
1339 1695 1538 1737 innovamus,
1555 1703 1584 1730 et
1598 1707 1653 1742 per
1667 1696 1815 1731 eumdem

1060 1745 1273 1780 ordinatorem
1301 1745 1524 1780 inviolabiliter
1546 1745 1703 1780 observari
1728 1758 1818 1780 man-

1059 1794 1182 1829 damus.
1205 1794 1311 1829 Unum
1335 1806 1408 1830 veio
1436 1795 1531 1830 alium
1555 1795 1741 1842 episcopum
1759 1807 1814 1830 sen

1060 1844 1333 1892 archiepiscopum
1357 1844 1533 1889 dumtaxat,
1555 1845 1718 1880 timoratae
1740 1857 1817 1880 eon-

1059 1894 1208 1929 scientiae
1230 1903 1260 1929 et
1282 1893 1468 1929 sufficientis
1489 1894 1663 1935 doctrinae,
1673 1906 1741 1929 esse
1760 1907 1817 1929 vo-

1059 1943 1176 1985 lumus,
1199 1944 1251 1991 qui
1278 1943 1512 1991 promovendos
1539 1943 1577 1978 ad
1605 1944 1732 1979 ordines
1755 1944 1816 1979 liu-

1060 1993 1196 2028 iusmodi
1220 1994 1399 2028 examinare
1427 1993 1550 2035 debeat,
1566 1994 1730 2028 assistente
1753 2006 1816 2028 uno

1060 2043 1181 2078 notario
1208 2043 1361 2078 Gamerae
1395 2043 1598 2090 Apostolicae
1632 2043 1680 2077 vel
1715 2043 1815 2090 ipsius

1060 2098 1169 2133 notarii
1198 2098 1371 2134 substituto
1401 2098 1446 2133 vel
1474 2098 1594 2133 notario
1628 2098 1737 2139 altero,
1760 2097 1814 2145 qui

1060 2151 1272 2199 depositiones
1310 2152 1435 2186 testium
1478 2164 1534 2198 per
1568 2151 1814 2187 examinandum

1061 2206 1286 2253 productorum
1310 2206 1341 2241 in
1364 2205 1490 2253 scriptis
1514 2206 1669 2253 redigere,
1684 2214 1714 2242 et
1730 2218 1817 2241 man-

1059 2260 1166 2295 datum
1183 2260 1323 2302 solitum,
1348 2272 1442 2295 manu
1465 2261 1592 2307 propria
1617 2260 1815 2296 examinato-

1060 2314 1100 2349 ris
1122 2314 1349 2363 subscriptum,
1372 2326 1426 2361 per
1448 2314 1661 2350 examinatum
1685 2314 1815 2351 ordina-

1060 2369 1116 2403 tori
1153 2369 1420 2417 praesentandum
1455 2369 1672 2412 subscribere,
1699 2377 1730 2405 et
1757 2382 1813 2417 pro

1061 2424 1205 2459 mandato
1227 2423 1425 2469 huiusmodi,
1439 2436 1496 2471 pro
1518 2424 1658 2472 qualibet
1679 2436 1814 2472 persona

1060 2479 1248 2520 examinata,
1277 2478 1430 2518 videlicet,
1447 2491 1502 2525 pro
1519 2479 1677 2520 mandato,
1700 2491 1812 2519 unum;

1059 2541 1090 2567 et
1112 2545 1168 2580 pro
1192 2534 1290 2580 prima
1318 2533 1578 2577 tonsura‚alium;
1602 2542 1632 2568 et
1657 2546 1711 2580 pro
1733 2545 1812 2580 qua—

1061 2595 1132 2622 tuor
1153 2587 1329 2622 minoribus
1347 2586 1454 2632 simul,
1469 2599 1580 2628 unum;
1605 2598 1660 2633 pro
1681 2585 1813 2621 subdia-

1060 2649 1202 2683 conatus,
1216 2641 1324 2682 unum;
1337 2648 1368 2676 et
1379 2640 1575 2683 diaconatus,
1590 2640 1700 2683 alium;
1713 2648 1742 2676 et
1755 2652 1810 2688 pro

1836 251 1890 279 An.
1908 251 1936 278 C.
1953 251 2021 279 1513
