2281 3251
256 227 305 252 An.
326 227 354 253 C.
373 227 437 253 tttts

267 1577 412 1605 llrnel'triaque

248 1609 358 1628 emto-ta«,
371 1609 430 1629 [stas

248 1639 429 1660 ttuiuauixtantum

247 1673 334 1691 conr-wli
349 1673 402 1692 vu't·

503 219 572 252 540

453 282 568 323 lienda,
588 291 758 329 nostroque
781 282 910 316 arbitrio
938 284 1152 328 restringenda
1175 292 1203 318 et

453 332 639 378 amplianda,
655 333 733 366 inter
747 332 832 366 cives
849 332 1065 367 tantummodo
1080 332 1204 379 dispen-

453 390 571 415 sentur.
587 382 621 416 Et
639 381 723 428 quod
739 382 1001 427 protonotariatus
1016 381 1130 416 Curiae
1140 381 1203 417 Ca-

457 431 566 476 pitolii.
596 431 765 465 notariatus
792 440 821 465 et
846 431 1078 466 marescallatus
1104 431 1203 478 Ripae

452 488 479 513 et
511 488 653 524 staterae,
681 488 711 514 et
739 480 890 515 Gamerae
915 490 945 515 et
970 480 1109 527 gabellae
1126 480 1204 516 Stu-

452 530 494 562 dii
516 529 695 564 huiusmodi
719 530 1000 576 depositariatuum
1019 539 1047 565 et
1063 530 1201 577 gabellu-

453 580 547 612 iiatus
577 588 605 613 et
636 581 935 615 extraordinariatus
959 581 1201 628 praedictorum,

451 637 478 660 et
496 628 651 663 iudicatus
663 629 908 676 appellationum
931 630 970 665 de
992 630 1100 665 eadem
1118 630 1201 665 Urbe

451 678 550 711 olliria
569 706 577 714 ,
611 686 641 712 et
664 679 830 713 comitatus
851 679 986 727 Tyburis
1007 688 1037 715 et
1058 680 1201 715 Malleani

451 741 484 759 :ic
505 727 631 763 Velletri
655 737 684 763 et
702 728 813 770 Corae,
836 730 996 766 civitatum
1013 730 1159 765 videlicet
1173 739 1201 765 et

451 777 638 823 oppidorum
654 779 825 819 dictorum,
841 780 949 828 populi
970 780 1104 815 Romani
1122 789 1202 815 tem—

451 827 547 872 porali
566 827 897 865 dominioimmediate
912 830 1139 874 subiectorum,
1151 844 1203 878 po-

450 878 592 912 iusim—iae
607 890 622 912 a
640 879 730 923 taxis,
742 891 820 926 quas
835 893 890 927 pro
912 880 1114 928 expeditione
1131 881 1219 916 bre-'

451 927 531 960 xium
562 928 688 974 praefati
717 930 876 965 secretarii
906 930 945 965 ab
971 931 1016 965 eis
1048 931 1201 966 liactenus

448 976 624 1021 exigebant,
647 991 769 1014 necnon
785 980 892 1015 eadem
909 980 1016 1016 civitas
1029 989 1060 1016 et
1085 982 1200 1029 oppida

448 1038 481 1059 ac
497 1035 608 1072 terrae,
624 1028 661 1063 ad
679 1042 828 1076 praesens
851 1031 999 1078 praefatis
1014 1031 1131 1079 populo
1149 1033 1200 1067 im-

448 1076 582 1111 mediate
597 1078 752 1124 subiecta,
775 1080 800 1114 si
817 1080 1013 1127 etquamdiu
1038 1081 1067 1115 in
1091 1082 1201 1117 suliien

448 1126 552 1161 ctione
585 1127 766 1164 huiusmodi
796 1129 930 1165 lidelitcr
953 1132 1136 1171 manserint,
1163 1132 1201 1166 ab

447 1177 530 1209 omui
565 1189 685 1218 onere,
717 1191 780 1227 quo
813 1192 868 1226 pro
899 1181 1089 1216 stationibus
1123 1182 1202 1216 mili-

448 1233 512 1259 tum
529 1226 690 1263 Romanae
699 1229 859 1264 Ecclesiae
871 1230 1092 1277 gravabantur,
1103 1232 1199 1266 libera

447 1276 504 1308 siut
527 1285 620 1323 atque
644 1279 808 1314 immunia.
832 1280 864 1314 Id
895 1293 966 1315 vero
981 1281 1078 1328 quod,
1096 1294 1131 1316 ex
1148 1281 1201 1317 de-

448 1326 629 1371 1=‹»itai·iatii
655 1328 849 1374 liuiusmodi,
864 1330 996 1377 collegio
1009 1331 1198 1366 dilectorum

448 1376 581 1411 tiliorum
604 1378 794 1426 scriptorum
815 1380 943 1415 archivii
959 1380 1121 1416 Romanae
1133 1381 1200 1417 Cu-

447 1425 511 1459 riae
535 1428 696 1462 annuatim
721 1428 865 1469 debetur,
887 1430 912 1465 is
926 1430 1035 1473 solvat,
1050 1432 1103 1478 qui
1118 1431 1197 1467 dicta

446 1475 619 1511 solidorum
648 1478 747 1525 capita
778 1480 963 1526 perceperit.

494 1528 514 1570 8³
541 1528 575 1560 4.
601 1527 639 1561 Et
663 1528 747 1575 quod
771 1528 879 1564 Sancti
903 1531 1049 1576 Gregorii
1074 1531 1152 1567 intra
1169 1540 1199 1566 et

445 1574 551 1610 Sancti
564 1577 739 1612 Sebastiani
755 1587 840 1614 extra
864 1580 964 1615 dictae
976 1580 1070 1615 Urbis
1080 1594 1198 1627 muros,

445 1626 550 1660 Sancti
574 1626 736 1662 Benedicti
755 1637 784 1663 et
801 1628 1020 1665 Cisterciensis
1042 1630 1197 1666 Ordinnm

445 1683 472 1707 et
501 1676 557 1710 alia
587 1679 773 1713 monasteria
800 1691 836 1713 ac
861 1681 1039 1727 prioratus,
1068 1683 1199 1716 canoni-

445 1733 533 1759 ratus
550 1735 577 1761 et
607 1728 813 1773 praebendas,
836 1730 1018 1775 dignitates,
1042 1743 1200 1778 persona-

446 1784 494 1809 tus
511 1803 519 1819 ,
547 1776 837 1813 administrationes
859 1789 889 1814 et
907 1781 1007 1815 ollicia
1030 1790 1198 1829 ceteraque

446 1825 594 1860 beneficia
622 1827 851 1869 ecclesiastica,
879 1842 951 1864 cum
981 1843 1053 1865 cura
1077 1840 1105 1865 et
1129 1833 1198 1867 sine

444 1887 529 1919 cura,
548 1876 576 1910 in
600 1877 683 1912 dicta
706 1877 792 1913 Urbe
811 1887 841 1913 et
864 1879 946 1914 illius
969 1880 1112 1915 districtu
1130 1883 1198 1916 exi-

443 1926 554 1959 stentia
584 1927 824 1969 (venerabilium
855 1928 983 1964 fratrum
1018 1938 1196 1966 nostrorum

445 1975 598 2019 praefatae
636 1977 796 2012 Ecclesiae
815 1978 1023 2014 cardinalium
1047 1981 1146 2016 titulis
1168 1990 1198 2016 et

443 2024 756 2062 denominationibus
770 2055 779 2073 ,
801 2040 837 2063 ac
860 2028 1008 2065 basilicae
1026 2030 1196 2066 Beatorum

444 2078 527 2113 Petri
557 2089 587 2114 et
619 2081 706 2116 Pauli
730 2090 759 2116 et
782 2082 1004 2119 Lateranensis
1030 2093 1058 2119 et
1082 2085 1197 2122 Beatae

444 2132 557 2169 Mariae
580 2135 707 2171 Maioris
734 2136 772 2171 dc
795 2136 903 2172 eadem
936 2137 1021 2173 Urbe
1048 2139 1197 2175 ecclesia-

445 2201 525 2229 rum,
548 2189 872 2239 archipresbyteratus
899 2191 1006 2227 Sancti
1035 2193 1195 2230 Laurentii

443 2251 473 2276 et
491 2243 597 2279 Sancti
621 2245 734 2287 Sabae,
758 2247 837 2282 intra
861 2247 988 2283 eosdem
1006 2260 1125 2289 muros,
1142 2263 1196 2285 eo-

444 2298 586 2333 rumdem
602 2300 772 2346 Ordinum,
783 2301 876 2336 dictis
888 2302 1100 2337 cardinalibus
1115 2317 1195 2339 com-

444 2353 583 2388 mendari
600 2354 713 2396 sotius,
732 2357 931 2392 monasteriis
953 2357 1113 2392 dumtaxat
1140 2371 1196 2394 ex-

443 2408 564 2455 ceptis),
580 2421 641 2443 non
664 2409 724 2444 nisi
742 2409 895 2445 Romanis
916 2411 1038 2447 civibus
1061 2412 1194 2449 conl'erri

442 2474 496 2495 seu
513 2463 742 2510 commendari,
759 2473 812 2499 aut
826 2465 902 2500 alias
927 2465 967 2501 de
991 2466 1049 2511 eis,
1073 2467 1102 2502 in
1120 2467 1196 2503 alios

442 2518 680 2565 quoquomodo,
696 2527 903 2567 praeterquam
918 2521 943 2555 si
961 2521 1112 2557 beneficia
1122 2534 1196 2570 prae·

442 2572 522 2607 dicta
549 2585 586 2607 ex
603 2574 815 2620 resignatione
828 2575 1024 2621 alienigenae
1037 2585 1195 2617 vacarent,

441 2638 520 2672 quae
547 2628 640 2663 etiam
675 2628 859 2675 alienigenis
892 2630 1025 2666 conferri
1062 2631 1195 2669 valeant,

1035 230 1134 252 1311.th
1141 230 1170 251 ΙΠ
1177 230 1220 252 CM
1245 230 1405 253 nonnam!

2012 230 2064 258 An.
2081 230 2110 258 C.
2128 230 2197 259 ¹5t3

1246 284 1340 317 etiam
1357 296 1481 330 pernes
1493 292 1522 318 ct
1535 283 1649 319 Sedem
1665 283 1878 331 apostoticam
1893 283 1998 333 dispo·

1248 332 1276 366 ui
1295 332 1380 366 nullo
1397 332 1490 368 modo
1509 333 1619 380 possit,
1642 334 1901 382 collationesque,
1917 347 1998 382 pro-

1248 382 1394 426 visiones,
1416 383 1622 418 commendae
1639 391 1669 418 et
1684 383 1761 418 aliae
1777 384 1906 432 quaevis
1929 384 1998 419 dis—

1247 431 1415 477 positiones
1435 431 1473 467 de
1487 432 1564 473 iltis,
1584 433 1676 467 etiam
1697 446 1750 481 per
1766 446 1823 469 uos
1836 442 1864 468 et
1880 434 1994 469 Sedem

1246 481 1504 526 eamdem,etiam
1521 495 1592 517 cnm
1616 495 1760 530 expressa
1784 484 1995 530 praesentium

1245 530 1460 577 derogatione,
1473 532 1565 566 etiam
1579 541 1664 567 motu
1682 534 1808 580 proprio
1821 542 1899 568 etex
1913 543 1996 569 certa

1245 581 1386 619 scientia,
1397 593 1453 629 pro
1468 589 1606 629 tempore
1617 582 1729 628 sactae,
1744 583 1861 618 nullius
1872 585 1932 618 sint
1951 596 1997 619 ro-

1245 630 1328 665 boris
1344 631 1389 665 vel
1407 632 1568 673 momenti,
1580 631 1765 680 nullumque
1780 633 1885 674 alicui,
1902 634 1994 669 etlam

1246 680 1430 725 votor—aium,
1451 681 1591 717 tribuant
1614 682 1739 716 titulum
1764 683 1957 729 possidendi.

1293 731 1312 773 Ξ
1335 735 1366 765 5.
1391 730 1553 766 Praeterea
1576 732 1660 779 quod
1683 744 1719 766 ex
1744 732 1916 768 redditibus
1939 745 1996 780 ga-
2025 742 2136 780 Reddiws.
2157 749 2194 770 sa-

1246 779 1343 814 bellae
1366 781 1428 814 viui
1455 780 1587 816 sorensis
1610 781 1804 826 huiusmodi,
1827 791 1994 830 postquam
2010 775 2195 827 ῗξζΙζζῇζῖἶξοὶ-’ζῖ

1246 830 1397 865 lectorum
1422 830 1527 866 Studii
1551 831 1660 865 salaria
1688 832 1787 866 soluta
1810 833 1882 873 sint,
1907 833 1997 868 liceat
2011 837 2043 858 ΜΞ
2059 839 2167 864 ³⁵⁵⁵2¹³¹2

1246 880 1390 927 praefatis
1409 880 1733 925 conservatoribus,in
1746 894 1854 916 eorum
1872 890 1901 917 et
1917 884 1998 931 capi-

1245 939 1309 965 tum
1343 931 1506 977 regionum
1531 933 1769 977 magistratuum
1790 941 1934 967 ornatum
1966 941 1997 968 et

1244 981 1342 1016 decus
1364 982 1538 1021 dumtaxat,
1566 993 1628 1029 quo
1645 981 1784 1028 indigere
1808 991 1996 1027 noscuntur,

1244 1039 1273 1065 et
1297 1044 1357 1066 non
1381 1031 1566 1066 eorumdem
1590 1040 1844 1067 conservatorum
1867 1034 1998 1080 etcapi-

1245 1089 1309 1115 tum
1339 1082 1503 1128 regionum
1528 1082 1672 1129 proprios
1695 1094 1780 1123 usus,
1803 1083 1888 1117 iuxta
1911 1083 1997 1118 ordi-

1245 1131 1402 1166 nationem
1436 1144 1490 1178 per
1508 1139 1744 1166 conservatores
1766 1140 1795 1167 et
1818 1134 1918 1179 capita
1946 1145 1996 1168 re-

1243 1181 1372 1225 gionum
1401 1193 1436 1216 ac
1458 1181 1653 1216 consiliarios
1677 1181 1832 1228 praelatos
1859 1182 1998 1230 desuper

1244 1230 1430 1272 faciendam,
1454 1239 1573 1265 tantum
1597 1232 1760 1265 annuatim
1777 1244 1935 1279 exponere
1959 1232 1996 1267 ad

1243 1290 1396 1327 qnantum
1416 1281 1565 1316 medietas
1581 1293 1691 1316 corum
1709 1282 1923 1328 provisionum
1941 1295 1995 1317 scu

1242 1330 1426 1365 salariorum
1443 1330 1675 1366 ordinariorum
1696 1332 1869 1379 respective
1885 1344 1997 1368 ascen-

1241 1380 1299 1426 dit,
1321 1389 1351 1415 et
1374 1394 1434 1415 non
1464 1381 1553 1415 ultra.

1290 1432 1310 1475 ξ
1337 1432 1369 1465 6.
1394 1431 1431 1465 Et
1452 1431 1536 1478 quod
1554 1431 1677 1475 notarii,
1697 1432 1725 1465 in
1751 1431 1913 1467 matricula
1940 1445 1995 1468 no-

1243 1482 1391 1515 tariorum
1407 1480 1621 1515 Romanorum
1640 1494 1694 1528 pro
1711 1489 1852 1528 tempore
1875 1482 1996 1517 descri-

1243 1531 1298 1577 pii,
1315 1531 1352 1564 ab
1372 1531 1589 1565 observatione
1612 1544 1733 1575 eorum,
1749 1531 1875 1579 quaein
1900 1532 1996 1567 literis

1242 1581 1421 1627 apostolicis
1433 1581 1600 1615 erectionis
1614 1581 1735 1627 collegii
1749 1582 1904 1617 dictorum
1918 1583 1996 1618 scri-

1243 1639 1366 1677 ptorum
1383 1631 1511 1666 arcliivii
1527 1631 1690 1666 Romanae
1707 1630 1821 1666 Curiae
1834 1633 1997 1668 continen-

1242 1688 1302 1722 tur,
1321 1681 1423 1728 quoad
1441 1681 1523 1715 cives
1535 1681 1696 1716 Romanos
1710 1694 1930 1730 quoscumque
1946 1683 1997 1718 in-

1241 1738 1288 1765 ter
1309 1743 1343 1766 se
1363 1731 1596 1772 contrahentes,
1619 1731 1846 1779 sintexempti.

1289 1781 1309 1827 g
1338 1785 1369 1814 7.
1392 1780 1556 1815 Donamus
1579 1793 1707 1828 quoque
1725 1781 1843 1816 eisdem
1864 1794 1994 1817 conser-

1241 1830 1400 1865 vatoribus
1422 1838 1452 1865 et
1472 1830 1590 1878 populo
1619 1831 1648 1865 in
1672 1839 1872 1878 perpetuum,
1891 1832 1996 1879 gabel-

1241 1879 1300 1914 lam
1318 1893 1444 1915 omnem
1470 1881 1533 1915 vini
1563 1880 1696 1915 sorensis
1713 1881 1906 1922 huiusmodi,
1920 1895 1992 1917 cum

1240 1942 1335 1965 onere
1362 1930 1517 1971 solvendi,
1549 1931 1746 1978 temporibus
1761 1932 1934 1973 consuetis,
1955 1944 1993 1967 ex

1242 1980 1444 2026 proventibus
1466 1981 1567 2015 dictae
1589 1980 1741 2027 gabellac,
1764 1981 1875 2017 salaria
1902 1982 1994 2018 dictis

1240 2029 1409 2065 lectoribus
1437 2043 1494 2078 pro
1522 2039 1664 2078 tempore
1686 2030 1802 2073 debita,
1830 2044 1866 2067 ac
1894 2031 1994 2067 sacul-

1240 2091 1301 2119 tate
1330 2085 1492 2119 residuum
1518 2093 1727 2132 proventuum
1751 2085 1946 2127 eorumdem,
1963 2086 1992 2121 in

1239 2138 1358 2174 dictum
1387 2148 1545 2185 ornatum,
1567 2149 1594 2175 et
1613 2153 1788 2181 murorum,
1818 2147 1992 2188 portarum,

1238 2195 1496 2242 aquaeductuum
1519 2203 1548 2229 ct
1563 2195 1720 2243 pontium,
1739 2194 1879 2242 aliasque
1893 2195 1994 2230 dictae

1239 2248 1334 2284 Urbis
1349 2251 1552 2286 necessitates
1567 2262 1622 2297 pro
1638 2258 1780 2297 tempore
1797 2250 1992 2296 ingruentes,

1238 2304 1277 2339 de
1304 2317 1460 2340 consensu
1490 2304 1613 2340 consilii
1641 2303 1789 2350 Romani,
1816 2314 1847 2340 et
1871 2317 1931 2339 non
1961 2305 1991 2339 in

1238 2359 1316 2393 alios
1335 2372 1424 2404 usus,
1447 2359 1659 2395 convertendi.

1287 2415 1307 2461 ξ,
1329 2416 1361 2447 8.
1389 2414 1428 2449 Et
1447 2415 1575 2462 insuper
1590 2413 1716 2448 eosdem
1738 2413 1890 2460 populum
1922 2426 1993 2449 om·
2023 2425 2190 2462 cousemtqres

1238 2481 1358 2516 nesque
1380 2477 1412 2504 et
1429 2469 1572 2516 singulos
1586 2470 1688 2503 dictae
1704 2467 1800 2503 Urbis
1822 2468 1941 2503 incolas
1961 2475 1989 2503 et
2005 2456 2188 2514 &affluamu—

1238 2522 1430 2558 habitatores
1456 2535 1492 2559 ac
1519 2523 1595 2558 alios
1624 2523 1653 2556 in
1677 2521 1788 2557 eadem
1818 2522 1924 2568 Urbe,
1951 2522 1989 2558 ad

1238 2591 1330 2625 quam
1352 2578 1618 2623 eluistitidolium,
1640 2577 1679 2611 de
1702 2577 1856 2612 universis
1879 2577 1991 2612 mundi

1239 2633 1392 2680 partibus,
1416 2633 1564 2681 frequens
1586 2641 1631 2668 est
1655 2632 1685 2667 in
1714 2631 1782 2667 dics
1803 2644 1990 2677 concursus,

2023 1440 2121 1464 Notat-ios
2149 1441 2195 1465 tto-

2010 1480 2084 1496 manos
2099 1476 2170 1496 eximit
2182 1482 2194 1496 a

2010 1509 2105 1526 content.
2118 1507 2138 1526 in
2149 1506 2195 1527 tiul-

2011 1536 2030 1556 la
2046 1535 2092 1557 tutu
2108 1535 2140 1562 ll;

2008 1794 2117 1816 anettam
2149 1796 2192 1816 vini

2008 1827 2085 1854 populo
2101 1828 2172 1851 donat:
