2281 3251
222 279 272 306 An.
293 278 404 306 01815

240 929 350 950 clau-ulae
371 928 409 950 de-

228 964 354 990 regaturne.

470 265 540 299 658

422 333 545 378 singula
569 331 648 374 loca,
667 330 695 364 in
718 328 834 375 quibus
848 326 886 361 de
909 326 952 361 eis
973 326 1050 360 fides
1068 327 1170 360 soisan

424 381 562 416 facienda
591 380 679 414 soret
695 378 829 414 dnh-'rie
857 376 948 410 etiam
975 375 1120 410 volumus
1143 383 1171 409 et

423 431 479 465 dt<
485 442 624 465 eruimus
651 428 734 474 qnod
773 427 909 481 ipsarum
948 425 1173 471 transumptis,

424 492 516 514 manu
547 478 679 512 alicuius
702 476 810 510 notirii
829 474 944 521 publici
973 474 1173 520 subscriptis,

424 538 453 563 (t
475 528 578 573 sigillo
601 527 732 561 alicuius
755 525 881 572 praelati
905 523 950 558 xel
976 536 1127 570 personae
1143 524 1173 557 in

424 579 574 624 dignitate
597 576 806 611 ecclesiastica
829 574 1029 613 (onstitutae
1045 572 1175 607 antCu-

426 629 486 662 riae
508 626 736 661 ecclesiastieae
764 623 892 658 munitis
909 650 917 663 ,
953 623 981 657 in
1007 623 1123 657 iudicio
1145 632 1174 657 et

424 676 509 719 alibi,
523 675 713 721 ubicumque
733 686 814 720 opus
837 673 940 712 suerit,
959 672 1067 707 eadtm
1093 684 1177 719 pior-

425 739 479 761 sns
511 724 589 759 [ides
621 723 830 766 adhibeatur,
866 734 947 769 quae
975 721 1177 756 adhiberetur

425 775 541 810 eisdem
559 773 764 820 originalibus
786 772 896 814 literis,
915 772 941 807 si
964 771 1065 807 forent
1087 771 1177 806 exhi-

426 825 506 859 bitae
533 824 580 858 vel
603 832 754 858 ostensae.

473 874 493 921 g
516 876 571 908 17.
595 872 664 908 Non
688 871 887 907 obstantibus
913 871 952 906 de
973 879 1060 906 certo
1088 878 1176 905 nota-

426 924 541 959 riorum
563 934 707 962 numero,
730 922 822 956 etim]
846 921 870 955 si
899 921 935 956 ad
964 932 1036 956 eum
1059 920 1178 955 deven-

428 982 492 1008 tum
507 985 567 1008 non
587 973 638 1016 sit,
657 972 709 1006 cui
735 983 789 1018 per
807 970 866 1006 hoc
890 970 966 1005 alias
989 983 1050 1005 non
1075 970 1179 1004 inten-

426 1023 532 1058 dimus
553 1022 715 1068 derogare3
730 1033 765 1055 ac
780 1020 946 1067 quibusvis
961 1019 1178 1055 Cancellariae

426 1071 626 1119 Apostolicae
651 1070 778 1118 regulis,
794 1071 887 1105 etiam
903 1070 984 1105 circa
1008 1070 1179 1116 privilegia,

428 1122 655 1169 praerogativas
665 1130 695 1155 et
708 1120 924 1163 antelationes,
938 1119 1029 1155 editis
1044 1128 1073 1155 et
1087 1120 1178 1154 etiam

428 1184 484 1219 per
513 1183 712 1206 successores
735 1178 859 1204 nostros
883 1170 1062 1204 huiusmodi
1081 1169 1181 1204 eden—

427 1222 486 1262 dis3
506 1233 626 1255 necnon
643 1221 712 1267 piae
728 1220 895 1254 memoriae
908 1219 1063 1254 Bonifacii
1076 1219 1180 1266 Papae

428 1271 540 1314 octavi,
555 1270 603 1304 illa
619 1269 814 1317 praesertim,
829 1281 890 1316 qua
911 1276 1036 1304 caretur
1058 1281 1096 1303 ne
1111 1269 1181 1316 quis

427 1330 512 1355 extra
528 1333 615 1354 suam
632 1320 786 1354 cii-itatem
800 1327 829 1354 et
844 1319 958 1360 dioec.,
970 1318 1027 1353 nisi
1043 1319 1073 1352 in
1089 1319 1182 1353 certis

428 1370 567 1416 exceptis
581 1369 718 1412 casibus,
731 1377 760 1403 et
777 1368 882 1403 inillis
897 1368 976 1402 ultra
994 1380 1088 1402 unam
1105 1368 1182 1403 dize-

429 1429 519 1454 tama
539 1419 597 1452 tine
613 1430 687 1453 snae
702 1418 854 1453 dioecesis
876 1419 913 1452 ad
942 1417 1096 1452 iudicium
1113 1430 1183 1453 evo·

429 1480 529 1513 retur,
545 1481 600 1503 seu
618 1480 656 1502 ne
671 1468 790 1502 iudices
804 1480 820 1502 a
835 1467 918 1503 Sede
936 1467 1075 1515 deputati
1092 1480 1183 1514 prae-

428 1519 521 1559 dicta,
543 1527 629 1553 extra
652 1518 806 1552 civitatem
827 1525 857 1552 ct
879 1517 993 1558 dioec„
1013 1518 1042 1551 in
1066 1517 1183 1565 quibus

429 1568 567 1614 deputati
592 1567 718 1607 suerint,
742 1576 848 1602 eontra
872 1579 1093 1614 quoscumque
1107 1579 1183 1614 pro-

429 1618 553 1662 cedere,
580 1626 632 1653 ant
654 1617 706 1651 alii
734 1619 780 1652 vel
803 1616 872 1652 aliis
895 1617 978 1652 vices
1000 1629 1073 1652 suas
1096 1629 1184 1651 com-

429 1668 552 1702 mittere
565 1675 817 1714 praesumant;et
831 1667 870 1701 de
885 1666 1008 1701 duabus
1026 1666 1136 1701 diaetis
1153 1667 1182 1701 in

429 1718 562 1751 concilio
573 1717 709 1763 generali
723 1716 817 1758 edita;
831 1729 866 1751 ac
881 1716 1055 1751 Innocentii
1071 1717 1184 1763 quarti,

429 1765 643 1801 Romanorum
665 1766 854 1801 Pontificum
878 1767 970 1801 etiam
997 1767 1185 1813 praedeces-

427 1828 533 1850 sorum
561 1826 739 1851 nostrorum
753 1844 760 1857 ‚
776 1824 883 1851 eontra
904 1826 1081 1863 exemptos,
1104 1828 1185 1864 quae

428 1865 547 1912 incipit:
573 1867 719 1906 Volentes,
735 1874 763 1900 et
780 1865 945 1913 quibusvis
967 1865 1036 1900 aliis
1056 1874 1185 1913 aposto-

428 1914 510 1958 licis,
526 1928 646 1950 necnon
664 1924 725 1950 tam
751 1916 779 1949 in
807 1915 1067 1962 provincialibus,
1090 1928 1183 1962 quam

430 1964 634 2012 synodalibus
649 1965 793 1999 conciliis
809 1965 901 1999 editis
923 1964 1125 2011 generalibus
1138 1965 1184 1999 vel

430 2014 620 2060 specialibus
648 2014 927 2049 constitutionibus
954 2023 985 2049 et
1012 2014 1187 2049 ordinatio-

431 2064 538 2104 nihus3
565 2076 600 2099 ac
622 2063 744 2110 legibus
767 2063 984 2111 imperialibus
1004 2072 1034 2098 et
1050 2064 1187 2098 munici-

435 2117 571 2164 palibus;
600 2118 789 2165 statutisque
833 2125 863 2152 et
904 2117 1187 2153 consuetudinibus

434 2182 705 2219 quarumcumque
739 2172 899 2206 civitatum
927 2179 958 2207 et
985 2171 1124 2207 locorum
1153 2184 1187 2207 ac

434 2223 650 2271 ecclesiarum,
663 2226 754 2260 etiam
774 2226 1000 2261 cathedralium
1024 2234 1053 2261 et
1070 2234 1188 2260 metro-

435 2278 576 2325 politan„
605 2291 639 2314 ac
666 2281 942 2325 monasteriorum,
970 2280 1187 2327 hospitalium,

437 2333 619 2367 militiarum
643 2334 817 2369 etaliornm
843 2334 981 2369 locorum
999 2334 1188 2369 ecclesiasti-

438 2398 546 2421 corum
580 2396 609 2421 et
646 2388 792 2434 piorum,
827 2401 1001 2436 eorumque
1030 2388 1187 2423 Ordinum

437 2453 724 2489 quorumcumque,
746 2444 838 2478 etiam
868 2444 1058 2483 iuramento,
1079 2444 1190 2477 confir-

439 2495 577 2529 matione
591 2496 761 2543 apostolica
778 2497 823 2532 vel
845 2497 955 2544 quavis
970 2497 1116 2532 firmitate
1132 2497 1188 2532 alia

442 2549 617 2591 roboratis,
641 2563 762 2585 necnon
789 2552 972 2598 privilegiis,
1001 2551 1132 2587 indultis
1159 2560 1189 2586 et

439 2602 537 2639 literis
558 2605 747 2651 apostolicis,
769 2617 805 2640 ac
827 2606 1081 2654 quibuscumque
1099 2619 1190 2654 prae-

442 2657 605 2704 rogativis,
625 2659 886 2706 antelationibus,
909 2660 1110 2696 facultatibus
1137 2669 1189 2695 aut

1011 270 1089 294 unu
1093 269 1199 293 ,tmen
1227 268 1387 292 ROHANCM

1217 323 1485 371 descriptionibus
1499 331 1529 359 et
1546 324 1653 370 gratiis
1675 335 1691 358 a
1714 323 1798 359 Sede
1814 322 1972 370 praedicta

1217 375 1246 408 in
1271 385 1548 420 quorumcumque
1576 373 1794 414 commodum,
1822 385 1857 408 ac
1873 381 1973 416 motu,

1217 424 1347 459 scientia
1370 430 1399 457 et
1425 431 1578 470 potestate
1597 423 1750 457 similibus
1764 423 1973 470 etquibusvis

1216 474 1298 512 aliis,
1314 474 1406 507 etiam
1436 472 1549 507 totiens
1578 473 1725 520 quotiens
1754 473 1974 517 restitutoriis,

1219 522 1466 568 reintegratoriis
1482 549 1490 565 ,
1514 522 1783 568 ‹lei-ogatoriarnm
1813 522 1974 567 derogato-

1219 573 1273 607 riis
1309 571 1500 611 foi-northus,
1523 571 1762 611 efficacioribus,
1791 571 1974 606 efficacissi-

1219 622 1277 656 mis
1300 630 1328 655 et
1366 621 1523 664 insolitis,
1553 633 1588 656 ac
1610 633 1681 656 cum
1707 621 1798 668 plena
1827 621 1975 656 facultate

1221 671 1288 706 illas
1315 671 1465 706 latissime
1488 670 1676 705 extendendi
1699 670 1863 711 clausulis,
1897 671 1975 706 irri—

1220 721 1422 768 tantibusque
1435 720 1583 763 decretis,
1596 732 1632 755 ac
1651 733 1704 766 per
1717 720 1795 755 viam
1821 721 1909 767 legis,
1925 733 1977 755 or-

1220 770 1392 805 dinationis
1414 782 1450 805 ae
1472 770 1578 804 statuti
1600 770 1756 817 perpetui,
1779 782 1814 804 ac
1837 771 1917 816 pacti
1946 778 1977 805 et

1220 820 1358 866 stipulati
1381 821 1474 855 etiam
1487 847 1494 860 ,
1514 828 1545 853 ut
1564 819 1760 866 praefertur,
1778 827 1976 860 contractus,

1220 870 1353 917 aliisque
1369 870 1461 904 etiam
1474 870 1566 914 longe
1580 868 1810 904 efficacioribus
1825 869 1894 913 viis,
1908 881 1977 904 mo-

1221 919 1269 954 dis
1291 932 1326 954 ac
1347 920 1514 954 verborum
1535 919 1642 953 formis
1664 927 1694 953 et
1720 918 1871 954 clausulis
1897 930 1978 966 quo-

1223 969 1407 1011 modolibn,
1421 977 1451 1004 et
1473 982 1509 1004 ex
1527 968 1692 1016 quihusiis
1709 969 1801 1004 etiam
1827 968 1898 1003 fidei
1924 981 1978 1004 ea-

1223 1019 1368 1059 tholicae,
1381 1031 1417 1054 ac
1433 1019 1533 1065 magis
1546 1027 1573 1053 et
1594 1027 1888 1073 quantumcumque
1906 1019 1978 1066 piis,

1223 1069 1458 1115 urgentissimis
1472 1077 1501 1103 et
1523 1068 1750 1103 efficacissimis
1769 1080 1874 1103 causis
1889 1080 1978 1103 ema-

1225 1119 1305 1153 natis
1320 1128 1348 1153 et
1377 1119 1406 1153 in
1430 1118 1572 1153 suturnm
1591 1118 1778 1153 emanandis
1799 1117 1980 1165 quomodo—

1223 1168 1311 1213 libet,
1328 1168 1454 1215 qnibus,
1470 1169 1564 1203 etiam
1588 1169 1613 1202 si
1633 1168 1662 1202 in
1681 1168 1740 1203 illis
1761 1176 1909 1203 caveatur
1923 1180 1979 1203 ex-

1225 1230 1330 1265 presse
1345 1218 1430 1266 quod
1455 1218 1514 1253 illis
1537 1217 1729 1262 nullatenus,
1752 1218 1845 1252 etiam
1869 1217 1979 1252 conci-

1223 1268 1390 1303 storialitcr
1404 1267 1449 1302 vel
1463 1267 1550 1311 alias,
1566 1267 1595 1301 in
1612 1267 1718 1314 aliquo
1740 1267 1883 1314 derogari
1902 1279 1979 1314 pos-

1223 1318 1275 1357 sit,
1292 1330 1328 1352 ac
1344 1330 1399 1365 pro
1422 1317 1547 1352 illorum
1571 1317 1737 1352 sullicienti
1755 1317 1978 1363 derogatione,

1224 1367 1263 1402 de
1287 1367 1347 1401 illis
1379 1379 1554 1415 eorumque
1570 1367 1642 1402 totis
1663 1366 1836 1411 tenoribus,
1854 1378 1977 1401 necnon

1225 1417 1318 1451 certis
1334 1417 1531 1461 nominihus,
1546 1416 1791 1463 cognominibus
1807 1425 1837 1451 et
1852 1416 1922 1451 aliis
1935 1416 1979 1450 in-

1225 1466 1352 1501 dividua
1374 1478 1409 1502 ac
1436 1466 1475 1502 de
1498 1466 1592 1502 verbo
1615 1466 1652 1501 ad
1682 1466 1811 1502 verbum
1835 1473 1865 1501 et
1891 1465 1978 1500 litera

1225 1516 1262 1550 ad
1282 1516 1416 1557 literam,
1433 1516 1528 1551 nullis
1541 1516 1640 1562 signis
1665 1524 1718 1551 aut
1743 1514 1980 1551 characteribus

1227 1565 1274 1600 vel
1298 1566 1368 1601 aliis
1390 1566 1528 1607 omissis,
1545 1567 1664 1601 mentio
1686 1574 1715 1601 et
1737 1566 1900 1612 expressio
1923 1564 1980 1600 ha-

1226 1615 1342 1661 benda,
1359 1624 1411 1651 aut
1426 1616 1580 1664 exquisita
1596 1624 1625 1650 et
1641 1616 1786 1663 specialis
1803 1615 1901 1650 forma
1917 1627 1980 1650 ser-

1227 1666 1327 1701 vanda
1349 1674 1379 1701 et
1403 1667 1533 1701 insertio
1560 1665 1702 1701 facienda
1727 1665 1805 1701 soret
1822 1693 1830 1707 ‚
1854 1673 1980 1700 tenores

1226 1727 1262 1750 ac
1285 1716 1402 1757 omnia,
1417 1728 1499 1764 quae
1521 1716 1724 1763 exprimenda
1747 1715 1981 1760 essent,huius-

1227 1765 1312 1800 modi
1342 1765 1560 1813 praesentibus
1584 1778 1640 1813 pro
1666 1764 1859 1800 sufficienter
1879 1777 1915 1799 ac
1943 1764 1982 1799 de

1230 1814 1324 1850 verbo
1347 1815 1384 1850 ad
1406 1815 1536 1850 verbum
1552 1824 1583 1850 et
1605 1814 1724 1850 eisdem
1741 1814 1854 1859 modis,
1868 1813 1985 1861 quibus

1229 1865 1434 1912 exprimenda
1450 1872 1480 1900 et
1499 1864 1664 1900 inserenda
1696 1865 1808 1906 forent,
1825 1863 1985 1911 expressis

1229 1923 1258 1949 et
1287 1915 1412 1950 insertis
1439 1914 1611 1959 habentes,
1635 1914 1692 1949 hac
1720 1915 1786 1949 viee
1809 1913 1984 1955 dumtaxat,

1230 1964 1298 1999 illas
1320 1964 1398 1999 alias
1420 1964 1450 1998 in
1474 1976 1532 1999 suo
1548 1964 1660 2000 robore
1684 1964 1913 2010 permansuris,
1927 1962 1986 1998 ha-

1230 2026 1300 2048 rum
1324 2014 1430 2060 vigore
1457 2014 1638 2061 specialiter
1665 2025 1695 2048 et
1717 2025 1866 2061 expresse
1890 2013 1986 2048 dero-

1229 2076 1351 2109 gamns;
1368 2071 1398 2098 et
1421 2076 1501 2110 quae
1516 2077 1553 2099 ex
1568 2076 1601 2099 ea
1628 2071 1727 2111 parte,
1754 2075 1814 2110 qna
1840 2063 1916 2110 ipsis
1928 2061 1986 2097 ab·

1231 2117 1474 2162 breviatoribus,
1498 2117 1718 2166 praesentibus
1734 2125 1764 2152 et
1784 2117 1907 2158 suturis,
1932 2123 1987 2152 aut

1230 2171 1323 2206 alicui
1348 2185 1457 2207 eorum
1483 2172 1512 2206 in
1544 2171 1728 2219 praemissis
1752 2171 1797 2206 vel
1820 2171 1926 2218 aliquo
1948 2183 1985 2205 ex

1231 2227 1276 2262 eis
1301 2226 1536 2274 praeiudicent,
1558 2235 1611 2262 aut
1634 2226 1903 2274 praeiudicarent,
1929 2238 1985 2261 seu

1231 2281 1403 2329 aliquando
1427 2282 1456 2316 in
1479 2283 1618 2317 futurum
1635 2293 1762 2328 quoquo
1783 2280 1876 2316 modo
1895 2292 1987 2328 prae-

1234 2336 1373 2372 iudicare
1401 2345 1529 2384 possent
1556 2336 1602 2371 vel
1632 2336 1820 2377 videantur,
1855 2335 1987 2372 omnino

1233 2402 1434 2435 revocamus,
1462 2403 1624 2426 cassamus
1661 2399 1691 2426 et
1714 2389 1913 2425 annullamus
1949 2402 1986 2425 ac

1233 2445 1353 2480 viribus
1377 2457 1561 2487 vacuamus,
1585 2445 1768 2492 nulliusque
1791 2444 1914 2479 roboris
1938 2444 1986 2480 vel

1233 2500 1383 2534 momenti
1408 2512 1495 2541 esse,
1520 2512 1556 2535 ac
1583 2499 1732 2547 quotiens
1754 2497 1872 2545 aliquid
1895 2510 1989 2545 prae—

1232 2553 1338 2588 missis
1354 2554 1383 2588 ιιι
1405 2554 1511 2601 aliquo
1534 2554 1698 2599 obiiciens,
1721 2561 1773 2587 aut
1794 2553 1986 2588 contrarium

1233 2619 1288 2652 pro
1313 2616 1453 2654 tompore
1477 2620 1634 2649 emanare,
1651 2619 1800 2655 apparere
1816 2615 1868 2641 aut
1894 2620 1988 2654 repe-

1233 2661 1283 2695 riri
1297 2663 1473 2709 contigerit,
1484 2662 1739 2710 totiens‚absque
1750 2662 1910 2708 signatura
1926 2661 1985 2697 alia

1988 267 2038 294 Αιι.
2054 267 2084 294 C.
2106 267 2174 294 ¹515

2263 1431 2269 1452 :2
2261 1407 2268 1422 ἡ·
2256 1338 2271 1396 Δία
2254 1183 2271 1327 <-’ἑ“ε·Ἰᾼὶ’ἆο,
