2281 3251
86 295 134 321 An.
153 293 181 319 C.
195 293 262 320 ¹5¹5

325 345 345 393 g
373 347 404 379 l.
426 342 551 379 Dudum
564 342 734 390 siquidem,
750 354 785 377 ex
801 342 892 377 certis
909 355 1022 390 perne-

100 402 213 438 sammaa
238 408 261 422 e·
276 394 420 431 cessariis
441 394 555 433 causis,
580 400 664 427 motu
691 392 815 439 proprio
838 401 867 427 et
889 405 925 427 ex
939 402 1023 428 certa

77 436 263 491 lsslffllfff‘sslill
277 444 415 488 scientia,
430 442 585 491 hospitale
599 442 706 477 Sancti
721 442 824 476 lacobi
839 443 869 476 in
884 442 1022 489 Augusta

77 499 135 531 ‘9¹¹³
157 496 262 516 ⁰⁰¹¹⁵²l¹⁰·
277 494 315 529 de
336 492 422 528 Urbe
450 493 481 527 in
505 491 752 539 arcliiliospitale
775 500 804 526 et
838 501 933 539 eaput
955 505 1024 527 om-

78 531 142 547 um*
276 544 360 578 nium
375 542 576 589 hospitalium
588 554 760 589 pauperum
776 542 968 576 intirmorum
984 543 1023 576 in-

275 591 615 633 curabilitnn,ubilil›et
633 599 884 626 constructorum
905 599 935 626 et
953 604 1024 626 con-

274 641 508 682 struendorum,
537 642 696 677 ereximus
718 649 749 675 et
771 642 976 682 instituimus,
995 651 1025 676 et

275 692 315 726 illi
334 692 439 726 omnia
456 701 486 726 et
501 692 624 738 singula
643 691 784 725 instituta
801 691 1023 726 incurabilium

275 741 472 776 infirmorum
501 741 682 775 huiusmodi
719 741 886 787 hospitalia
912 741 1026 775 imme-

274 791 368 832 diate,
380 791 449 826 sine
467 799 569 825 tamen
584 791 706 825 illorum
722 790 927 837 praeiudicio,
943 790 1026 825 sub-

276 840 421 881 iecimus;
441 849 471 875 et
492 840 596 875 eidem
620 840 854 887 arcliibospitali
884 848 913 874 et
942 839 1026 874 illius

275 890 438 935 membris,
459 902 632 937 eorumque
658 889 882 932 confratribus,
904 897 980 923 tunc
995 897 1023 923 et

277 952 332 986 pro
349 950 489 986 tempore
502 940 724 984 existentibus,
739 949 769 974 et
783 940 813 973 in
829 939 1025 986 ipsisdegen·

276 989 361 1024 tibus
383 990 549 1037 personis,
580 1001 753 1036 eorumque
787 989 920 1035 singuiis
947 1000 1027 1022 non-

277 1039 378 1074 nullas
402 1039 613 1085 indulgentias
641 1047 669 1073 et
690 1046 888 1086 peccatorum
913 1038 1026 1072 remis-

276 1089 381 1123 siones
395 1088 516 1135 elargiti
532 1101 654 1129 sumus,
671 1096 762 1135 prout
776 1088 806 1122 in
825 1088 938 1122 nostris
953 1087 1024 1122 dein

278 1138 429 1173 confectis
451 1139 550 1173 literis
573 1138 699 1185 plenius
722 1138 914 1172 continetur.

326 1188 346 1235 S
367 1192 401 1222 2.
416 1187 497 1222 Cum
514 1196 617 1222 autem
633 1187 817 1222 eorumdem
832 1186 1024 1221 confratrum

89 1243 202 1270 limitati·
214 1249 264 1264 Εοτι-
278 1236 950 1284 arcltiliospitalishuiusmodiconquestione
961 1248 1028 1283 per-

80 1274 265 1333 iidiissiffiiiiiss
278 1287 458 1333 ceperimus
499 1286 581 1334 quod
606 1285 749 1321 nonnulli
777 1285 1026 1333 archiepiscopi,

79 1338 264 1389 f,¹³„⁸,{¹,¹¹¹'2{¹⁵⁰'‘0¹ssj
279 1336 417 1383 episcopi
464 1337 580 1382 aliique
614 1336 816 1370 eeclesiarum
842 1336 969 1382 praelati
998 1344 1027 1370 et

78 1404 165 1434 furitque
195 1400 263 1434 sern-
279 1385 380 1420 cleriei
409 1393 438 1420 et
462 1385 693 1420 ecclesiasticae
718 1397 879 1432 personae,
895 1392 956 1419 tam
979 1397 1028 1419 re-

79 1429 393 1482 }2{22‘”5⁵„⁰{2·„}{,]ligiosi,
424 1447 517 1482 quam
546 1435 739 1479 saeculares,
767 1447 889 1469 necnon
918 1435 1027 1475 duces,

80 1492 264 1528 emmim-¹¹⁰⁵·
280 1484 489 1529 marchiones,
505 1485 647 1529 comites,
662 1484 806 1528 barones,
819 1483 951 1524 nobiles,
968 1485 1028 1518 mi-

80 1522 149 1550 ⁹¹⁸³¹¹'
164 1522 236 1547 ¹²⁰¹¹¹¹³
280 1534 349 1568 lites
363 1541 392 1568 et
408 1534 490 1574 laici,
503 1534 684 1569 eommunia
707 1534 881 1573 civitatum,
908 1535 1029 1569 univer-

280 1584 418 1623 sitatum,
447 1583 650 1630 oppidorum,
678 1592 866 1627 castrorum,
886 1583 1027 1618 villarum

280 1641 309 1667 et
323 1633 455 1668 aliorum
474 1634 613 1668 locorum
631 1641 661 1667 et
677 1633 753 1668 aliae
768 1633 942 1679 singulares
956 1646 1028 1680 per-

281 1695 376 1717 sonae
399 1683 621 1718 nonnullarum
645 1683 818 1723 civitatum,
843 1683 1027 1718 dioecesum

279 1740 309 1766 et
332 1733 464 1780 partium
487 1731 681 1768 diversarum
713 1741 913 1779 occuparunt
929 1741 960 1767 et
976 1745 1030 1768 oc-

279 1782 386 1829 cupari
409 1782 550 1817 fecerunt
577 1791 690 1826 castra,
707 1782 794 1817 villas
818 1792 848 1817 et
872 1782 931 1817 alia
949 1782 1028 1826 loca,

279 1840 389 1874 terras,
412 1831 525 1867 domos
539 1840 569 1866 et
588 1832 814 1880 possessiones,
835 1832 914 1877 iura,
937 1833 1030 1867 iuris-

280 1880 445 1926 dictiones,
460 1893 582 1916 necnon
600 1881 733 1925 fruetus,
749 1882 891 1917 redditus
906 1889 935 1917 et
953 1894 1029 1929 pro-

281 1941 391 1967 ventus
405 1930 630 1967 beneficiorum
642 1931 945 1976 ecclesiastieorum,
957 1944 1029 1966 cum

280 1992 355 2016 cura
382 1989 412 2016 et
433 1982 502 2016 siue
529 1993 629 2026 cura,
656 1982 863 2016 saecularium
892 1990 923 2016 et
950 1994 1032 2029 quo-

283 2031 402 2065 rumvis
424 2029 582 2066 Ordinum
599 2031 806 2077 regularium,
829 2031 866 2066 ad
890 2032 1031 2066 arclnho·

281 2080 390 2127 spitale
413 2088 442 2115 et
462 2080 601 2115 membra
621 2081 818 2125 huiusmodi,
843 2081 1032 2129 illorumque

281 2134 448 2169 servitores
463 2142 494 2169 et
513 2134 589 2170 alias
611 2135 789 2170 saeculares
805 2142 834 2170 et
849 2134 1032 2183 quorumvis

282 2188 375 2223 etiam
403 2188 651 2224 Mendicantinm
679 2188 838 2224 Ordinum
874 2189 1034 2236 regulares

284 2254 436 2290 personas
457 2251 487 2278 et
510 2243 539 2278 in
565 2243 625 2278 illis
649 2255 704 2291 pro
728 2251 868 2290 tempore
883 2243 1034 2291 degentes

283 2298 454 2345 spectantia
469 2306 499 2333 et
514 2298 713 2346 pertinentia,
729 2306 759 2333 et
775 2310 809 2334 ea
829 2298 972 2333 detinent
986 2311 1034 2334 oc·

284 2360 408 2400 cupata,
424 2364 481 2388 seu
497 2364 532 2388 ea
551 2352 764 2388 detinentibus
779 2361 937 2400 praestant
951 2353 1036 2387 auxi-

285 2405 374 2447 lium,
388 2406 554 2442 consilium
572 2415 601 2442 et
619 2407 768 2449 satorem
785 2407 926 2442 nonnulli
941 2407 1033 2442 etiam

285 2459 447 2496 civitatum
463 2469 493 2496 et
514 2461 696 2496 dioecesum
720 2473 756 2496 ac
779 2462 911 2509 partium
943 2474 1035 2509 prae-

286 2513 459 2560 dictarum,
481 2515 535 2563 qui
559 2528 674 2550 nomeu
702 2515 832 2550 Domini
862 2516 890 2550 in
920 2528 1034 2551 vanum

287 2569 427 2616 recipere
450 2582 512 2605 non
537 2570 714 2614 formidant,
737 2569 856 2605 eisdem
870 2570 1035 2605 archilios-

288 2622 386 2670 pitali,
402 2624 563 2665 membris,
592 2623 799 2660 servitoribus
820 2632 851 2659 et
877 2624 948 2660 aliis
971 2636 1038 2672 per·

288 2678 374 2713 sonis
398 2677 592 2724 huiusmodi,
614 2691 709 2727 super
728 2678 898 2726 praedictis
915 2678 1036 2721 castris,

949 288 1011 312 LEO
1034 289 1055 311 Χ
1078 288 1126 310 PP-

1695 277 1765 310 645

1066 343 1146 377 villis
1161 350 1191 377 et
1211 343 1287 378 locis
1307 341 1438 390 aliisque
1456 341 1729 386 terris,domibus,
1744 354 1816 390 pos-

1065 391 1562 436 sessionibus,iurisdictionibus,
1574 391 1741 431 fructibus,
1751 392 1814 426 red·

1065 442 1350 483 ‹litibus,censibus
1359 450 1388 476 et
1404 442 1607 489 proventibus
1620 441 1814 481 eorumdem,

1065 504 1101 526 ac
1125 492 1214 526 bonis
1237 492 1409 527 mobilibus
1436 501 1466 526 et
1495 491 1725 532 immobilibus,
1749 492 1815 538 spi-

1067 541 1232 576 ritualibus
1253 550 1283 576 et
1312 541 1551 589 temporalibus,
1573 540 1708 588 aliisque
1722 541 1816 575 rebus

1066 591 1103 626 ad
1127 592 1388 639 arcliiliospitale,
1412 591 1569 634 membra,
1592 591 1758 625 servitores
1786 598 1816 625 et

1066 641 1141 676 alias
1165 653 1314 688 personas
1336 642 1364 675 in
1387 639 1631 687 arebiltospitale
1653 648 1683 675 et
1712 652 1813 675 mem—

1067 689 1131 725 bris
1146 690 1297 737 degentes
1312 690 1504 730 liuiusmodi,
1517 702 1572 737 pro
1588 698 1729 737 tempore
1743 701 1816 737 spe-

1066 740 1237 780 ctantibus,
1253 740 1443 787 multiplices
1460 740 1619 775 molestias
1640 747 1670 774 et
1685 739 1816 774 iniurias

1069 790 1207 824 inferunt
1234 798 1264 824 et
1287 791 1432 825 iacturas.

1115 840 1135 885 g
1158 842 1190 873 5.
1218 839 1323 881 Quare
1351 839 1521 875 confratres
1547 838 1695 885 praedicti
1725 837 1816 872 nobis
1843 853 2013 881 Supptiearuntq.

1067 888 1286 936 supplicarunt
1302 897 1347 934 ut,
1369 902 1441 924 eum
1471 888 1591 923 eisdem
1610 900 1645 923 ac
1660 888 1814 922 dictorum
1830 887 2016 942 ξζζυρζξμζζᾞζξ

1068 938 1302 979 membrorum,
1333 938 1545 986 praesentium
1573 946 1602 972 et
1636 937 1815 973 futurorum
1831 948 1899 967 sione-

1068 988 1286 1029 confratribus,
1309 989 1460 1036 syndieis,
1473 987 1671 1032 custodibus,
1685 987 1817 1022 servito-

1069 1037 1159 1072 ribus
1181 1046 1210 1072 et
1238 1038 1382 1085 personis
1405 1037 1493 1072 valde
1522 1037 1672 1072 reddatur
1689 1037 1817 1072 difficile

1069 1100 1124 1134 pro
1152 1087 1286 1133 singulis
1308 1087 1444 1134 querelis
1463 1087 1499 1121 ad
1516 1086 1631 1121 Sedem
1655 1086 1818 1133 Apostoli-

1068 1149 1134 1171 eam
1150 1137 1265 1171 babere
1282 1149 1458 1181 recursum,
1475 1136 1639 1184 providere
1661 1138 1707 1171 eis
1721 1148 1818 1184 super

1068 1186 1128 1220 hoe
1151 1195 1277 1233 paterna
1300 1186 1459 1232 diligentia
1483 1198 1676 1221 curaremus.

1117 1236 1137 1283 S
1164 1238 1195 1270 4.
1219 1235 1283 1271 Nos
1311 1236 1404 1283 igitur
1427 1236 1575 1270 adversus
1597 1243 1816 1283 occupatores,
1845 1248 1882 1270 nie
1898 1249 1945 1269 meo
1960 1247 2016 1269 ron-

1068 1285 1272 1325 detentores,
1301 1293 1574 1333 praesumptores,
1602 1285 1817 1320 molestatores
1832 1281 2016 1333 {jfffiffigffmjorff

1069 1344 1098 1369 et
1129 1336 1329 1370 iniuriatores
1360 1335 1569 1375 huiusmodi,
1598 1335 1651 1370 illo
1678 1334 1818 1370 volentes
1832 1328 1965 1379 rectione'et
1983 1345 2016 1380 vj·

1069 1384 1188 1419 eisdem
1204 1384 1454 1432 arcliiliospitali,
1470 1384 1620 1419 membris
1633 1392 1663 1420 et
1678 1384 1820 1432 personis
1834 1378 1949 1431 ῗὲῐὲζζῗηᾞ,
1964 1378 2020 1431 ἓῗζῖ

1070 1435 1100 1468 in
1123 1435 1168 1469 eis
1190 1434 1380 1482 degentibus
1402 1447 1437 1470 ac
1466 1434 1669 1469 servitoribus
1682 1434 1820 1470 remedio
1835 1436 2020 1488 ¹‘¹,¹⁰S‘”,{'‹',4‘’¹<',¹}¹2¹0¹1

1069 1483 1251 1528 subvenire,
1266 1497 1321 1531 per
1332 1484 1417 1531 quod
1443 1484 1584 1531 ipsorum
1601 1492 1820 1532 compescatur
1834 1472 1897 1519 iicaee
1909 1472 2019 1518 inuictis.-

1071 1534 1241 1574 temeritas,
1265 1542 1295 1568 et
1318 1534 1385 1568 aliis
1406 1533 1509 1568 aditus
1536 1534 1648 1569 similia
1671 1534 1821 1569 commit·
1836 1531 1857 1549 ²⁹
1873 1528 1970 1550 ⁵⁰⁶¹⁵ffl³

1071 1583 1155 1618 tendi
1181 1583 1417 1630 praecludatur,
1445 1583 1636 1622 confratres,
1658 1583 1818 1632 syndicos,

1071 1634 1408 1677 custodes,sert·itores
1422 1644 1458 1667 ac
1471 1645 1620 1680 personas
1628 1632 1822 1677 huiusmodi,

1071 1692 1101 1718 et
1120 1695 1228 1717 eorum
1252 1683 1407 1729 singulos,
1422 1695 1437 1716 a
1452 1683 1617 1729 quibusvis
1636 1695 1823 1718 excommu-

1073 1733 1250 1776 nicationis,
1273 1733 1490 1779 suspensionis
1505 1741 1535 1767 et
1557 1733 1712 1768 interdicti
1736 1733 1822 1767 aliis-

1071 1795 1132 1830 que
1154 1782 1380 1817 ecclesiasticis
1405 1783 1590 1822 sententiis.
1622 1783 1766 1817 censuris
1793 1790 1823 1816 et

1073 1833 1193 1879 poenis,
1212 1845 1229 1867 a
1258 1833 1325 1866 iure
1354 1832 1399 1866 vel
1428 1832 1466 1866 ab
1493 1831 1760 1880 homine,quavis
1776 1843 1823 1866 oc-

1071 1882 1196 1917 casione
1213 1882 1259 1916 vel
1282 1894 1375 1916 causa
1397 1882 1478 1922 latis,
1501 1883 1526 1916 si
1550 1882 1667 1928 quibus
1681 1893 1824 1930 quomo-

1072 1931 1191 1967 dolibet
1207 1932 1345 1967 innodati
1361 1932 1512 1970 existunt,
1524 1931 1559 1966 ad
1577 1932 1722 1966 effectum
1739 1943 1825 1978 prae-

1072 1982 1208 2016 sentium
1232 1981 1394 2016 dumtaxat
1421 1981 1696 2028 consequendum,
1713 1981 1821 2015 barum

1073 2032 1154 2066 serie
1175 2031 1375 2066 absolventes
1397 2039 1426 2065 et
1455 2031 1616 2066 absolutos
1649 2030 1715 2065 fore
1741 2042 1825 2065 cen-

1073 2089 1190 2122 sentes,
1213 2080 1397 2116 huiusmodi
1420 2080 1706 2128 supplicationibus
1730 2079 1825 2115 incli-

1075 2135 1150 2180 nati,
1165 2135 1423 2183 arcbiliospitale,
1448 2134 1589 2169 membra
1603 2142 1633 2169 et
1657 2134 1687 2169 in
1707 2134 1753 2169 eis
1769 2133 1824 2169 de-

1074 2198 1185 2236 gentes
1211 2202 1372 2237 personas,
1400 2189 1534 2224 durante
1555 2188 1695 2234 servitio,
1707 2197 1736 2224 et
1752 2196 1823 2224 actu

1076 2244 1105 2278 in
1146 2243 1390 2291 arcliiliospitale
1423 2251 1453 2278 et
1482 2242 1631 2278 membris
1658 2241 1826 2290 praedictis

1075 2298 1289 2334 deservientes
1312 2296 1506 2342 huiusmodi,
1529 2305 1709 2344 praesentes
1724 2305 1754 2332 et
1780 2295 1826 2331 su-

1077 2362 1176 2397 turos,
1198 2365 1232 2388 ac
1254 2364 1361 2387 eorum
1385 2351 1538 2398 singulos,
1567 2351 1773 2399 ipsorumque
1795 2358 1825 2386 et

1076 2408 1243 2443 cuiuslibet
1266 2408 1406 2455 ipsorum
1430 2406 1581 2441 beneficia
1601 2405 1824 2449 ecelesiastica,

1077 2463 1170 2498 etiam
1183 2463 1208 2498 si
1225 2462 1429 2497 canonicatus
1452 2468 1482 2495 et
1498 2460 1707 2507 praebendae,
1720 2459 1826 2507 digni-

1078 2525 1167 2557 tates,
1191 2523 1387 2564 personatuS,
1410 2513 1700 2549 administrationes
1715 2514 1760 2548 vel
1784 2512 1826 2548 of-

1079 2572 1147 2606 licia
1162 2572 1191 2606 in
1208 2568 1450 2609 cathedralibus,
1463 2569 1554 2603 etiam
1565 2567 1826 2615 metropolitanis,

1078 2633 1129 2660 aut
1151 2623 1333 2670 collegiatis,
1349 2630 1378 2657 et
1392 2622 1560 2669 dignitates
1574 2622 1659 2669 ipsae
1677 2622 1706 2656 in
1719 2621 1826 2656 catlie-

1078 2679 1228 2722 dralibus,
1242 2677 1334 2712 etiam
1361 2677 1618 2724 metropolitanis,
1635 2684 1704 2723 post
1720 2675 1826 2723 ponti-

1829 286 1878 314 Λα.
1896 286 1925 314 C.
1945 287 2012 315 tutti
