2281 3251
257 299 309 328 λιι.
327 301 357 328 C.
371 301 436 328 {tm

262 1046 299 1068 nic
311 1047 372 1068 modo
384 1046 439 1068 Pon-

253 1079 304 1100 tifex
315 1079 408 1099 declar-ut
419 1084 439 1099 ο-

253 1116 276 1131 0!
293 1112 354 1131 dietis
369 1111 439 1131 inilul—

252 1143 278 1162 Νι
297 1142 396 1167 gaudere,

506 282 575 316 772

456 347 595 382 vassallis
617 355 646 381 et
677 343 882 380 servitoribus
923 355 959 377 ae
999 343 1209 387 monasteriis,

456 397 603 431 domibus
638 404 668 430 et
694 395 762 429 aliis
793 393 891 436 locis,
915 393 999 439 quod
1024 393 1207 427 huiusmodi

457 446 657 483 inhibitione,
681 443 838 482 mandato,
868 443 1084 488 susceptione,
1103 454 1210 476 exem-

456 497 576 542 ptione,
599 495 780 528 liberatione
804 502 833 527 et
849 492 997 529 decretis,
1013 504 1047 526 ac
1063 491 1132 525 aliis
1148 493 1209 538 pri-

455 545 593 590 vilegiis,
623 542 897 581 immunitatilms,
929 541 1207 581 concessionibus,

453 595 560 640 gratiis
582 603 611 628 et
634 592 764 627 indultis
799 603 834 626 ac
858 591 1064 637 indulgentiis
1082 599 1112 625 et
1136 603 1209 637 pec-

453 653 593 678 catorum
623 641 882 681 remissionibus,
918 640 1031 675 Ordini
1066 652 1102 675 ac
1125 641 1208 675 illius

453 693 631 732 abbatibus,
649 691 993 739 prioribus,monacbis
1008 698 1037 725 et
1054 691 1207 737 personis,

455 754 576 777 necnon
605 742 820 780 monasteriis,
848 739 1037 787 prioratibus
1070 747 1101 774 et
1132 739 1208 774 locis

455 791 622 838 praedictis
656 803 691 826 ae
719 803 827 826 eorum
856 789 997 824 ecclesiis
1024 791 1206 829 concessis,

453 841 590 886 gaudere
619 840 751 888 possint,
776 847 931 887 perpetuo
952 839 1139 880 concedere,
1172 850 1208 873 ac

453 891 528 925 alias
557 892 586 925 in
618 891 798 937 praemissis
827 898 1004 936 opportune
1033 889 1206 935 providere,

452 940 491 975 de
515 941 707 986 benignitate
729 939 900 987 apostolica
923 939 1136 984 dignaremur.

502 990 522 1037 S
550 992 582 1024 6.
606 989 670 1024 Nos
699 990 804 1035 igitur,
827 989 881 1036 qui
900 988 1116 1035 religiosarum
1136 1000 1208 1034 per-

453 1052 602 1075 sonarum
626 1039 851 1087 quarumlibet,
880 1039 1062 1085 praesertim
1086 1037 1146 1072 sub
1164 1051 1209 1073 re·

454 1089 615 1136 gularibus
634 1090 754 1124 militiis
777 1102 832 1136 pro
847 1088 1033 1123 defensione
1056 1087 1208 1123 christia—

454 1152 511 1174 nae
531 1140 601 1174 fidei
623 1139 850 1183 insudantium,
874 1138 955 1172 felici
971 1138 1147 1181 successui,
1164 1138 1207 1171 in-

453 1189 616 1224 demnitati
651 1197 681 1224 et
707 1189 829 1236 quieti,
862 1196 1014 1235 quantum
1043 1199 1115 1222 cum
1140 1187 1206 1222 Deo

455 1251 640 1286 possumus,
675 1238 810 1273 libenter
837 1237 1051 1281 consulimus,
1074 1237 1206 1284 priores,

454 1297 686 1335 praeceptores,
709 1288 836 1329 milites,
865 1287 976 1322 fratres
997 1295 1028 1321 et
1056 1298 1206 1333 personas

454 1337 608 1385 praelatos
629 1350 665 1373 ac
693 1350 802 1373 corum
832 1337 975 1383 singulos
998 1348 1014 1371 a
1042 1335 1207 1383 quibusvis

453 1388 802 1431 excommunicationis,
825 1386 1048 1433 suspensionis
1060 1393 1090 1420 et
1108 1385 1206 1420 inter-

453 1436 527 1472 dicti
557 1439 688 1485 aliisque
702 1436 924 1472 ecclesiasticis
945 1434 1121 1480 sententiis,
1136 1447 1207 1469 cen-

453 1487 534 1522 suris
543 1488 730 1534 ctpoenis,a
747 1487 812 1521 iure
828 1485 873 1520 vel
890 1485 929 1520 ab
941 1485 1082 1530 bomine,
1096 1485 1206 1532 quavis

453 1537 618 1572 occasione
641 1536 688 1571 vel
711 1548 803 1571 causa
832 1535 912 1575 latis,
935 1535 960 1569 si
984 1534 1100 1582 quibus
1123 1546 1207 1582 quo-

453 1586 627 1621 modolibet
650 1586 789 1621 innodati
818 1586 967 1626 existunt,
998 1584 1035 1618 ad
1058 1584 1204 1619 effectum

455 1637 669 1682 praesentium
687 1635 848 1671 dumtaxat
864 1633 1139 1682 consequendum,
1155 1634 1207 1668 ba-

455 1697 521 1720 rum
550 1687 631 1721 serie
656 1685 855 1721 absolventes
883 1693 912 1719 et
943 1684 1106 1719 absolutos
1142 1683 1206 1718 fore

454 1745 632 1776 censentes,
647 1735 829 1770 buiusmodi
854 1733 1141 1781 supplicationibus
1155 1733 1207 1767 in-

453 1784 571 1825 clinati,
586 1786 704 1820 eisdem
723 1785 872 1831 magistro
884 1796 938 1819 seu
949 1783 1206 1827 administratori,

455 1846 510 1880 pro
533 1842 678 1882 tempone
698 1835 857 1874 existenti,
877 1833 1048 1881 prioribus,
1077 1845 1206 1879 praece-

455 1884 608 1930 ptoribus,
637 1883 801 1929 militibus,
828 1883 975 1918 fratribus
997 1892 1026 1918 et
1049 1882 1118 1917 aliis
1141 1895 1208 1929 per-

453 1935 542 1968 sonis
563 1934 666 1969 dictae
685 1934 825 1978 militiae,
853 1932 1043 1980 illorumque
1065 1931 1208 1967 vassallis

452 1990 483 2017 et
495 1984 818 2027 servitoribus,etiam
836 1995 891 2030 pro
913 1990 1054 2029 tempore
1069 1982 1207 2017 existen-

453 2032 548 2076 tibus,
564 2045 599 2068 ac
622 2033 764 2069 eiusdem
789 2033 918 2068 militiae
939 2032 1078 2067 virorum
1100 2039 1206 2066 etmu—

454 2081 567 2118 lierum
594 2083 806 2123 monasteriis,
823 2081 970 2117 domibus
984 2089 1013 2116 et
1036 2081 1114 2115 locis
1127 2081 1206 2119 aliis,

452 2147 488 2171 ac
517 2137 546 2171 in
575 2137 720 2173 districtu
752 2149 862 2172 eorum
885 2144 916 2171 et
944 2135 1084 2170 dominio
1108 2135 1207 2182 ipsius

454 2191 581 2227 militiae
604 2192 853 2228 consistentibus
880 2190 1032 2235 ecclesiis,
1056 2202 1207 2237 praesen-

454 2245 538 2285 tibus
565 2255 595 2282 et
623 2247 757 2288 suturis,
784 2255 818 2281 ut
850 2246 889 2281 de
918 2253 1022 2281 cetero
1047 2245 1208 2292 perpetuis

453 2299 568 2335 suturis
603 2301 799 2349 temporibus
825 2300 1026 2344 inhibitione,
1048 2298 1207 2343 mandato,

453 2355 667 2402 susceptione,
687 2356 899 2403 exemptione,
922 2353 1120 2397 liberatione,
1135 2353 1209 2388 sub-

454 2409 588 2445 iectione
624 2418 654 2445 et
687 2410 822 2446 decretis
852 2422 887 2445 ac
914 2409 1014 2444 literis
1038 2408 1206 2456 praedictis

453 2472 483 2498 et
505 2463 575 2498 aliis
589 2465 618 2498 in
635 2464 753 2499 eisdem
775 2464 872 2499 literis
893 2463 1063 2504 contentis,
1083 2475 1205 2497 necnon

452 2518 601 2553 omnibus
624 2527 656 2554 et
677 2519 811 2565 singulis
830 2518 1010 2566 privilegiis,
1032 2517 1208 2553 concessio-

453 2572 545 2608 nibus
562 2601 570 2613 ,
595 2574 863 2618 immunitatibus,
886 2573 993 2619 gratiis
1016 2581 1047 2608 et
1075 2571 1206 2606 indultis

451 2638 487 2662 ac
503 2627 718 2675 indulgentiis,
735 2629 826 2664 etiam
844 2627 1063 2675 spiritualibus
1078 2634 1107 2661 et
1124 2634 1203 2661 tem-

452 2682 633 2728 poralibus,
659 2695 695 2718 ac
731 2690 929 2730 peccatorum
967 2680 1206 2718 remissionibus

1043 286 1232 311 annuum
1258 287 1423 311 nonum

1249 341 1334 376 dicto
1357 340 1468 376 Ordini
1493 340 1640 388 illiusque
1665 340 1853 387 abbatibus,
1883 342 2003 390 priori-

1251 396 1320 439 bus,
1350 395 1514 430 monacbis
1536 403 1568 430 et
1591 396 1749 442 personis,
1772 409 1893 432 necnon
1917 397 2002 433 viro-

1250 464 1318 485 rum
1329 461 1357 486 et
1368 450 1534 485 mulierum
1550 451 1760 495 monasteriis,
1775 451 1962 498 prioratibus
1974 460 2003 486 et

1250 504 1328 539 loeis
1350 516 1384 539 ac
1410 504 1533 538 illorum
1549 504 1704 548 ecclesiis,
1717 517 1771 551 per
1782 505 1898 540 Sedem
1915 517 2004 553 prae-

1249 558 1362 593 dictam
1401 566 1431 592 et
1458 557 1533 592 alias
1561 558 1799 605 quomodolibet
1828 559 1857 594 in
1887 572 2002 606 genere

1249 613 1409 647 concessis
1424 613 1575 647 hactenus
1589 621 1618 646 et
1632 612 1662 646 in
1679 620 1839 660 posterum
1858 613 2003 649 similiter

1249 666 1278 700 in
1292 678 1408 712 genere
1423 666 1647 707 concedendis,
1662 667 1791 714 perinde
1809 680 1844 703 ac
1859 668 1883 702 si
1908 669 2000 703 etiam

1248 722 1375 757 militiae
1402 734 1438 757 ae
1471 722 1554 757 illius
1582 722 1732 769 magistro
1767 734 1821 758 seu
1858 722 2003 758 admini-

1248 776 1390 817 stratori,
1414 775 1686 824 praeceptoribus,
1708 776 1874 822 militibus,
1889 778 2002 825 priori-

1248 830 1321 875 bus,
1343 830 1491 865 fratribus
1518 839 1548 865 et
1570 830 1640 865 aliis
1663 831 1819 878 personis,
1841 845 1877 867 ac
1891 845 1999 868 eorum

1249 884 1387 918 vassallis
1410 892 1440 919 et
1455 884 1675 925 servitoribus,
1691 898 1814 921 necnon
1838 895 2001 923 monaste-

1250 939 1314 983 riis,
1337 938 1486 974 domibus
1512 948 1541 973 et
1571 938 1668 980 locis,
1697 951 1872 987 eorumque
1905 953 1940 976 ac
1968 941 2000 976 iu

1249 993 1348 1040 ipsius
1367 994 1495 1028 militiae
1518 993 1659 1029 districtu
1675 1006 1732 1029 seu
1755 994 1897 1030 dominio
1924 1007 2003 1030 con-

1248 1048 1434 1083 sistentibus
1456 1048 1600 1084 ecclesiis
1622 1049 1802 1084 huiusmodi
1823 1050 2003 1097 specialiter

1249 1103 1368 1138 indulta
1397 1111 1427 1138 et
1448 1115 1599 1138 concessa
1627 1103 1778 1148 fuissent,
1806 1105 1868 1149 uti,
1891 1105 2003 1152 potiri,

1247 1157 1385 1204 gaudere
1408 1157 1504 1192 libere
1522 1165 1553 1192 et
1575 1158 1659 1192 licite
1683 1158 1814 1192 valeant.

1297 1212 1317 1259 g
1340 1215 1371 1246 7.
1399 1211 1529 1247 Necnon
1553 1212 1703 1247 omnibus
1722 1213 1888 1260 utriusque
1906 1226 2004 1250 sexus

1247 1266 1518 1311 christifidelibus,
1541 1268 1594 1313 qui
1624 1267 1889 1302 monasteriorum
1913 1268 2003 1304 eius-

1247 1320 1320 1356 dem
1336 1321 1463 1356 militiae
1487 1321 1699 1368 praesentium
1723 1329 1754 1356 et
1777 1321 1952 1357 futurorum
1967 1335 2004 1358 ac

1249 1375 1277 1409 in
1302 1375 1402 1422 ipsius
1429 1375 1573 1410 districtu
1601 1383 1631 1410 et
1666 1375 1809 1410 dominio
1837 1388 1893 1423 pro
1921 1384 2004 1412 tem-

1248 1441 1323 1477 pore
1349 1429 1598 1464 consistentibus
1625 1429 1776 1464 ecclesias
1798 1428 1909 1465 devote
1932 1430 2005 1465 visi-

1248 1484 1390 1525 taverint;
1406 1496 1442 1518 ac
1461 1496 1517 1531 pro
1541 1483 1782 1518 manutentione
1801 1484 2003 1519 monasterio-

1247 1552 1316 1575 rum
1350 1547 1381 1574 et
1416 1539 1622 1574 ecelesiarum
1663 1538 1848 1573 huiusmodi
1889 1551 2004 1575 manus

1246 1594 1416 1629 adiutrices
1444 1593 1661 1640 porrexerint,
1697 1602 1725 1628 et
1754 1592 1811 1627 alia
1840 1592 1870 1627 in
1905 1593 2004 1628 literis

1248 1648 1514 1695 indulgentiarum
1543 1647 1745 1683 Cisterciensi
1779 1646 1890 1682 Ordini
1924 1659 2004 1682 con-

1247 1704 1344 1739 cessis
1363 1711 1394 1738 et
1415 1702 1628 1738 concedendis
1647 1701 1828 1736 buiusmodi
1845 1709 2004 1747 contenta,

1248 1758 1331 1793 iuxta
1355 1766 1497 1793 tenorem
1528 1756 1665 1800 illarum,
1687 1755 1942 1802 adimpleverint,
1970 1763 2004 1790 ut

1248 1812 1317 1848 illas
1345 1812 1556 1859 indulgentias
1590 1819 1620 1846 et
1655 1818 1856 1857 peccatorum
1889 1809 2004 1845 remis-

1248 1867 1366 1907 siones,
1389 1878 1468 1913 quas
1494 1872 1737 1912 consequuntur
1763 1864 1925 1899 visitantes
1947 1875 2002 1899 ec-

1247 1921 1359 1956 clesias
1382 1920 1648 1955 monasteriorum
1666 1927 1696 1954 et
1711 1918 1844 1954 aliorum
1860 1919 2001 1954 locorum

1248 1974 1470 2010 Cisterciensis
1496 1973 1628 2009 Ordinis
1652 1973 1846 2014 huiusmodi,
1863 1985 1919 2021 pro
1936 1973 2004 2021 qui-

1249 2029 1308 2064 bus
1331 2029 1546 2075 indulgentiae
1567 2036 1598 2063 et
1621 2037 1819 2075 peccatorum
1844 2028 2003 2062 remissio-

1249 2097 1304 2120 nes
1339 2083 1518 2132 praedictae
1547 2094 1716 2118 concessae
1745 2082 1945 2129 reperiuntur
1971 2090 2001 2117 et

1249 2139 1479 2179 conceduntur,
1497 2146 1529 2172 ut
1547 2137 1731 2185 praefertur,
1754 2145 2002 2184 consequantur,

1248 2195 1433 2230 auctoritate
1451 2192 1636 2240 apostolica,
1649 2200 1757 2227 tenore
1775 2191 2000 2239 praesentium,

1249 2249 1287 2284 de
1314 2248 1441 2297 speciali
1465 2247 1562 2294 gratia
1585 2246 1793 2282 concedimus
1829 2253 1859 2280 et
1887 2245 2001 2292 pariter

1250 2303 1464 2350 indulgemus.
1488 2301 1705 2338 Decernentes
1721 2301 1845 2336 irritum
1860 2309 1890 2336 et
1909 2301 2000 2335 inane

1249 2358 1402 2405 quidquid
1427 2369 1524 2405 super
1547 2356 1731 2404 praemissis
1749 2363 1802 2391 aut
1817 2367 1927 2390 eorum
1948 2354 2001 2389 ali-

1248 2421 1444 2460 quo,contra
1474 2413 1658 2458 magistrum
1682 2423 1737 2446 seu
1766 2410 2002 2445 administrato-

1249 2480 1332 2508 rem,
1357 2468 1498 2515 priores,
1522 2473 1761 2514 praeceptores,
1785 2464 1911 2509 milites,
1940 2463 2002 2498 sra-

1250 2531 1333 2568 tres,
1357 2534 1529 2570 personas,
1559 2521 1729 2566 vassallos,
1756 2520 1942 2563 servitores,
1965 2530 2001 2554 ac

1283 2605 1322 2640 (t)
1343 2603 1461 2632 Adverte
1477 2602 1548 2638 quod
1570 2604 1709 2629 revocatae
1725 2605 1788 2628 sunt
1811 2599 1999 2635 indulgentiae,

1248 2658 1296 2684 pro
1315 2650 1413 2684 quibus
1439 2647 1611 2683 porrigendae
1630 2650 1692 2674 sunt
1709 2653 1801 2673 manus
1816 2645 1969 2677 adiutrices‚
1986 2652 2000 2671 ι

1247 2693 1293 2721 Pio
1315 2694 1345 2722 V.

2017 284 2068 313 Αιι.
2085 284 2115 312 C.
2131 285 2197 314 {8¹1

2026 1232 2051 1254 m
2061 1234 2124 1255 eitun
2133 1232 2203 1255 ludul-

2018 1265 2096 1292 zentii·
2111 1264 2147 1293 (1).
