2281 3251
490 252 535 284 58

438 316 592 363 derogare
613 315 852 363 quomodolibet
873 323 1016 361 possunt.
1033 313 1114 349 Cum
1134 313 1192 359 igi-

439 374 487 400 tur
517 366 574 400 viri
611 365 812 401 ecclesiastici
848 365 886 399 ad
923 374 1009 399 actus
1046 362 1190 410 publicos

439 416 483 450 rel
508 416 643 463 privatos
667 425 826 458 vocantur,
848 427 918 449 cum
943 414 1008 447 suis
1029 411 1190 459 qualitati-

438 465 496 499 bus
514 478 548 500 ac
569 465 792 512 praerogatixis
811 463 849 497 ab
867 462 1008 498 Ecclesia
1036 461 1189 496 institutis

436 515 558 549 admitti
587 515 712 549 dehent.
737 514 814 548 Nam
842 521 872 547 et
904 520 1010 546 contra
1041 511 1189 544 honesta·

437 572 498 598 tem
537 564 693 610 politicam
736 572 766 597 et
802 561 988 596 univer-alis
1028 560 1188 594 Ecclesiae

438 615 574 660 politiam
602 621 630 647 et
661 614 689 646 in
718 611 925 659 opprobrium
955 609 1187 644 ecclesiasticae

436 663 620 709 disciplinae
657 670 812 707 tergeret,
847 661 871 693 si
910 661 938 693 in
971 659 1083 706 quovis
1117 667 1186 693 actu

436 712 591 746 diaconus
614 712 842 758 presbyterum,
866 708 911 743 vel
937 708 1099 755 presbyter
1118 708 1188 754 epi-

436 773 581 808 scopum,
603 771 653 795 aut
677 761 847 806 episcopus
870 758 1077 805 patriarcham
1103 769 1189 804 prac-

436 811 570 845 cederet.
595 810 758 844 Praeterea
783 810 812 842 in
837 807 1012 842 canonibus
1033 807 1186 852 scriptun}

436 868 482 893 est
500 871 761 906 unumquemque
777 859 806 892 in
824 857 958 903 collegio
977 857 1023 891 vel
1039 855 1188 901 capitulo,

436 910 519 944 iuxta
547 921 621 943 suae
645 908 836 955 receptionis
863 916 1000 953 tenipus,
1028 906 1188 939 honoran-

434 959 508 993 dum
536 970 618 1002 esse,
640 966 669 992 et
697 957 794 1003 quod,
816 957 840 991 si
859 965 965 1003 postea
993 955 1109 1002 ultqnsss
1131 954 1187 988 ail-

435 1009 574 1042 niittatur
601 1006 774 1055 presbyter,
797 1006 909 1040 ceteris
933 1014 1074 1050 tempore
1095 1012 1186 1038 ante-

434 1057 570 1092 rioribus
591 1065 821 1103 praeponatnr‚
849 1055 903 1101 qui
923 1054 1096 1102 presbyteri
1125 1065 1185 1087 non

433 1115 518 1142 sunt.
547 1106 640 1149 Quod
669 1106 694 1141 si
724 1106 753 1139 in
783 1106 893 1139 ordine
917 1104 1024 1138 maiori
1049 1104 1104 1144 sit,
1129 1102 1188 1137 hoc

433 1158 526 1191 etiam
551 1155 651 1190 multo
673 1155 808 1202 amplius
831 1156 861 1189 in
885 1154 1036 1199 dignitate
1059 1165 1114 1187 seu
1139 1152 1187 1185 iu-

434 1206 628 1245 risdictione,
650 1217 731 1251 quae
753 1205 782 1238 in
807 1204 855 1239 his
869 1204 991 1238 actibus
1014 1203 1113 1237 maior
1141 1209 1188 1235 est

433 1255 554 1298 ordine,
577 1253 766 1289 servandum
786 1262 844 1293 est.
865 1261 1004 1299 utsupra
1022 1252 1060 1286 de
1081 1251 1187 1286 archi-

431 1304 566 1339 diacono
599 1311 629 1338 et
662 1302 935 1350 archipresbytero
969 1301 1088 1335 dictum
1123 1308 1182 1334 est.

432 1352 526 1396 Quod
560 1353 584 1387 si
614 1353 643 1386 in
674 1361 744 1398 post
773 1352 908 1398 receptis
935 1351 1038 1385 locuni
1074 1349 1185 1388 habet,

433 1402 543 1437 eadent
565 1402 683 1437 ratione
707 1402 736 1436 in
761 1401 798 1435 iis
820 1401 871 1448 qui
895 1400 995 1447 prius,
1018 1400 1043 1434 si
1067 1412 1127 1447 qua
1147 1399 1186 1433 ‹le

433 1464 514 1487 noro
537 1452 584 1485 eis
605 1450 751 1486 obveniat
770 1450 918 1496 dignitas.
945 1449 1013 1484 Hoc
1031 1450 1114 1484 euim
1138 1461 1186 1483 ra-

433 1501 509 1536 tioni
540 1508 790 1536 consentaneum
820 1508 878 1539 est,
910 1508 942 1533 ut
968 1499 1094 1545 dignius
1129 1498 1186 1532 nii-

434 1563 493 1585 nus
508 1550 642 1597 dignuin
665 1549 703 1584 ad
724 1562 758 1585 se
780 1549 893 1589 trahat,
909 1557 939 1583 et
964 1561 1013 1583 res
1034 1560 1049 1583 a
1075 1556 1187 1595 poten-

433 1600 503 1634 tiori
540 1608 569 1634 et
593 1599 738 1634 nobiliori
766 1599 1002 1633 denominetur.
1031 1597 1123 1640 Quod
1156 1597 1185 1631 in

434 1649 510 1696 ipsis
533 1649 748 1684 cardinalibus
769 1648 933 1683 evidenter
954 1656 1109 1691 servatur,
1132 1647 1185 1694 qui

433 1699 507 1733 licet
529 1706 685 1733 certarum
710 1698 939 1742 Ecclesiarum,
965 1697 1040 1732 dum
1063 1696 1101 1731 ad
1116 1708 1188 1730 car—

432 1748 604 1782 dinalatum
628 1757 847 1791 assumuntur,
865 1747 1004 1793 episcopi
1019 1747 1092 1786 sini,
1111 1745 1188 1779 nihi-

435 1797 576 1832 lominus
602 1809 657 1832 eos
680 1809 741 1831 non
765 1797 945 1842 episcopos,
972 1796 1026 1830 sed
1057 1794 1189 1842 presby-

435 1855 519 1882 teros
540 1845 574 1881 S.
596 1846 635 1881 R.
655 1846 691 1881 E.
715 1845 902 1885 cardinales,
928 1845 1029 1881 Sedes
1048 1845 1188 1891 Aposto-

435 1896 493 1931 lica
516 1895 663 1943 appellat.
682 1895 845 1938 Quinimo,
867 1895 893 1930 si
913 1895 959 1930 eis
980 1907 1054 1929 suas
1070 1893 1189 1940 priores

434 1945 594 1981 Ecclesias
630 1945 660 1980 in
690 1946 736 1979 tit.
764 1945 920 1988 dimittat,
956 1956 1017 1979 non
1052 1942 1190 1990 amplius

435 1994 496 2030 sub
523 1994 651 2030 nomine
677 1994 904 2038 Ecclesiaruin,
926 1993 981 2028 sed
1010 1993 1090 2028 tituli
1114 2004 1189 2027 ear-

436 2044 594 2080 dinalatus
620 2044 743 2087 scribit,
776 2043 866 2091 quasi
901 2043 938 2077 ad
968 2043 1117 2077 maiorem
1141 2041 1190 2075 di-

436 2094 586 2141 gnitatem
617 2101 648 2128 et
681 2092 931 2128 iurisdictionem
961 2091 1189 2139 assumpserit,

437 2144 576 2191 alioquin
600 2155 662 2177 non
685 2142 867 2177 ascendisse
893 2141 948 2176 sed
973 2141 1190 2181 descendisse,

438 2205 500 2228 non
525 2192 670 2227 honorari
698 2191 754 2226 sed
781 2191 969 2226 dehonorari
994 2191 1188 2226 viderentur.

487 2245 502 2286 ἓ
526 2244 581 2276 14.
605 2240 686 2284 Quis
712 2241 805 2276 etiam
831 2253 892 2276 non
919 2241 1021 2275 videat
1044 2240 1192 2275 cardina-

249 2299 371 2321 (Μία-1ο·
409 2291 519 2336 platus
541 2292 726 2338 dignitatem
748 2290 1007 2337 archiepiscopali
1031 2302 1101 2324 esse
1125 2301 1192 2324 ma-

236 2330 423 2389 ζῗζῖηἳῗρξέζιξ]
440 2341 535 2376 iorem
564 2341 732 2386 dignitate,
762 2342 836 2387 quia
863 2352 934 2374 cum
973 2340 1022 2374 illa
1055 2340 1192 2386 privatae

236 2393 342 2446 {lfflfv
366 2393 423 2414 ¹⁰⁶⁵·
439 2391 535 2425 unius
571 2390 687 2437 patriae
716 2390 830 2436 praesit
861 2389 1004 2426 utilitati.
1034 2389 1089 2423 ista
1126 2401 1191 2435 pu—

315 2440 318 2443 ’
439 2440 539 2475 blicae
561 2439 656 2474 totius
685 2439 791 2485 populi
816 2438 1005 2473 christiani?
1028 2437 1080 2472 llla
1099 2450 1190 2472 unam

439 2489 602 2525 dumtaxat
624 2489 703 2534 regit
725 2487 913 2527 Ecclesiam,
937 2489 993 2523 ista
1010 2500 1082 2522 cum
1107 2486 1191 2522 Sede

439 2538 621 2586 Apostolica
652 2538 829 2582 universas,
856 2546 886 2572 et
909 2550 981 2572 cum
1002 2550 1017 2572 a
1042 2537 1168 2572 nemine
1183 2564 1192 2580 ,

440 2589 499 2624 nisi
523 2587 591 2622 solo
613 2587 697 2635 Papa
721 2586 902 2622 iudicentur
923 2585 1113 2625 cardinales,
1133 2586 1191 2634 ipsi

441 2637 634 2686 patriarchas
663 2646 691 2672 et
714 2636 972 2684 archiepiscopos
998 2643 1027 2671 et
1055 2635 1194 2683 reliquos

241 262 290 288 An.
307 261 337 288 C.
355 262 424 289 ¹35⁸

1026 259 1212 282 nutantum
1235 258 1398 282 ROMANCM

2003 255 2054 282 An.
2072 255 2101 283 C.
2121 256 2187 284 ittae

1231 313 1392 348 Ecclesiae
1414 311 1544 358 gradus,
1567 323 1638 346 curn
1661 311 1796 347 Summo
1817 311 1988 356 Pontifice,

1233 363 1383 397 indicant.
1420 362 1564 403 Quorum
1600 360 1702 396 officio
1735 373 1849 396 nomen
1883 362 1986 408 ipsum

1231 421 1382 446 consonat
1406 410 1537 458 optime;
1561 422 1632 445 nam
1656 411 1739 445 sicut
1766 422 1862 458 snper
1883 411 1986 445 cardi-

1232 473 1303 495 nem
1334 461 1468 494 volvitur
1503 459 1620 494 ostium
1649 459 1786 501 domus,
1823 461 1861 494 ita
1889 472 1986 507 super

1232 511 1289 545 hoc
1323 510 1425 545 Sedes
1459 509 1661 555 Apostolica‚
1690 509 1786 544 totius
1820 508 1984 545 Ecclesiae

1231 560 1359 600 ostium,
1382 559 1514 606 quiescit
1538 567 1567 593 et
1591 558 1818 594 substentatur.

1279 608 1298 656 S
1330 610 1383 643 15.
1408 607 1536 642 Nullum
1561 608 1699 655 (lenique
1728 620 1784 655 pro
1807 615 1857 642 tua
1880 607 1985 642 inlen-
2013 616 2187 638 Commi-eon-

1231 659 1315 692 tione
1343 657 1495 705 proponis
1517 657 1678 692 Ecclesiae
1700 657 1863 692 Romanae
1890 657 1985 704 privi-
1999 647 2186 704 ξζξξξάθλζζᾚῖ

1231 708 1358 753 legium.
1375 707 1456 749 Quis
1471 707 1554 741 enim
1571 707 1652 742 alius
1675 706 1748 741 huic
1772 706 1831 742 iuri
1850 706 1984 754 positivo
2000 709 2055 730 ¹¹⁶¹*
2078 714 2185 733 ⁸¹⁸⁰⁸⁸¹¹=

1229 765 1258 791 ct
1282 756 1470 791 universalis
1495 756 1655 791 Ecclesiae
1681 756 1913 799 observantiae,
1935 763 1986 790 at·
2000 740 2184 767 ⁰⁰⁰⁸¹¹⁸¹⁸⁸²m

1229 819 1291 853 que
1327 805 1518 855 apostolicae
1545 805 1763 845 concessioni,
1801 805 1985 852 praesertim

1229 868 1309 903 qua«-
1344 855 1509 902 apostolici
1547 855 1669 901 throni,
1702 855 2013 903 membrorumque.»

1228 906 1295 940 eius
1327 905 1595 952 praeeininentiain
1637 905 1820 948 concernit,
1852 915 1986 940 contra-

1230 955 1310 989 rium
1332 955 1530 1002 privilegium
1550 954 1644 988 dandi
1669 953 1764 989 ullam
1788 954 1919 990 omnino
1934 955 1986 990 ha-

1229 1004 1279 1038 bet
1297 1002 1493 1039 facultatem?
1512 1003 1622 1052 Neque
1644 1004 1738 1038 etiam
1753 1003 1986 1040 consuetudine

1230 1054 1289 1088 ulla
1318 1062 1403 1088 tuam
1431 1065 1557 1088 causam
1588 1053 1696 1088 tueris.
1724 1052 1924 1101 Quamquam
1959 1055 1984 1088 si

1228 1115 1288 1150 qua
1327 1103 1609 1150 praetenderetur,
1637 1111 1758 1150 praeter
1783 1102 1985 1149 Apostolicae

1227 1152 1322 1187 Sedis
1348 1164 1541 1188 consensum
1570 1160 1600 1186 et
1636 1152 1911 1199 approbationem,
1934 1153 1986 1187 in-

1227 1201 1335 1237 efficax
1353 1214 1483 1249 prorsus
1501 1201 1660 1236 censenda
1678 1209 1774 1241 esset,
1792 1210 1823 1236 ut
1844 1202 1987 1248 proxime

1227 1251 1267 1286 de
1291 1251 1456 1299 privilegio
1481 1251 1602 1286 dictum
1625 1258 1684 1292 est,
1706 1259 1801 1299 atque
1825 1251 1987 1287 irrationa-

1229 1300 1311 1345 bilis,
1337 1301 1408 1348 quia
1434 1313 1490 1348 per
1514 1313 1581 1335 eam
1611 1299 1749 1347 dignitas
1771 1299 1987 1336 confundere-

1229 1357 1280 1384 tur
1312 1351 1515 1397 superiorum
1540 1350 1800 1396 magistratuum,
1833 1349 1986 1385 turbatio-

1229 1411 1365 1446 nemque
1395 1408 1517 1447 pareret
1553 1400 1582 1433 in
1611 1399 1755 1446 quolibet
1789 1399 1985 1447 reipublicae

1228 1456 1321 1483 statu.
1345 1448 1435 1489 Nam,
1456 1449 1539 1483 iuxta
1556 1460 1695 1483 canones
1717 1449 1898 1489 universos,
1921 1461 1983 1484 non

1229 1507 1334 1545 posset
1347 1498 1405 1533 alia
1423 1498 1541 1533 ratione
1563 1497 1753 1538 subsistere,
1769 1498 1828 1533 nisi
1844 1510 1900 1546 pet·
1913 1510 1984 1533 eam

1229 1548 1411 1582 huiusmodi
1436 1560 1571 1594 magnus
1593 1547 1790 1582 differentiae
1817 1547 1895 1582 ordo
1916 1559 1985 1583 ser-

1229 1606 1351 1632 varetur
1364 1598 1615 1638 ecclesiasticus3
1641 1597 1713 1644 qnia
1736 1596 1984 1632 confunderetur

1229 1647 1318 1686 ordo,
1345 1648 1369 1681 si
1393 1648 1510 1694 cuique
1537 1659 1591 1681 sua
1620 1646 1759 1692 dignitas
1787 1658 1849 1681 non
1878 1659 1985 1682 serva-

1230 1704 1324 1738 retur,
1347 1697 1504 1744 quamvis,
1522 1705 1553 1730 nt
1568 1696 1764 1743 praedictum
1783 1704 1840 1737 est,
1863 1709 1901 1731 ex
1921 1696 1984 1731 fre-

1228 1746 1402 1793 quentibus
1421 1746 1544 1781 actibus
1560 1749 1607 1781 40
1621 1757 1778 1781 annorum
1801 1745 1902 1792 spatio
1923 1745 1986 1780 usi-

1229 1796 1313 1839 tatis,
1341 1796 1495 1830 contraria
1525 1796 1630 1842 potius
1658 1795 1688 1830 in
1725 1806 1823 1842 regno
1849 1794 1984 1843 Angliae

1229 1845 1427 1880 consuetudo
1455 1845 1575 1879 firmata
1603 1846 1656 1879 s‘t.

1278 1894 1299 1941 g
1325 1895 1378 1929 ¹6.
1408 1893 1577 1928 Hortamur
1599 1894 1703 1941 itaque
1727 1902 1768 1938 te,
1796 1893 1984 1929 venerabilis
2010 1900 2112 1936 nore-tur
2147 1906 2186 1922 ⁸¹-

1230 1943 1337 1984 srater‚
1353 1952 1383 1979 et
1399 1943 1544 1978 volumus
1564 1951 1596 1978 ut
1614 1942 1781 1990 praedietis
1796 1943 1984 1987 rationibus,
1998 1929 2187 1984 fflssffiissnffl'ss'.

1230 2005 1266 2028 ac
1289 2002 1466 2028 nostrorum
1489 1993 1770 2040 praedecessorum
1793 1993 1984 2028 ordinationi
1999 1994 2115 2047 Ρῑᾞὲξῗ·
2146 1998 2187 2015 ⁸⁶·

1231 2051 1324 2090 atque
1355 2042 1517 2078 Ecclesiae
1550 2042 1736 2078 universalis
1768 2031 2035 2078 observantiaequ

1233 2093 1357 2139 penitus
1376 2093 1569 2140 acquiescas,
1584 2093 1665 2128 sicut
1680 2105 1736 2138 pro
1750 2099 1801 2127 tua
1818 2092 1987 2140 prudentia

1231 2150 1261 2176 et
1283 2141 1462 2182 devotione,
1491 2154 1586 2189 qnam
1615 2141 1654 2176 ad
1678 2141 1853 2178 Romanam
1875 2141 1987 2177 Eccle-

1232 2192 1309 2225 siam
1327 2200 1355 2226 et
1380 2204 1437 2225 nos
1459 2204 1585 2238 semper
1601 2191 1753 2232 habuisti,
1777 2199 1807 2226 te
1829 2191 1986 2226 facturum

1232 2253 1407 2288 speramus.
1426 2241 1459 2275 ln
1479 2241 1609 2289 reliquis
1632 2253 1716 2285 vero,
1738 2241 1803 2276 sive
1826 2249 1909 2275 tuam
1930 2240 1988 2275 Ec-

1232 2290 1380 2328 clesiam,
1415 2291 1480 2324 sive
1503 2302 1670 2337 personam
1699 2290 1988 2331 concernentibus,

1232 2352 1312 2387 qnae
1342 2352 1399 2374 nec
1422 2340 1533 2375 rationi
1561 2348 1614 2374 aut
1636 2339 1792 2375 honestati
1820 2338 1987 2386 derogent,

1235 2402 1290 2435 pro
1307 2402 1416 2435 magna
1440 2402 1500 2436 qua
1521 2397 1550 2424 te
1565 2390 1651 2424 omni
1671 2397 1815 2437 tempore
1829 2388 1987 2436 complexi

1233 2451 1345 2473 sumus
1359 2451 1393 2473 ac
1410 2438 1653 2486 complectimur
1675 2439 1815 2479 caritate,
1831 2450 1889 2474 uos
1903 2450 1989 2474 sem-

1236 2501 1289 2535 per
1314 2488 1468 2535 propitios
1489 2488 1673 2535 experieris.

1284 2537 1400 2572 Datum
1416 2536 1595 2573 Florentiae
1598 2564 1670 2572 ......
1681 2564 1690 2582 ,
1715 2537 1916 2585 pontificatus
1930 2548 1989 2572 no-

1235 2595 1288 2621 stri
1311 2599 1394 2621 anno
1417 2594 1538 2622 octavo.

1429 2643 1494 2674 Dat.
1516 2644 1619 2684 pontit.
1642 2653 1719 2675 anno
1736 2652 1797 2675 vui.
