2281 3251
248 250 295 276 An.
315 250 341 275 C.
363 248 428 276 ¹505

254 604 348 625 Pontilm
360 612 426 624 viritim

246 637 296 655 Old,
320 636 426 661 pituli-..iu

245 668 367 687 :anserino

257 2110 385 2131 facultatem
397 2115 430 2130 re-

248 2143 339 2168 ripum-li
369 2147 431 2167 quos-

250 2179 317 2199 cumq.
334 2173 385 2192 alio.-
398 2178 432 2191 re—

247 2205 280 2226 tm,
293 2206 389 2225 coneedit
400 2221 404 2226 ,

492 238 562 270 452

444 302 518 338 libet
543 301 770 338 construendas
791 309 820 337 et
847 301 1057 337 aedificandas
1079 310 1196 337 exten-

443 353 517 388 dere
539 361 569 388 et
590 352 753 400 ampliare,
778 364 813 387 ac
828 352 902 387 alias
919 351 1031 387 Ordiui
1046 352 1196 387 Minimo-

444 416 512 438 rnm
540 402 723 438 liuiusmodi
755 401 784 436 in
811 403 994 449 praemissis
1021 410 1195 449 opportune

444 453 605 501 providere
627 452 666 488 de
688 451 880 499 benignitate
901 452 1071 500 apostolica
1086 452 1195 499 digna-

445 515 559 538 remur.

491 558 506 596 ᾗ
534 554 590 587 52.
610 552 674 586 Nos
691 552 796 598 igitur,
819 551 870 599 qui
890 552 1066 598 regularem
1079 551 1195 587 obser—

445 603 577 637 vantiam
593 602 623 636 in
646 602 724 637 locis
738 601 894 647 religiosis
909 603 1012 649 vigere
1027 610 1055 637 et
1075 602 1194 649 augeri,

443 665 478 687 ac
505 652 720 698 religiosarum
751 664 979 699 personarum,
1010 652 1192 699 praesertim

443 702 502 736 sub
514 702 624 737 bumili
636 701 742 736 babitu
758 702 787 736 in
804 702 987 736 humilitatis
1002 702 1112 749 spiritu
1129 701 1194 736 Deo

442 752 644 787 servientium
661 751 861 786 commodum
885 760 914 786 et
937 752 1193 799 tranquillitatem

444 802 574 836 intensis
599 801 818 836 desideramus
845 801 1021 841 affectibus,
1044 801 1192 837 eumdem

442 851 645 887 Franciseum
669 851 708 886 de
731 851 827 886 Paula
843 864 858 886 a
877 851 1040 899 quibusvis
1063 864 1195 887 excom-

442 902 682 947 municationis,
710 902 931 949 suspensionis
958 910 986 936 et
1016 902 1194 946 interdicti,

442 952 571 999 aliisque
593 952 818 987 ecclesiasticis
844 952 1026 992 sententiis,
1053 953 1194 987 censuris

444 1010 474 1036 et
496 1002 625 1050 poenis,
655 1014 671 1037 a
694 1002 761 1036 iure
789 1002 835 1036 vel
860 1002 899 1036 ab
921 1001 1061 1042 homine,
1084 1002 1194 1049 quavis

441 1052 604 1087 occasione
621 1052 664 1086 vel
688 1064 779 1087 causa
803 1052 883 1095 latis,
907 1052 931 1085 si
954 1052 1192 1099 quomodolibet

443 1102 611 1137 innodatus
633 1102 749 1147 existit,
765 1101 802 1136 ad
818 1101 962 1136 effectum
982 1102 1193 1149 praesentium

442 1151 602 1187 dumtaxat
623 1151 897 1200 consequendum,
920 1151 1029 1186 barum
1044 1152 1124 1186 serie
1139 1152 1195 1186 ab-

442 1201 599 1237 solventes
614 1210 643 1236 et
659 1202 839 1237 absolutum
857 1201 921 1235 sore
939 1210 1116 1241 censentes,
1135 1202 1196 1236 liu-

444 1252 579 1287 iusmodi
603 1251 889 1299 supplicationibus
908 1251 1060 1291 inclinati,
1083 1251 1194 1299 Pyrrhi

443 1301 676 1349 archiepiscopi
703 1310 733 1337 et
755 1300 895 1337 Goffredi
923 1301 1063 1349 episcopi
1088 1301 1194 1336 Sancti

443 1351 552 1393 Marci,
572 1364 608 1387 ac
630 1351 708 1386 Sixti
728 1361 757 1386 et
772 1352 945 1386 lnuocentii
969 1363 1091 1386 necnon
1119 1351 1195 1385 Ale-

444 1401 565 1447 xandri,
585 1401 861 1449 praedecessorum
891 1401 1139 1448 praedictorum,
1163 1414 1197 1435 ae

444 1461 564 1487 nostras
579 1451 731 1499 praefatas
753 1452 868 1492 literas,
897 1463 1020 1486 necnon
1044 1451 1148 1485 omnia
1168 1459 1197 1485 et

1019 247 1205 269 bt'LtAtttt'n

1235 248 1323 269 titum
1330 247 1393 269 Nshl

1236 314 1369 347 sonam,
1401 302 1494 349 petita
1519 302 1655 342 licentia,
1679 302 1822 349 quamvis
1843 314 1906 337 non
1922 302 1986 337 ob—

1238 361 1331 396 tenta,
1349 353 1385 387 ad
1400 352 1601 387 Minimornm
1619 352 1770 387 Ordinem
1794 361 1823 388 et
1846 352 1984 387 habitum

1237 402 1420 437 huiusmodi
1444 403 1592 450 recipere.

1285 453 1373 499 351.
1390 451 1517 486 'Necnon
1534 453 1748 487 consessiones
1762 465 1987 500 quarumcum-

1237 515 1298 549 que
1322 514 1539 548 personarum,
1567 510 1627 537 tam
1651 502 1864 547 religiosarum
1893 515 1985 549 quam

1236 552 1519 587 ecclesiasticarum
1554 561 1583 586 et
1615 552 1833 594 saecularium,
1857 552 1985 587 ubilibet

1236 602 1344 636 audire
1359 611 1401 646 et,
1417 601 1610 641 illisauditis,
1630 613 1779 648 personas
1797 603 1879 649 ipsas
1891 610 1921 637 et
1936 615 1989 638 ea—

1237 664 1303 686 rum
1328 651 1512 699 quamlibet,
1541 652 1622 686 iuxta
1652 652 1781 686 sormam
1798 660 1828 686 et
1847 661 1987 687 tenorem

1237 702 1389 748 privilegii
1419 714 1473 748 per
1497 702 1668 749 praefatum
1697 701 1821 736 Sixtum
1851 702 1989 748 praede—

1236 764 1392 787 cessorem
1421 751 1534 785 Ordiui
1566 751 1771 786 Minimorum
1805 751 1987 787 huiusmodi

1236 814 1270 836 ac
1294 802 1377 836 illius
1402 801 1543 849 personis
1559 809 1587 835 et
1605 801 1753 836 fratribus
1779 801 1898 836 dudum
1913 814 1990 837 con-

1236 852 1313 886 cessi
1331 860 1359 885 et
1377 852 1563 893 eoulirmati,
1579 851 1751 892 absolvere,
1767 864 1801 886 ac
1824 853 1989 899 poeniten—

1237 902 1307 936 tiam
1335 901 1501 936 salutarem
1531 901 1591 935 illis
1615 902 1778 945 iniungere
1807 901 1937 937 valeant.

1284 952 1304 997 ἓ
1328 954 1383 985 55.
1412 951 1542 986 Necnon
1559 951 1690 986 Ordinis
1705 951 1908 987 Minimorum
1931 952 1990 986 bu—

1238 1001 1372 1036 iusmodi
1395 1002 1547 1036 eeclesiae
1577 1010 1608 1035 et
1638 1003 1784 1046 oratoria,
1818 1001 1933 1037 domus
1959 1012 1988 1037 et

1238 1052 1317 1096 loca,
1340 1059 1400 1085 tam
1425 1060 1549 1098 recepta
1577 1063 1670 1098 quam
1693 1051 1887 1098 recipienda,
1908 1060 1990 1086 tam-

1237 1114 1330 1149 quam
1355 1100 1447 1135 Sedis
1470 1110 1501 1135 et
1520 1101 1678 1135 Ecclesiae
1700 1101 1862 1135 Romanae
1878 1101 1990 1136 buius-

1238 1151 1322 1186 modi
1351 1151 1495 1197 specialia
1519 1151 1663 1191 oratoria,
1689 1151 1856 1196 ecclesiae,
1878 1150 1991 1187 domus

1237 1210 1267 1236 et
1285 1202 1367 1241 loca,
1387 1213 1459 1235 cum
1476 1201 1625 1235 omnibus
1640 1200 1762 1235 iuribus
1783 1209 1811 1234 et
1833 1201 1991 1248 pertinen-

1238 1251 1288 1285 tiis
1307 1252 1393 1294 suis,
1418 1263 1544 1298 prorsus
1571 1251 1609 1285 ab
1634 1251 1719 1285 omui
1750 1251 1944 1285 decimarum
1961 1259 1990 1286 et

1237 1301 1434 1335 oblationum
1458 1300 1674 1347 persolutione
1701 1313 1758 1335 seu
1775 1300 1991 1336 iurisdictione

1240 1359 1392 1398 perpetuo
1421 1350 1515 1385 libera
1544 1350 1607 1385 sint
1642 1359 1671 1385 et
1693 1362 1761 1385 esse
1788 1360 1990 1396 censeantur,

1238 1414 1271 1435 ac
1309 1401 1367 1435 sub
1404 1400 1484 1435 beati
1524 1400 1608 1435 Petri
1646 1409 1675 1435 et
1702 1400 1804 1435 dictae
1834 1400 1926 1436 Sedis
1961 1410 1989 1435 et

1240 1459 1343 1485 nostra
1373 1450 1567 1498 protectione.
1592 1450 1772 1485 immediate
1795 1450 1988 1486 subiaceant.

442 1501 565 1549 singula
583 1502 612 1535 in
632 1502 676 1536 eis
692 1509 847 1542 contenta,
871 1502 1053 1536 auctoritate
1069 1510 1197 1548 aposto-
1239 1500 1406 1548 lpsiusque
1433 1500 1566 1534 Ordinis
1582 1500 1785 1534 Minimorum
1810 1501 1920 1536 fratres
1936 1513 1991 1548 pro

443 1552 499 1587 lica
514 1551 661 1599 praefata,
675 1561 781 1586 tenore
805 1552 1015 1599 praesentium
1040 1551 1198 1599 approba·
1241 1559 1381 1597 tempore
1409 1551 1579 1585 existentes
1601 1550 1639 1585 de
1668 1551 1766 1585 bortis
1790 1563 1825 1585 ac
1848 1551 1992 1598 virgultis

442 1615 525 1646 mus,
541 1614 741 1643 innovamus,
757 1610 784 1637 et
802 1601 1041 1646 confirmamus,
1056 1614 1091 1636 ac
1107 1614 1197 1648 prae-

443 1652 541 1687 sentis
563 1652 669 1699 scripti
695 1652 868 1698 patrocinio
889 1652 1136 1686 communimus.
1157 1652 1198 1685 ll-

443 1703 536 1750 laque
550 1703 654 1736 omnia
669 1711 698 1737 et
713 1702 833 1748 singula
850 1701 1019 1736 Francisco
1034 1701 1072 1736 de
1089 1701 1197 1745 Paula,

443 1761 473 1787 et
493 1752 561 1786 aliis
577 1751 706 1786 Ordinis
722 1751 923 1786 Miuimorum
949 1751 1128 1786 huiusmodi
1145 1751 1198 1785 fra-

445 1802 546 1837 tribus
573 1810 601 1836 et
629 1802 792 1848 personis,
826 1814 861 1835 ac
888 1802 1011 1835 illorum
1039 1801 1198 1842 ecclesiis,

445 1851 593 1887 domibus
614 1861 643 1886 et
663 1851 739 1886 locis
756 1851 945 1886 constructis
968 1860 997 1885 et
1012 1860 1199 1885 construen-

445 1901 506 1941 dis,
523 1901 582 1937 sub
597 1901 803 1936 Minimorum
828 1902 956 1936 nomine
970 1909 1000 1935 et
1015 1901 1199 1935 auctoritate

445 1961 474 1986 et
491 1961 598 1986 tenore
621 1951 814 1998 praeniissiS‚
830 1951 869 1985 de
893 1963 973 1986 novo
994 1951 1200 1985 concedimus

446 2010 476 2036 et
504 2001 716 2048 indulgemus.

495 2052 516 2099 S
538 2054 595 2086 55.
618 2051 664 2086 Ac
687 2063 742 2099 pro
761 2050 875 2098 potiori
898 2050 1031 2091 cautela,
1053 2051 1156 2086 omnia
1171 2060 1200 2085 et

448 2106 572 2153 singula
588 2106 618 2140 in
642 2105 736 2141 dictis
755 2105 854 2140 literis
868 2105 1106 2152 quomodolibet
1123 2118 1201 2140 eon-

448 2170 531 2196 tenta
544 2169 585 2201 et,
603 2161 705 2208 quoad
717 2160 834 2205 boc,ut
848 2159 1037 2195 Franciseus
1053 2160 1091 2195 (le.
1105 2161 1201 2195 Paula

448 2225 478 2251 et
500 2216 551 2251 alii
571 2215 699 2250 Ordinis
721 2215 925 2250 minimorum
944 2214 1123 2249 huiusmodi
1141 2216 1202 2249 sra-

450 2281 512 2306 tres
534 2282 592 2318 pro
609 2279 749 2318 tempore
776 2270 959 2313 existentes,
984 2277 1044 2303 tam
1069 2278 1203 2316 quatuor

450 2324 700 2360 Mendicantium
716 2336 810 2372 quam
827 2323 958 2359 aliorum
973 2336 1203 2370 quorumcum-

449 2392 523 2427 que,
549 2388 579 2414 et
607 2387 898 2427 quantumcumque
934 2378 1201 2426 privilegiatorum

451 2434 621 2478 Ordinum,
643 2446 860 2481 quascumque
876 2433 1038 2480 religiosas
1054 2445 1204 2480 personas

452 2488 489 2522 ad
517 2500 551 2523 se
578 2488 741 2522 venientes
768 2497 796 2522 et
825 2487 966 2523 babitum
990 2499 1045 2535 per
1067 2500 1120 2522 eos
1142 2499 1205 2533 gc—

452 2543 524 2577 stari
561 2543 687 2578 solitum
720 2554 844 2577 sumere
873 2543 1031 2586 volentes,
1058 2542 1205 2589 primitus

453 2596 550 2632 verbo
574 2597 621 2632 vel
650 2597 765 2644 scripto
788 2609 803 2631 a
827 2597 890 2632 suis
907 2596 1094 2631 immediatis
1110 2608 1204 2643 supe-

455 2651 602 2689 rioribus,
625 2663 679 2698 per
701 2663 733 2686 se
749 2651 795 2686 vel
820 2664 874 2697 per
894 2651 1106 2699 interpositam
1129 2663 1205 2698 per-

1239 1610 1265 1635 et
1297 1601 1364 1634 aliis
1392 1600 1647 1648 quibuscumque
1664 1600 1754 1635 bouis
1781 1600 1910 1636 Ordinis
1928 1601 1992 1635 Mi-

1241 1651 1411 1687 nimorum.
1440 1650 1588 1685 domibus
1622 1659 1653 1684 et
1689 1650 1811 1685 illarum
1851 1651 1993 1686 ecclesiis

1217 1675 1220 1734 l
1241 1701 1421 1735 huiusmodi
1446 1713 1503 1748 pro
1530 1708 1672 1747 tempore
1687 1700 1805 1735 relictis
1827 1709 1856 1735 et
1871 1700 1993 1747 legatis,

1240 1763 1275 1785 ac
1293 1763 1390 1798 super
1407 1750 1615 1785 luminaribus
1629 1759 1659 1785 et
1681 1750 1750 1785 aliis
1773 1750 1865 1785 rebus
1887 1750 1993 1785 divino

1241 1800 1339 1835 cultui
1357 1813 1412 1848 pro
1431 1809 1574 1847 tempore
1596 1800 1761 1841 dedicatis,
1785 1800 1924 1835 decimas
1942 1809 1994 1835 aut

1241 1850 1416 1885 oblationes
1439 1851 1559 1897 aliquas
1582 1850 1676 1885 etiam
1700 1862 1738 1885 ex
1766 1850 1930 1885 novalibus
1946 1850 1992 1885 vel

1241 1909 1382 1948 quartam
1412 1913 1447 1935 ex
1481 1900 1677 1935 funeralibus
1713 1900 1835 1935 solvere
1865 1900 1994 1935 minime

1243 1959 1407 1985 teneantur
1423 1979 1430 1991 ,
1471 1962 1594 1985 necnon
1631 1950 1668 1985 ad
1698 1950 1727 1985 id
1765 1963 1780 1985 a
1820 1962 1994 1998 quoquam,

1242 2001 1475 2048 cuiuscumque
1518 2000 1691 2034 nobilitatis
1735 2008 1788 2035 ant
1833 2000 1994 2047 dignitatis

1243 2050 1366 2090 existat,
1394 2051 1515 2084 valeant
1539 2049 1779 2096 quomodolibet
1807 2050 1969 2086 coarctari.

1292 2100 1312 2147 g
1340 2102 1396 2135 56.
1413 2100 1571 2146 Quodque
1591 2100 1702 2135 Ordiui
1719 2100 1922 2135 Minimorum
1938 2100 1996 2135 liu-

1245 2150 1379 2184 iusuiodi
1400 2162 1435 2185 ac
1455 2150 1538 2184 illius
1561 2150 1706 2197 personis
1723 2158 1753 2185 et
1777 2150 1924 2185 domibus
1940 2163 1996 2197 per

1243 2200 1366 2235 Sixtum
1401 2209 1431 2235 et
1457 2200 1699 2240 Innocentium,
1738 2199 1994 2247 praedecessores

1245 2251 1432 2298 praedictos,
1460 2250 1520 2285 sul)
1547 2251 1750 2285 cremitarum
1780 2250 1907 2286 nomine
1934 2250 1997 2285 du-

1244 2301 1319 2335 dum
1343 2313 1493 2335 concessa
1516 2301 1687 2347 privilegia,
1703 2299 1764 2335 sub
1788 2312 1868 2335 novo
1892 2301 1997 2335 nomi-

1246 2364 1296 2394 ne,
1312 2351 1440 2386 mutatis
1461 2351 1491 2385 iu
1514 2351 1560 2384 eis
1580 2350 1762 2385 nominibus
1789 2350 1938 2385 eremitae
1960 2363 1997 2386 ac

1245 2401 1446 2436 eremitarum
1477 2401 1506 2434 iu
1536 2400 1656 2434 Minimi
1680 2409 1709 2435 et
1732 2400 1949 2441 Miniiliortin13
1963 2413 1998 2436 ac

1246 2451 1416 2486 eremitorii
1439 2459 1469 2485 et
1491 2450 1758 2494 eremitoriorum,
1781 2450 1810 2484 iu
1830 2449 1997 2485 domorum

1247 2501 1376 2535 Ordinis
1403 2501 1606 2535 llliuimorum
1641 2499 1822 2535 liuiusmodi
1858 2499 1998 2544 nomina,

1248 2551 1442 2598 eaeterisque
1470 2550 1603 2597 singulis
1631 2550 1667 2584 ad
1689 2550 1773 2585 bunc
1795 2550 1941 2585 ell'cctum
1959 2549 1998 2585 de

1248 2601 1436 2636 necessitate
1460 2600 1632 2645 mutandis,
1663 2600 1804 2635 innovata
1833 2607 1861 2635 et
1881 2607 1997 2635 mutata

1250 2652 1310 2684 siut
1336 2661 1363 2685 et
1395 2663 1463 2685 esse
1491 2660 1689 2686 censeantur.

2003 247 2053 272 An.
2066 247 2095 271 C.
2116 246 2183 273 ¹505

2023 464 2185 484 contemmen-

2002 502 2041 516 ειη*
2057 497 2160 516 audiendi.

2014 963 2188 990 Extmlniouema

2006 997 2092 1016 decimi,-
2101 999 2189 1022 etquar-

2006 1031 2024 1046 ta
2033 1027 2158 1047 Iuncmltilm
2167 1031 2190 1046 ο-

2006 1059 2104 1084 {insitum

2022 2108 2133 2133 Privnegia
2146 2108 2192 2127 data

2009 2140 2082 2160 Ordiui
2100 2139 2137 2159 sub
2153 2144 2193 2158 no-

2009 2172 2064 2191 mine
2092 2171 2192 2190 cremita-

2010 2207 2067 2226 rum,
2090 2206 2195 2222 concessa

2011 2238 2060 2253 esse
2071 2232 2148 2252 Minim.
2156 2232 2194 2252 dc-

2012 2264 2092 2287 claram
