2281 3251
94 254 145 282 An.
162 253 192 282 C.
210 253 277 282 ¹515

83 954 108 976 Et
115 955 172 975 iuxta
182 955 267 981 capituti

86 988 164 1006 statuta
176 1001 182 1010 ,

83 1015 216 1037 reformanda
225 1022 265 1038 rno-

82 1047 184 1068 nastasia.

89 1549 182 1570 Praelati
194 1555 260 1577 gene—

75 1581 114 1602 rali
130 1581 191 1602 obed.
203 1598 208 1607 ‚
239 1585 260 1603 et

77 1612 174 1634 monachi
197 1619 258 1640 prue-

77 1643 133 1664 latis.

89 1893 171 1920 Appen.
182 1893 206 1914 ab
218 1894 258 1919 eiu,

76 1926 139 1946 ctiam
150 1927 174 1947 (111
183 1925 258 1948 Sedem
288 1939 294 1945 ·

77 1956 202 1983 Apostolic.,
214 1958 261 1978 11115-

76 1987 206 2014 queticenun
213 1994 260 2015 pro-

74 2017 166 2040 bibetur.

87 2388 204 2411 Processu:
215 2393 256 2411 tam

75 2421 130 2442 civil.
144 2427 204 2448 quam
218 2422 257 2442 cri-

75 2453 170 2479 minales,
180 2460 258 2476 secuu-

76 2485 121 2505 dum
129 2485 257 2505 (1505015111-

75 2518 120 2536 tuta
132 2515 255 2537 formemur.

219 989 267 1006 811111.
284 998 289 1004 .

976 249 1038 273 LEO
1059 249 1081 272 X
1103 250 1152 273 Pl>

290 307 418 352 fuerint,
441 306 471 341 in
489 313 553 341 toto
569 305 614 340 rel
639 305 669 340 in
699 312 797 352 parte,
822 312 913 352 prout
936 316 1040 339 rerum

291 358 336 392 vel
361 365 537 402 temporum
567 355 699 402 qualitas
721 354 874 400 exegerit,
899 354 1039 395 tollendi,

288 406 437 441 alterandi
468 413 498 439 et
522 405 552 439 in
580 404 694 439 melius
721 403 936 438 commutandi
966 404 1039 450 ple-

287 467 359 490 nam
374 462 404 490 et
417 454 545 489 liberam
570 454 599 488 in
618 453 766 488 omnibus
783 453 918 487 babeant
934 452 1038 488 sacul—

287 512 393 539 tatem.
408 503 703 546 Quibusinstitutis,
718 502 1038 541 ordinationibus,de-

286 553 510 589 clai-titionibus
531 561 559 587 et
576 552 838 593 correctionibus,
866 551 981 597 singuli
999 551 1037 587 de

286 602 531 649 congregatione
549 601 587 636 de
617 614 697 637 novo
716 609 819 636 erecta
841 600 1035 644 huiusmodi,

286 652 519 699 cuiuscumque
537 651 710 698 dignitatis,
724 659 834 693 status,
850 650 965 697 gradus
980 662 1035 685 seu

284 701 474 737 conditionis
488 701 634 741 existant,
654 700 821 736 efficaciter
845 711 953 747 parere
968 711 1037 734 om-

284 751 360 785 nino
375 758 551 786 teneantur.
568 750 611 784 lta
635 758 737 785 tamen
761 749 844 796 quod
867 749 904 784 ad
923 761 1036 795 pccca-

286 809 364 845 tum,
380 800 438 835 nisi
458 799 619 835 contratiat
634 812 670 835 ex
684 807 881 846 contemptu,
897 799 1033 847 aliquem

283 862 346 885 non
375 849 526 895 obligent.

331 899 351 947 ἓ
378 901 410 934 8,
439 899 478 934 Εῑ
500 900 645 946 quotiens
666 898 822 945 praelatus
833 898 945 946 aliquis
961 910 1036 933 mo-

283 949 466 990 nasterium,
487 949 535 983 cui
552 949 734 996 praefuerit,
750 948 929 992 reformare,
951 956 981 982 et
996 948 1033 982 ad

282 998 382 1046 ipsius
404 998 443 1033 de
467 1011 548 1033 noro
571 1006 692 1033 erectae
707 997 959 1044 congregationis
976 997 1035 1031 ob-

281 1048 468 1083 servantiam
493 1047 648 1083 reducere
671 1047 858 1087 decreverit,
882 1046 1035 1081 reforma-

282 1097 400 1132 tionem
429 1098 541 1144 ipsam,
564 1097 648 1132 iuxta
678 1096 829 1136 instituta,
853 1095 978 1130 decreta
1006 1105 1034 1130 et

281 1146 496 1182 ordinationes
509 1146 763 1193 congregationis
777 1144 1033 1192 eiusdem,pr0ut

281 1196 520 1231 convenientius
543 1197 668 1243 poterit,
697 1202 881 1242 exequatur.
911 1194 947 1228 Et
967 1194 1033 1229 eius

279 1253 358 1287 acta,
381 1246 605 1281 conventiones
620 1252 650 1280 et
673 1244 770 1284 modi,
792 1256 829 1278 eo
852 1244 919 1290 ipso
931 1244 1032 1290 quod

279 1294 318 1329 de
337 1306 494 1330 consensu
518 1294 618 1330 dictae
642 1293 895 1341 congregationis
922 1305 977 1328 seu
994 1294 1030 1328 ad

279 1343 308 1378 id
323 1344 556 1391 deputatorum,
573 1345 602 1378 in
618 1344 747 1378 formam
761 1342 919 1390 publicam
938 1342 1030 1378 reda-

278 1401 325 1427 cta
348 1393 483 1436 suerint,
511 1393 684 1442 apostolico
711 1393 775 1428 sint
801 1392 914 1428 robore
937 1405 1030 1427 com—

278 1452 408 1478 munita.

325 1493 345 1539 ἓ
372 1497 404 1529 9.
433 1493 578 1529 Univeisi
594 1505 666 1528 vero
684 1492 826 1529 eiusdem
850 1505 1030 1539 congrega-

275 1541 370 1577 tionis
382 1544 420 1578 de
433 1555 514 1578 novo
533 1551 654 1579 erectae
672 1543 810 1591 praelati,
825 1542 884 1577 sub
901 1543 1027 1590 praefati

274 1593 430 1648 generalis
457 1592 606 1634 Ordinis,
625 1601 655 1628 et
676 1593 727 1627 alii
751 1592 873 1627 monaci
892 1604 927 1627 ac
945 1604 1029 1627 con-

275 1653 353 1677 versi
368 1650 398 1677 ct
414 1654 585 1684 commissi
601 1643 660 1677 sub
675 1642 896 1689 praelatorum
910 1642 939 1676 111
953 1655 1029 1689 quo-

274 1703 343 1725 rum
359 1692 559 1727 monasteriis
572 1700 623 1727 aut
638 1692 706 1727 aliis
721 1692 797 1726 locis
818 1692 873 1739 ipsi
891 1693 1027 1734 monaci,

273 1742 414 1776 conversi
442 1750 472 1777 et
498 1742 658 1777 commissi
679 1748 852 1785 morantur,
876 1741 1028 1776 obedieu-

274 1791 326 1825 tiis
342 1791 460 1835 vivant,
476 1799 506 1827 et
525 1804 577 1826 eas
596 1792 656 1826 illis
672 1791 834 1825 humiliter
856 1800 1025 1838 praestent.

323 1845 338 1884 ἓ
362 1844 418 1876 10.
438 1841 478 1876 Et
505 1841 583 1876 nulli
613 1841 822 1888 praelatorum
847 1841 893 1875 vel
921 1853 1026 1875 mona-

273 1902 381 1925 corum
401 1890 646 1938 praedictorum,
663 1890 701 1925 ab
717 1890 879 1931 institutis,
895 1890 1025 1925 ordina-

274 1939 425 1985 tionibus,
440 1940 692 1976 correctionibus
706 1949 736 1975 et
759 1939 914 1974 mandatis
931 1941 1027 1987 capi—

274 1989 328 2024 tuli
361 1989 426 2025 sive
463 1990 618 2036 generalis
644 1989 774 2024 Ordinis
803 1998 856 2024 aut
893 1990 1024 2024 aliorum

273 2038 481 2086 praelatorum
497 2039 752 2086 congregationis
774 2039 970 2084 huiusmodi,
985 2040 1023 2074 ad

272 2100 520 2136 quemcumque,
533 2090 625 2124 etiam
640 2088 676 2123 ad
694 2101 750 2124 nos
765 2097 794 2123 et
806 2088 922 2123 Sedem
940 2101 1024 2135 prae-

273 2138 400 2178 dictam,
439 2139 498 2173 nisi
522 2139 560 2173 de
590 2138 718 2186 speciali
752 2138 873 2173 indulto
897 2137 1022 2173 Summi

274 2186 447 2233 pontilicis,
465 2188 556 2223 liceat
575 2188 748 2235 appellare;
779 2188 1024 2235 appellationes-

272 2249 334 2284 que
352 2237 490 2285 desuper
513 2250 567 2284 pro
595 2247 735 2284 tempore
761 2237 961 2285 interpositae
993 2246 1022 2272 et

272 2286 346 2322 iude
365 2295 482 2329 secuta,
512 2287 596 2322 irrita
619 2287 804 2322 habeantur.

321 2337 341 2384 g
364 2339 420 2372 11.
444 2337 482 2372 Et
509 2349 580 2372 euin
603 2347 710 2372 contra
738 2337 874 2383 aliquem
898 2337 1022 2383 praela-

272 2394 336 2421 tum
365 2387 412 2421 vel
436 2398 603 2421 monacum
627 2387 666 2421 de
692 2398 774 2421 novo
797 2395 919 2421 erectae
946 2398 1023 2421 con-

271 2436 462 2482 gregationis
485 2436 664 2472 huiusmodi
697 2436 829 2470 civiliter
851 2443 903 2471 aut
923 2436 1024 2470 crimi-

272 2485 383 2520 naliter
409 2486 458 2532 agi
480 2486 659 2532 contigerit,
687 2485 864 2520 secundum
893 2497 1022 2521 consue-

272 2534 396 2570 tudines
423 2544 453 2570 et
474 2543 588 2570 statuta
617 2535 775 2582 praedicta
813 2535 901 2579 (iuris
934 2547 1022 2570 com-

273 2584 377 2619 munis
399 2584 553 2631 apicibus,
577 2584 793 2628 dilationibus,
823 2584 965 2619 terminis
992 2593 1022 2620 et

273 2631 374 2667 litium
394 2634 587 2669 anfractibus
601 2635 737 2680 omissis)
752 2634 878 2682 procedi
897 2634 1019 2670 debeat.

350 2690 424 2721 Bull.
443 2691 519 2722 Rom.
539 2691 594 2724 Vol.
617 2691 644 2722 V.
866 2692 903 2722 69

1711 238 1780 272 545
1853 249 1903 276 An.
1920 249 1948 276 0.
1970 250 2035 278 1515

1133 305 1152 349 Ε
1176 306 1231 338 12.
1256 304 1325 339 Et
1319 304 1417 351 ipsius
1444 304 1482 339 de
1510 315 1591 339 novo
1613 311 1734 339 erectae
1756 310 1925 362 eon-113
1921 313 1998 362 ,⁸⁰1⁵
2002 313 2034 363 fg

1084 353 1275 399 amantionis
1304 354 1431 400 praelati
1474 366 1549 388 suos
1577 365 1746 397 monacos,
1782 366 1856 400 qur¹
1851 380 1883 399 Ψ
1894 374 1932 392 .,1
1958 375 1982 393 1,
2009 375 2033 393 ...

1082 403 1241 438 licentiam
1265 415 1281 438 a
1305 402 1388 438 Sede
1408 403 1543 450 praefata
1557 402 1673 438 babere
1700 403 1873 438 dixerint
1857 403 1961 454 ¹¹*
1963 406 1992 453 ‘¹²¹¹
1998 406 2033 456 μζ)

1081 465 1113 487 sc
1129 452 1167 488 ad
1187 452 1270 488 aliud
1287 452 1510 500 quodcumque
1530 453 1754 487 monasterium
1770 453 1834 488 sive
1851 470 1908 486 111111
1913 470 1970 486 111,11.
1984 442 2008 461 ¹

1081 502 1183 537 locum
1213 502 1434 545 transferendi,
1463 501 1593 536 obtentu
1617 501 1778 537 literarum
1800 514 1835 537 a-

1083 551 1318 598 postolicarum,
1331 551 1489 585 transferri
1507 563 1569 585 non
1589 551 1704 595 sinant,
1726 551 1785 586 nisi
1803 551 1832 585 in

1081 601 1156 647 ipsis
1184 600 1282 635 literis
1309 600 1478 647 specialis,
1509 600 1688 647 specificata
1721 608 1752 635 et
1779 612 1834 635 ex-

1081 662 1187 704 pressa
1207 649 1246 684 dc
1269 650 1514 696 congregatione
1531 657 1559 684 et
1583 658 1688 684 nostra
1703 649 1834 685 ordina-

1080 699 1164 733 tione
1192 699 1375 733 huiusmodi
1387 677 1518 733 Dmentio
1539 699 1605 753 fiat,
1627 699 1722 753 eique
1749 698 1834 734 sufli-

1078 748 1196 783 cienter
1218 748 1398 794 derogetur.
1422 748 1468 783 Ac
1492 757 1590 792 tnnc,
1613 761 1639 782 51
1663 749 1741 783 infra
1769 757 1833 784 tres

1079 809 1205 832 menses
1232 797 1261 831 id
1284 810 1347 832 non
1371 798 1613 852 compleverint,
1637 805 1745 833 contra
1765 810 1831 839 005,

1079 856 1234 902 tamquam
1259 855 1366 882 contra
1382 855 1602 894 apostatas,D
1566 860 1592 881 a
1594 847 1615 880 1
1638 848 1756 894 possit,
1771 848 1829 882 nisi

1078 909 1108 930 in
1122 897 1198 943 ipsis
1214 897 1312 931 literis
1334 896 1514 942 apostolicis
1530 909 1713 943 expressum
1738 897 1830 931 fuerit

1079 954 1203 991 tempus
1226 945 1303 980 infra
1327 946 1410 993 quod
1435 958 1467 980 se
1491 945 1626 980 debeant
1653 946 1689 980 ad
1720 946 1830 981 buius-

1078 995 1161 1030 modi
1177 997 1365 1030 monasteria
1389 995 1453 1029 sire
1475 995 1542 1030 loca
1557 996 1766 1041 transtulisse,
1779 1008 1830 1030 eo-

1077 1056 1138 1091 que
1161 1057 1248 1089 casu,
1272 1056 1333 1078 non
1350 1044 1439 1090 prius
1458 1053 1565 1078 contra
1588 1056 1642 1079 eos
1658 1045 1707 1091 agi
1724 1045 1827 1086 liceat,

1076 1106 1170 1140 quam
1194 1093 1276 1129 dicta
1300 1102 1440 1139 tempora
1464 1093 1526 1128 sint
1554 1093 1670 1139 elapsa.

1125 1143 1144 1190 S
1169 1145 1224 1177 15.
1252 1142 1299 1177 Ac
1321 1150 1501 1189 congregat.
1526 1142 1708 1177 huiusmodi
1737 1155 1828 1189 prae-

1076 1191 1141 1236 lati,
1163 1203 1437 1239 quarumcumque
1453 1192 1614 1226 literarum
1638 1192 1828 1238 apostolica-

1075 1254 1144 1276 rum
1169 1248 1356 1288 praetextu,
1380 1253 1441 1274 11151
1464 1241 1494 1275 1ι1
1523 1240 1585 1275 11115
1608 1241 1827 1288 praesentibus

1074 1291 1252 1337 specialiter
1279 1298 1308 1325 et
1336 1302 1483 1337 expresse
1510 1290 1690 1336 derogetur,
1716 1291 1754 1325 ad
1778 1304 1827 1326 re-

1074 1340 1239 1388 cipiendos
1271 1352 1444 1384 monacos,
1467 1340 1522 1387 qui
1548 1339 1625 1375 alias
1650 1318 1690 1374 ali
1716 1351 1824 1375 eorum

1074 1390 1209 1437 propriis
1232 1390 1444 1431 monasteriis,
1467 1389 1588 1437 absque
1610 1401 1743 1424 suorum
1771 1403 1826 1425 su—

1074 1445 1235 1491 periorum
1265 1444 1404 1489 licentia,
1428 1444 1657 1479 contumaciter
1679 1456 1825 1479 recesse-

1072 1507 1158 1540 runt,
1180 1512 1196 1534 a
1224 1511 1386 1547 quoquam
1408 1506 1568 1547 nequeant
1584 1498 1824 1546 quomodolibet

1071 1555 1234 1589 coarctari.

1120 1609 1210 1655 314.
1225 1608 1270 1642 Illi
1290 1621 1362 1644 vero
1385 1621 1424 1644 ex
1438 1608 1558 1643 eisdem
1574 1608 1727 1653 monacis,
1743 1621 1823 1656 quos

1070 1661 1109 1696 de
1126 1662 1327 1710 prioratibus,
1344 1663 1374 1697 in
1397 1663 1515 1710 quibus
1532 1662 1663 1710 professi
1684 1662 1822 1706 fuerunt,

1069 1725 1123 1751 aut
1145 1718 1345 1752 monasteriis
1371 1717 1437 1752 sive
1460 1717 1549 1762 locis,
1571 1717 1610 1752 ad
1638 1716 1696 1752 alia
1720 1717 1822 1753 dictae

1070 1772 1322 1818 congregationis
1337 1772 1526 1806 monasteria
1549 1771 1614 1806 sive
1637 1770 1718 1811 loca,
1739 1771 1822 1807 iuxta

1069 1825 1144 1859 dicti
1167 1825 1297 1872 capituli
1313 1824 1546 1860 ordinationem
1569 1824 1729 1859 transferri
1745 1838 1824 1861 con-

1069 1879 1184 1926 tigerit,
1207 1887 1260 1914 aut
1283 1880 1357 1914 alias
1381 1892 1436 1926 pro
1460 1879 1724 1914 conventualibus
1743 1892 1823 1926 quo-

1069 1934 1251 1977 modolibet,
1276 1948 1314 1970 ex
1343 1943 1417 1970 tnnc
1446 1935 1485 1969 ab
1514 1934 1589 1982 ipsis
1620 1934 1822 1981 prioratibus,

1069 1989 1271 2024 monasteriis
1303 1997 1397 2036 atque
1431 1988 1509 2023 locis
1542 1988 1665 2022 realiter
1688 1988 1821 2023 absoluti

1067 2043 1246 2087 extiterint,
1274 2042 1406 2077 aliorum
1440 2042 1705 2076 monasteriorum
1735 2041 1821 2076 loco-

1068 2108 1213 2143 rumque,
1237 2095 1388 2143 quamdiu
1409 2095 1451 2129 ibi
1474 2095 1630 2139 steterint,
1653 2095 1775 2130 monaci
1791 2104 1821 2130 et

1067 2151 1224 2197 suppositi
1252 2158 1458 2197 reputentur,
1482 2158 1512 2184 ct
1539 2161 1596 2196 pro
1623 2157 1819 2184 conventua-

1066 2204 1150 2240 libus
1177 2204 1254 2239 inibi
1282 2205 1468 2244 habeantur,
1496 2215 1531 2238 ac
1553 2202 1578 2237 si
1607 2202 1637 2237 in
1661 2202 1723 2239 illis
1743 2216 1820 2252 pro-

1067 2258 1235 2294 sessionem
1258 2271 1348 2294 suam
1376 2259 1566 2294 emisissent.

1115 2313 1134 2360 g
1171 2316 1226 2348 15.
1261 2313 1309 2349 Ac
1335 2313 1442 2348 omnia
1469 2313 1660 2349 monasteria
1692 2321 1722 2348 et
1750 2312 1816 2347 loca
1848 2321 1887 2342 Lo:
1891 2328 1902 2342 a
1927 2326 1947 2342 et
1969 2329 2020 2349 iwr-

1834 2358 1898 2373 sonae
1920 2360 1974 2374 omui
1970 2353 2016 2374 ihu·

1066 2367 1250 2414 praedicta,
1278 2377 1307 2403 et
1334 2380 1443 2402 eorum
1468 2367 1596 2414 praelati
1620 2376 1714 2414 atque
1739 2379 1816 2413 per—
1842 2390 1934 2411 mmm..
1923 2385 2009 2405 ...1....1-

1065 2433 1185 2463 sonae,
1213 2422 1469 2469 quibuscumque
1495 2421 1541 2456 eis
1568 2435 1583 2456 a
1618 2421 1699 2456 dicta
1731 2420 1843 2466 Sede
1833 2422 1869 2436 ²³
1845 2416 2018 2467 ,018881“·ξ,“,8οζ“ζ,8“

1066 2476 1112 2510 vel
1134 2476 1211 2511 alias
1238 2476 1509 2523 qualitercumque
1529 2475 1703 2518 concessis,
1725 2486 1761 2509 ac
1777 2473 1854 2508 (105
1831 2478 2017 2528 mnssmsj'ssuss

1066 2530 1133 2565 iure
1161 2543 1216 2565 sen
1245 2530 1432 2564 consuetud.
1453 2529 1568 2565 debitis
1591 2529 1814 2575 iuribus,ptae·

1065 2585 1246 2620 eminentiis
1268 2597 1304 2619 ac
1318 2584 1525 2631 dignitatibus
1539 2584 1727 2619 inconcusse
1741 2595 1815 2629 gau-

1065 2639 1159 2675 deant
1181 2648 1211 2674 ct
1234 2647 1372 2684 utantur,
1394 2638 1567 2674 dummodo
1590 2638 1639 2673 illa
1667 2636 1815 2685 praemis-

1844 1150 1870 1171 fu
1875 1153 1931 1177 gitivi
1942 1160 1983 1173 non
1993 1159 2028 1174 re-

1844 1184 1883 1209 cipi
1880 1184 1955 1208 antur,
1964 1189 2029 1209 prae-

1844 1214 1862 1234 la
1866 1216 1891 1235 115
1909 1216 1987 1235 invitis.

1853 1619 1954 1640 l'ranulati
1966 1622 2022 1642 iuna

1853 1652 2007 1672 ordinationem

1840 1682 1925 1707 capituli
1941 1683 1964 1702 ad
1982 1683 2022 1702 aba

1840 1712 1886 1732 tom
1895 1712 1986 1738 Ordinis,
1999 1720 2024 1734 e—

1840 1749 1898 1763 orum
1928 1744 2021 1765 locorum

1839 1774 1930 1799 professi
1942 1780 2020 1795 cense-

1841 1809 1908 1826 antur-
