2281 3251
222 249 272 276 An.
291 249 320 275 C.
336 249 403 276 ¹1:85

244 1250 309 1275 Quam
340 1249 408 1268 ‹nh-lit

225 1280 289 1300 heum
298 1280 408 1299 multorum

224 1312 305 1331 numini·
323 1315 409 1330 sancto-

224 1349 268 1362 111111
287 1342 407 1361 :obora-w:

247 2249 269 2269 ΕΙ
293 2251 348 2269 inter
373 2255 410 2268 ens

227 2279 361 2307 [ewaldum.
372 2281 412 2300 Αιι-

226 2312 409 2337 uria-prineipen»,

325 2343 411 2362 virtuti-

225 2373 263 2392 nus
275 2376 378 2393 umatum.
390 2376 408 2392 et

226 2404 333 2423 inari-hieu
353 2403 409 2423 Ι“111111

227 2343 297 2362 1111111111

226 2438 366 2459 cognomenti·
376 2441 410 2460 ap-

225 2465 325 2490 pellnhttn
342 2466 409 2485 §usci-

224 2495 288 2511 [aue.

467 235 537 269 500

420 309 542 335 runtur.
571 298 772 333 Cin-mudum
810 297 976 333 iai-ietate,
1003 296 1088 342 qnod
1115 297 1171 330 alia

420 349 657 396 triumphantis,
671 348 728 382 alia
752 347 914 381 militantis
932 345 1091 379 Ecclesiae
1106 357 1174 392 spe-

419 399 483 433 cies
497 399 618 432 existat.
639 397 685 431 De
702 396 905 440 triumphanti
929 394 1056 428 Domini
1076 406 1173 440 spon-

419 448 508 482 sione
532 447 772 492 repromittitur:
796 445 863 490 Ego
885 456 938 478 ero
958 444 1004 477 eis
1018 443 1171 490 quidquid

419 496 458 530 ab
482 496 664 530 hominibus
688 496 769 529 iuste
789 493 959 528 desiderari
985 500 1096 539 potest.
1111 492 1173 527 Ero

422 545 483 579 illis
507 546 618 588 honor,
634 544 744 591 gloria,
767 544 853 578 salus
875 551 903 577 et
928 543 1001 581 rita,
1023 542 1122 576 virtus
1144 551 1172 576 et

420 595 521 641 eopia,
538 606 594 642 pax
612 603 640 629 et
657 606 750 628 omne
767 593 896 627 bonurn.
914 591 1053 626 Militans
1067 600 1171 626 autem

422 643 560 678 Ecclesia
585 643 699 678 fundae
728 655 788 677 non
818 642 923 688 inepte
957 640 1173 679 assimulatum

422 705 492 726 nam
521 693 600 728 sieut
623 706 659 727 ex
675 692 771 726 sunda
791 692 820 725 in
843 703 954 738 gyrum
982 698 1099 725 versata
1123 690 1173 724 la-

421 742 510 789 pides
532 750 660 786 exeunt,
683 741 799 789 quihus
821 741 990 775 adversarii
1021 740 1174 774 feriuntur

420 801 450 826 et
477 791 602 826 Goliath
619 791 838 838 prosternitur,
862 791 900 824 ita
924 802 959 824 ex
983 797 1088 824 sancta
1108 789 1171 823 Ee-

420 841 526 881 clesia,
549 840 625 875 dum
655 853 710 888 per
732 841 831 875 varias
859 839 1011 886 procellas
1040 847 1070 872 et
1093 848 1175 873 tem—

422 899 558 937 pestates
592 890 780 925 fluctuantes
828 889 921 923 huius
962 888 1079 923 saeculi
1121 901 1175 934 per

420 939 656 974 tribulationum
677 939 844 974 circuitum
862 946 993 976 rotatur,
1010 940 1105 972 sortes
1119 938 1172 971 vii-i

422 989 587 1036 prodeunt,
613 989 730 1036 quibus
752 989 840 1036 quasi
866 987 1025 1034 lapidibus
1050 988 1175 1034 iniquo-

421 1051 488 1073 rum
525 1038 617 1073 corda
645 1038 835 1078 tunduntur,
863 1046 893 1072 et
927 1037 966 1070 tle
994 1037 1083 1071 hoste
1115 1037 1173 1070 hu-

421 1088 504 1122 mani
533 1087 660 1134 generis
687 1088 885 1134 nequissimo
908 1098 922 1120 a
947 1086 1065 1120 Christi
1091 1094 1175 1134 tyro—

423 1137 517 1172 nibus
544 1137 766 1184 triumphatur.

472 1190 487 1230 §
509 1190 542 1220 2.
574 1184 662 1221 Hanc
680 1186 778 1234 ipsam
805 1185 978 1220 Ecclesiam
1004 1184 1089 1219 Deus
1106 1197 1174 1219 om-

424 1236 571 1282 nipotens
610 1236 686 1270 mira
723 1235 858 1282 quadam
894 1234 1102 1280 dispositione
1147 1243 1172 1267 et

426 1293 578 1331 potestate
602 1285 754 1327 fundarit,
771 1285 910 1331 pretioso
934 1284 1087 1329 unigeniti
1105 1282 1174 1317 Filii

423 1335 470 1368 sui
496 1334 623 1368 Domini
658 1335 753 1369 nostri
783 1334 852 1368 lesu
881 1332 998 1367 Christi
1022 1332 1176 1378 sanguine

423 1383 560 1418 dotatam
595 1395 664 1418 esse
699 1383 814 1422 votuit,
848 1382 1011 1428 multiplici
1040 1381 1176 1428 Spiritus

424 1432 532 1467 Sancti
555 1433 652 1479 gratia
668 1431 1029 1478 ornavit,apostolorum
1053 1431 1176 1476 simpli-

423 1481 515 1516 citate
538 1490 568 1516 et
592 1482 651 1516 fide
674 1481 842 1525 roboravit,
867 1492 947 1528 quos
970 1480 1095 1526 ignaros
1113 1480 1174 1514 de-

423 1531 510 1577 legit,
534 1539 567 1565 ut
590 1530 725 1578 populos
749 1542 810 1565 non
840 1538 902 1565 tam
925 1541 1029 1564 sermo
1052 1529 1174 1564 illorum

422 1592 516 1627 quam
529 1592 622 1615 eausa
636 1580 672 1615 ad
696 1579 890 1615 eredendum
906 1579 1178 1619 addtieere13mar—

424 1637 526 1676 tyrum
543 1630 721 1670 tormentis,
736 1628 942 1672 cruciatibus,
958 1628 1133 1663 constantia
1148 1637 1174 1662 et

423 1678 573 1726 trophaeis
587 1679 748 1719 stabilivit,
763 1690 907 1725 repressa
922 1677 1091 1725 paulisper,
1105 1678 1175 1724 qui-

424 1729 512 1762 nimo
533 1728 663 1763 conl'usa
687 1728 882 1763 infidelitatis
900 1727 1044 1768 saevitia;
1067 1736 1097 1762 et
1125 1727 1175 1761 ini·

425 1777 508 1812 mico
523 1777 651 1812 homine
674 1777 947 1824 superseminante
969 1777 1097 1821 zizania,
1115 1789 1176 1811 cre-

422 1834 529 1861 scente
552 1826 824 1874 multiplicataque
847 1826 1076 1861 haeretieorum
1107 1837 1177 1873 pra-

425 1875 537 1920 vitate,
559 1875 724 1911 doctorum
748 1876 872 1911 caelesti
897 1875 1037 1910 doctrina
1055 1875 1176 1909 illumi-

425 1925 518 1965 navit,
546 1933 576 1959 et
603 1925 731 1960 demum
766 1925 998 1969 eonse>sorum,
1021 1925 1175 1970 virginum

425 1974 622 2021 aliorumque
650 1983 831 2010 sanctorum
862 1974 1017 2021 intrepida
1045 1974 1176 2008 6011165-

424 2023 525 2065 sione,
544 2024 650 2059 solerti
666 2036 741 2059 eura
761 2024 977 2070 exemplisque
1002 2023 1177 2058 imitatione

424 2076 633 2123 dignissimis,
668 2077 820 2112 adversus
854 2076 1013 2112 Sathanae
1049 2077 1177 2111 insidias

425 2130 646 2165 circumdedit.

473 2189 489 2227 ξ
517 2187 548 2218 5.
577 2184 662 2219 luter
676 2192 780 2220 autem
802 2184 862 2219 alia
884 2183 1090 2219 saluberrima
1105 2196 1177 2218 san-

426 2238 542 2272 ctitatis
555 2239 713 2286 exempla,
725 2239 829 2274 divina
847 2237 1061 2273 misericordia
1078 2237 1175 2285 sydus

426 2292 584 2339 quoddam
622 2293 741 2326 mundo
783 2292 902 2338 fulgere
930 2291 1016 2326 dedit
1047 2291 1172 2326 beatum

426 2344 623 2392 Leopoldum
665 2346 810 2380 Austriae
847 2345 1022 2392 principem
1041 2373 1048 2383 ‚
1084 2344 1174 2379 Pium

427 2399 638 2434 marchionem
662 2408 873 2445 cognomento
895 2399 1100 2446 appellatum,
1129 2400 1177 2433 in-

427 2453 601 2498 nocentiae,
620 2454 792 2501 sapientiae
803 2464 833 2489 et
850 2453 987 2488 iustitiae
1005 2453 1175 2488 vestimen-

426 2507 475 2552 tis,
491 2507 608 2554 quibus
631 2508 735 2542 vestiri
754 2507 927 2543 Ecclesiam
950 2506 1175 2554 praediximus,

425 2560 596 2602 decorum;
620 2561 758 2596 bonitate
774 2589 783 2600 ‚
812 2560 1053 2596 mansuetudine
1080 2568 1174 2606 atque

425 2613 592 2650 clementia
611 2615 831 2662 conspicuum,
855 2615 1069 2662 simplicitate,
1092 2626 1176 2649 eon-

996 240 1183 264 BULLARtt‘n
1212 239 1372 262 ΙΙΟΜᾸΝΓΜ

1216 295 1345 329 tinentia
1368 302 1395 328 et
1414 293 1629 328 munificentia
1650 290 1964 339 praeclai·uni;etiius

1216 344 1377 390 integritas
1394 371 1403 386 ,
1429 343 1508 377 vitae
1543 341 1762 384 sanctimonia,
1790 339 1963 376 humilitas,

1217 393 1328 439 pietas,
1363 393 1441 427 sides
1468 392 1546 427 adeo
1569 391 1649 438 apud
1673 388 1894 425 christifideles
1915 389 1963 422 in-

1217 442 1399 481 valuerunt,
1424 449 1456 475 ut
1481 454 1540 476 uua
1564 441 1703 475 omnium
1732 438 1964 473 Germanorum

1217 503 1290 526 voce
1325 505 1380 538 pro
1403 499 1510 525 sancto
1534 490 1688 525 hactenus
1710 488 1887 523 celebratus
1902 487 1967 521 fne-

1216 540 1272 580 rit;
1295 541 1386 575 euius
1409 539 1626 575 liberalitatem
1653 538 1906 584 christianaeque
1923 549 1969 571 re-

1216 589 1341 635 ligionis
1374 589 1493 624 cultum
1530 588 1679 623 nonnulla
1703 587 1905 626 monasteria,
1937 595 1966 619 et

1216 638 1343 686 quidem
1366 638 1584 677 celeberrima,
1599 637 1638 672 ab
1656 649 1693 672 eo
1710 649 1783 671 cnm
1806 635 1969 682 amplissi-

1217 689 1276 722 mis
1298 688 1447 723 censibus
1469 695 1660 731 constructa,
1676 686 1733 720 alia
1749 687 1841 720 etiam
1856 697 1968 730 magno

1216 745 1345 784 sumptu
1375 737 1527 772 illustrata
1562 736 1689 771 abunde
1722 743 1884 770 testantur.
1912 734 1968 768 Hie

1218 788 1364 834 princeps
1378 787 1517 835 optimus
1543 785 1724 821 sacerdotes
1745 793 1775 819 et
1798 784 1880 818 viros
1894 783 1970 818 reli-

1216 837 1322 883 giosos
1335 836 1505 871 admodum
1528 835 1635 876 coluit,
1654 835 1869 881 Summosque
1884 833 1971 868 Pon-

1218 886 1316 921 titices
1341 894 1422 921 tanta
1458 885 1659 921 veneratione
1688 893 1874 931 prosecutus
1902 882 1970 925 fuit,

1219 945 1251 970 111
1283 936 1322 970 ab
1360 936 1548 970 Innocentio
1576 934 1614 975 ll,
1643 934 1789 969 Romano
1817 932 1971 967 l'ontifiee

1219 985 1463 1031 praedecessore
1486 992 1604 1024 nostro,
1628 982 1795 1030 peculiaris
1823 981 1857 1017 S.
1885 981 1970 1016 Petri

1219 1035 1302 1069 1111115
1329 1034 1552 1082 appellaretur,
1565 1042 1595 1068 et
1615 1032 1783 1080 apostolica
1807 1043 1972 1065 commen-

1218 1083 1360 1125 datione,
1392 1091 1486 1131 atque
1504 1096 1538 1118 ea
1567 1083 1722 1130 plenaria,
1759 1093 1851 1128 quam
1881 1081 1971 1127 vulgo

1217 1133 1338 1172 dicunt,
1361 1133 1560 1168 absolutione
1583 1133 1698 1178 dignus
1719 1130 1758 1166 ab
1780 1130 1890 1165 eodem
1921 1130 1970 1164 ln-

1219 1183 1366 1217 nocentio
1389 1183 1481 1217 etiam
1507 1190 1652 1216 mortuus
1675 1181 1832 1215 iudicatus
1863 1178 1968 1214 fuerit.

1218 1231 1278 1267 llic
1301 1233 1346 1266 vir
1371 1232 1428 1267 Dei
1452 1233 1480 1266 in
1514 1231 1649 1266 summis
1671 1230 1784 1276 opibus
1806 1229 1971 1268 educatus,

1219 1282 1248 1315 in
1278 1294 1389 1328 magna
1422 1281 1570 1328 peccandi
1607 1280 1733 1314 licentia
1766 1278 1971 1322 constitutus,

1218 1330 1437 1377 coniugalibus
1459 1330 1543 1364 euris
1567 1329 1751 1376 implicitus,
1774 1328 1971 1375 principatus

1219 1381 1373 1426 regimine
1397 1379 1587 1426 impeditus,
1605 1378 1716 1413 sedulo
1729 1386 1830 1412 tamen
1849 1377 1972 1423 pietatis

1218 1438 1247 1463 et
1277 1429 1514 1464 misericordiae
1543 1441 1672 1463 munera
1695 1426 1845 1465 subibat,
1875 1426 1972 1460 lassos

1219 1478 1382 1522 roborans,
1395 1479 1572 1513 vacillantes
1581 1478 1785 1514 conlirmaus,
1800 1487 1972 1522 oppressos

1218 1527 1398 1567 sublevans,
1423 1529 1535 1574 inopes
1557 1527 1676 1561 fovens.
1700 1525 1786 1560 luter
1807 1536 1898 1559 curas
1911 1524 1973 1559 do—

1219 1589 1309 1621 mus,
1338 1577 1418 1611 inter
1449 1576 1633 1622 coniugales
1667 1575 1863 1617 anxietates,
1891 1574 1972 1608 inter

1218 1626 1350 1662 affectus
1379 1627 1558 1673 pignorum,
1582 1626 1662 1659 inter
1681 1623 1871 1670 multiplices
1891 1624 1972 1670 prin-

1219 1677 1341 1723 cipatus
1355 1675 1584 1716 solicitudines,
1599 1675 1679 1709 inter
1693 1673 1797 1708 studia
1822 1681 1865 1707 tot
1888 1672 1973 1707 labo·
2016 1706 2019 1707 a

1220 1738 1301 1767 rum,
1327 1725 1564 1760 immaculatum
1587 1736 1656 1758 sese
1689 1723 1728 1757 ab
1764 1722 1823 1757 hoe
1844 1722 1971 1757 saeculo

1219 1775 1398 1818 custodivit,
1414 1783 1443 1809 et
1467 1773 1648 1821 temporalia
1673 1771 1833 1807 tractando
1846 1779 1970 1806 aeterna

1220 1824 1388 1871 disposuit.

1268 1878 1284 1917 ἕ
1312 1877 1344 1907 4.
1376 1872 1589 1918 Quadraginta
1627 1871 1718 1905 annis
1756 1870 1968 1917 principatum

1220 1923 1367 1958 Austriae
1390 1934 1502 1969 regens
1524 1929 1565 1961 et,
1588 1919 1673 1967 qnod
1702 1920 1802 1954 maius
1829 1927 1887 1956 est.
1910 1919 1970 1954 illis

1221 1972 1388 2019 praecipue
1403 1970 1610 2018 temporibus,
1621 1969 1874 2017 quibuspropter
1889 1967 1971 2002 Hen-

1220 2022 1355 2056 ricorum
1384 2021 1480 2068 patris
1506 2028 1535 2055 et
1571 2019 1623 2053 lilii
1652 2027 1779 2054 mutuas
1806 2025 1970 2053 concerta-

1221 2071 1323 2105 tiones
1338 2098 1347 2115 ,
1370 2078 1399 2105 et
1436 2078 1542 2117 postea
1571 2078 1697 2116 propter
1719 2067 1846 2102 l·lenrici
1869 2067 1969 2114 quarti
1997 2075 2020 2087 ¹¹

1220 2131 1292 2154 cnm
1322 2119 1470 2154 Lothario
1492 2119 1663 2154 acerrimas
1685 2116 1918 2160 contentiones,
1940 2116 1969 2150 in

1220 2168 1390 2203 Germania
1427 2169 1540 2209 bellis,
1577 2167 1730 2202 incendiis
1756 2174 1787 2201 et
1822 2177 1969 2212 agrorum

1222 2218 1443 2253 vastationibus
1457 2217 1683 2252 tumultuatum
1694 2223 1884 2258 est,summa
1897 2226 1969 2249 611111

1222 2268 1351 2307 institia,
1375 2267 1551 2302 humilitate
1569 2274 1598 2301 et
1615 2264 1841 2312 tranquillitate
1858 2271 1968 2299 cuncta

1220 2317 1458 2358 administravit,
1485 2324 1515 2351 et
1542 2315 1609 2350 aliis
1636 2315 1731 2349 caede
1757 2322 1787 2348 et
1817 2313 1970 2359 sanguine

1221 2366 1438 2407 madentibus,
1465 2365 1616 2401 creditam
1640 2364 1697 2398 sibi
1729 2363 1873 2398 Austriae
1898 2374 1970 2409 pro-

1222 2416 1352 2451 vinciam
1370 2416 1399 2449 in
1416 2416 1563 2449 diuturna
1580 2426 1655 2461 pace
1665 2413 1834 2454 continuit3
1852 2411 1969 2459 quibus

1219 2477 1256 2499 ex
1275 2465 1405 2503 meritis,
1423 2465 1568 2499 aeternae
1594 2462 1810 2497 retributionis
1835 2470 1866 2497 et
1885 2461 1969 2508 pacis

1221 2515 1354 2561 praemia
1383 2526 1398 2548 a
1425 2513 1492 2548 Deo
1520 2512 1641 2559 optimo
1664 2511 1863 2558 maximoque
1879 2537 1889 2549 ,
1913 2510 1967 2556 qui

1219 2563 1428 2611 centuplicato
1450 2562 1577 2598 foenore
1594 2561 1703 2596 merita
1719 2560 1882 2596 hominum
1897 2571 1970 2606 pen-

1219 2621 1276 2657 sat,
1298 2621 1344 2648 est
1365 2619 1564 2647 consecutus.

1980 237 2030 262 An.
2047 234 2077 261 C.
2097 234 2163 262 lass

1998 1880 2016 1901 ls
2031 1881 2169 1908 quadragint-

1983 1915 2045 1934 11111115
2059 1913 2168 1939 principa-

1984 1948 2026 1965 tum
2056 1943 2166 1966 Austriae,

1996 1974 2155 1996 turbulentissi-

1984 2008 2022 2027 mis
2037 2007 2100 2027 etiam
2118 2009 2166 2026 tein-

1984 2037 2077 2064 paritum,
2086 2037 2106 2056 in
2115 2042 2167 2063 pace
