2281 3251
237 248 285 274 An.
304 248 333 274 C.
354 247 420 275 trifi7

252 1539 344 1560 tibrum(-
358 1541 425 1566 pluri-

276 1578 293 1590 ιιι
338 1570 423 1590 ltalia-'te

255 2192 376 2218 tluriiponi-ii

242 2224 342 2243 incumbit
373 2222 428 2243 l'nu-

264 2405 428 2427 tlonunwrm·

244 2443 288 2458 rum
298 2438 429 2458 difficillima-

245 2475 289 2488 rum
308 2469 388 2489 decisio
404 2468 428 2488 ud

245 2498 305 2520 t‘ont.
322 2502 411 2526 spot-m,

486 237 556 271 190

433 301 618 343 cernebam,
636 301 853 337 studuerimus
874 313 1088 346 commonere,
1109 301 1189 336 alio-

436 363 504 385 rum
528 351 569 386 sit
591 363 755 391 enarrare3
782 363 863 398 quae
890 351 1008 395 omnia,
1028 358 1187 397 tamquam

436 400 614 442 notissima,
643 400 946 448 praetermittimus,
985 412 1023 434 ne
1050 408 1189 434 ostenta-

435 449 524 494 tioni,
545 450 600 485 scd
625 450 748 484 utilitati
772 457 801 484 et
824 450 934 484 unitati
954 449 1057 496 gregis
1084 449 1189 484 domi-

436 499 496 533 nici
524 499 666 534 insistere
692 499 866 534 videamur.

483 547 546 583 Sed
565 548 716 595 quoniam
734 548 862 582 liumani
878 547 1005 593 generis
1021 547 1132 590 liostis,
1152 547 1191 581 zi-

437 597 544 632 zaniae
567 606 663 642 sator,
685 610 718 633 sc
740 597 778 632 ad
801 596 1020 632 obsistendum
1044 596 1190 643 gloriosis

435 645 531 682 rebus
557 646 655 693 gestis
680 646 865 693 gerendisve
892 645 973 681 solet
1005 646 1190 692 accingere,

435 707 499 741 quo
521 695 694 730 ferventius
709 695 768 730 Dei
793 695 931 742 populus
947 694 1121 742 fidelesque
1135 707 1190 730 ca-

436 743 542 780 tliolici
563 756 613 779 res
630 744 854 779 saluberrimas
875 744 1124 791 amplectuutur,
1139 756 1191 779 so-

437 793 540 840 letque
577 805 735 841 supernae
768 793 984 840 providentiae
1025 793 1191 841 dispositio

437 842 608 888 interdum,
623 842 660 878 ad
690 842 906 890 probationem
937 844 1135 878 constantiae
1161 851 1192 878 et

437 892 591 927 firmitatis
613 892 807 927 credentium
831 893 1038 939 ipsorumque
1066 892 1192 939 profec-

437 948 515 983 tum,
538 941 718 988 permittere
741 941 824 988 quod
847 941 988 976 tumidus
1007 941 1191 989 aliquantis-

437 1002 492 1036 per
518 990 694 1038 praevaleat
721 991 833 1033 bostis,
857 998 1049 1038 superetque
1073 991 1192 1036 fideles,

437 1047 471 1073 ut
493 1039 633 1084 tandem,
655 1039 754 1076 elatus
779 1039 932 1080 inaniter,
956 1040 985 1074 in
1009 1040 1190 1087 superbiam

437 1097 575 1130 corruat,
598 1097 628 1124 et
653 1097 822 1136 superatus
848 1101 924 1124 suae
939 1088 1112 1124 divinitatis
1134 1102 1192 1137 po-

438 1139 552 1183 tentia,
580 1138 707 1186 penitus
733 1138 959 1182 contundatur,
985 1139 1109 1187 ipsique
1135 1140 1191 1174 soli

437 1186 505 1223 Deo
537 1187 605 1223 vito
633 1196 663 1223 et
691 1200 763 1223 vero
796 1189 871 1223 sit
864 1187 977 1234 g·loiia,
1010 1200 1047 1223 ac
1083 1189 1191 1244 populi

437 1235 578 1277 Domini,
596 1236 754 1273 hereditas
781 1238 862 1282 eius,
884 1249 944 1272 una
971 1249 1044 1273 cum
1073 1238 1193 1285 princi-

439 1285 530 1332 pibus
544 1286 610 1322 suis
624 1299 761 1334 superna
777 1286 928 1322 beneficia
952 1296 1192 1334 recognoscant,

440 1334 586 1383 illiusque
614 1337 792 1383 potentiae,
819 1348 881 1370 non
901 1337 1044 1383 propriae
1067 1337 1192 1378 virtuti,

440 1384 589 1420 victoriae
617 1385 713 1420 decus
740 1385 931 1429 attribuant,
964 1394 995 1420 et
1027 1395 1193 1433 propterea

440 1433 527 1474 liaec,
543 1446 624 1481 quae
642 1446 769 1470 summo
787 1434 975 1482 optabamus
990 1435 1116 1480 all'ectu,
1132 1435 1194 1471 linc

440 1495 540 1530 usque
568 1484 807 1531 nequiverimus
839 1485 1014 1532 adimplere
1042 1485 1081 1520 de
1109 1497 1192 1520 una—

440 1537 515 1571 nimi
535 1548 693 1573 consensu
711 1545 930 1585 potentatuum
949 1538 1194 1585 praedictorum,

439 1590 637 1626 attendentes
681 1592 766 1639 quod
811 1592 998 1639 magnitudo
1041 1593 1193 1639 periculi,

438 1644 536 1691 quod,
558 1646 723 1681 occasione
738 1647 879 1694 ipsorum
906 1646 1095 1692 infidelium,
1117 1647 1194 1682 cliri-

437 1698 556 1733 stianae
580 1699 775 1747 reipublicae
805 1700 1005 1747 apertissime
1032 1700 1194 1746 imminet,

437 1752 670 1789 dissidentibus
686 1754 767 1789 inter
788 1767 821 1790 se
837 1754 935 1798 Italis,
949 1754 1083 1790 caeteris
1106 1755 1195 1802 prin-

438 1805 563 1853 cipibus
585 1815 617 1842 et
644 1808 771 1855 populis
793 1807 1040 1843 christianorum
1065 1821 1196 1855 persua—

438 1859 503 1894 deri
528 1872 590 1895 non
613 1869 727 1908 potest;
747 1861 845 1909 quod,
868 1862 1002 1896 durante
1025 1861 1109 1897 bello
1132 1862 1196 1897 lta-

439 1912 510 1953 lico,
535 1914 696 1950 nationum
720 1915 885 1963 principes
912 1915 1044 1950 aliarum
1073 1916 1194 1951 nullum

439 1967 501 2002 sint
518 1969 731 2004 verisimiliter
752 1969 930 2004 subsidium
945 1969 1084 2011 allaturi;
1098 1971 1198 2017 opitu-

440 2021 521 2057 lante
536 2022 712 2069 Altissimo,
735 2023 772 2058 ad
797 2024 986 2068 renovanda,
1010 2024 1196 2069 roboranda,

439 2084 469 2110 ct
491 2076 593 2123 siqua
613 2076 691 2112 sorte
707 2076 863 2122 dubietas,
886 2077 911 2112 si
936 2078 1006 2124 quis
1028 2079 1197 2125 scrupulus

441 2129 514 2164 inde
537 2131 700 2166 emerserit
716 2130 956 2178 reintegrandae
974 2132 1110 2166 nationis
1129 2131 1197 2166 Ita-

402 2192 426 2212 izs
442 2183 531 2226 licae,
555 2185 640 2232 pacis
661 2193 691 2220 ct
719 2185 847 2221 unionis
871 2185 996 2221 foedera
1012 2198 1049 2221 eo
1072 2186 1198 2221 enixius

442 2239 630 2285 aspiramus,
645 2252 709 2287 quo
725 2240 899 2288 perplures
915 2247 1096 2287 potentatus
1111 2241 1197 2275 eius-

442 2290 514 2326 dem
540 2292 677 2328 nationis
699 2293 792 2340 legati
819 2293 902 2341 apud
927 2306 984 2328 nos
1004 2306 1059 2341 pro
1084 2294 1142 2328 bac
1166 2306 1198 2328 re

442 2344 593 2381 diuturno
620 2355 762 2394 tempore
789 2347 988 2392 institerunt,
1015 2356 1046 2383 et
1073 2349 1111 2383 ad
1139 2361 1198 2383 no-

442 2407 540 2434 strum
557 2400 713 2447 pastorale
732 2401 871 2437 ellicimn
889 2402 1022 2449 pertinet
1036 2401 1198 2438 dissiden-

443 2453 527 2490 tibus
548 2454 729 2490 christianis
752 2456 880 2503 populis
906 2468 1017 2504 pacem
1041 2456 1197 2498 indicere,

444 2519 552 2555 pacem
578 2507 734 2555 praeferre
755 2517 785 2544 ct
809 2510 1007 2557 praedicare3
1023 2517 1126 2557 atque,
1149 2523 1199 2545 su-

443 2573 539 2609 perna
561 2561 653 2598 nobis
679 2563 709 2597 in
734 2563 791 2599 bac
818 2573 906 2610 parte
933 2572 1088 2612 potestate
1119 2576 1198 2600 con-

443 2627 543 2656 cessa,
562 2615 613 2652 illa
632 2615 791 2652 observari
818 2618 919 2654 facere
946 2626 974 2655 et
999 2618 1095 2662 tueri,
1114 2618 1197 2654 iuxta

1016 248 1116 271 num
1123 248 1202 270 ulcu
1233 248 1394 271 ROMANL'M

1230 301 1317 342 illud,
1336 301 1421 348 quod
1439 301 1518 337 iuter
1536 311 1656 337 caetera
1681 302 1710 336 iu
1734 301 1984 337 Deuteronomio

1231 351 1383 398 praecipit
1405 351 1599 393 Altissimus,
1623 361 1668 392 ut,
1699 351 1724 386 si
1752 351 1829 398 quid
1857 351 1985 386 difficile

1230 408 1259 434 et
1293 400 1479 446 ambiguum
1515 401 1593 436 soret
1624 402 1653 435 in
1687 402 1792 436 causis
1820 408 1850 435 et
1877 401 1984 436 dubiis

1231 449 1356 484 iudiciis
1380 450 1542 490 faciendis,
1566 451 1700 497 quisque
1728 463 1742 484 a
1766 450 1985 485 sacerdotibus

1232 499 1412 543 postularet
1422 507 1451 534 et
1471 511 1551 545 quae
1570 500 1612 534 illi
1629 500 1782 539 dicei-,ent
1800 500 1907 545 procul
1924 499 1986 534 du-

1231 547 1280 581 l›io
1295 547 1443 589 facerent,
1459 549 1600 596 nullique
1615 548 1914 595 superbireliceret,
1932 557 1985 584 aut

1231 596 1425 632 sacerdotis
1419 598 1564 644 imperio,
1587 610 1623 632 eo
1648 606 1789 653 tempore
1810 610 1873 645 quo
1896 599 1987 633 mini-

1231 654 1353 687 straret
1377 646 1436 681 sub
1460 647 1570 694 poenis
1589 648 1795 693 ‘rausslmts,
1818 647 1986 687 contraire;

1231 702 1261 728 et
1296 695 1380 741 quod
1418 696 1448 730 iu
1482 707 1603 731 canone
1635 695 1826 741 Agatllensis
1859 697 1988 732 concilii

1233 744 1346 790 legitur
1382 752 1562 785 exaratum,
1594 745 1700 792 quod,
1735 745 1760 780 si
1797 745 1988 781 dissidentes

1233 794 1312 828 inter
1333 805 1366 828 se
1393 795 1430 828 ad
1462 806 1569 841 pacem
1594 794 1731 829 revocari
1758 794 1907 829 diuturna
1931 794 1990 830 ob-

1231 843 1403 878 stinatione
1436 843 1622 890 nequirent,
1644 855 1660 878 a
1683 843 1901 879 sacerdotibus
1920 844 1990 879 civi·

1233 892 1304 926 tatis
1342 893 1432 939 argui
1468 900 1612 939 oportere
1642 893 1796 940 primum:
1818 893 1910 940 quisi
1929 893 1990 928 ini-

1235 941 1369 976 micitias
1407 941 1567 989 deponere
1603 942 1777 988 perniciosa
1816 942 1990 978 intentione

1233 998 1486 1036 contemnerent,
1513 991 1553 1026 de
1578 990 1739 1026 Ecclesiae
1766 1001 1858 1027 coetu
1883 992 1991 1027 iustis-

1233 1040 1312 1075 sima
1347 1041 1677 1076 excouununicatione
1713 1041 1926 1088 pellerentur,
1958 1041 1990 1076 in

1235 1089 1304 1135 ipso
1319 1090 1404 1136 pacis
1415 1090 1554 1125 Auctore
1569 1098 1733 1136 sperantes
1749 1090 1890 1135 indubie,
1905 1090 1991 1138 quod

1235 1138 1287 1173 lilii
1319 1139 1504 1186 prudentes,
1523 1139 1605 1174 illius
1633 1139 1821 1174 eruditionis
1848 1151 1992 1186 evange-

1234 1188 1327 1229 licae,
1351 1201 1409 1235 qua
1436 1188 1595 1223 Dominus
1616 1188 1707 1224 dicit:
1727 1190 1792 1230 Qui
1810 1201 1863 1224 cos
1884 1190 1988 1228 audit,

1233 1250 1279 1271 me
1297 1240 1398 1282 audit,
1414 1250 1613 1285 nequaquam
1631 1238 1845 1283 immemores,
1859 1238 1992 1285 pastoris

1234 1287 1282 1321 sui
1306 1287 1467 1334 praecipui
1492 1299 1600 1322 vocem
1625 1287 1850 1334 intelligentes,
1872 1287 1909 1323 ad
1926 1288 1992 1323 evi-

1235 1336 1365 1371 tandum
1393 1337 1586 1372 calamitates
1613 1345 1645 1371 et
1674 1338 1811 1383 pericula
1841 1337 1993 1373 liuiusce-

1235 1385 1319 1420 modi
1348 1393 1443 1432 atque
1462 1386 1599 1430 maiora,
1621 1394 1651 1421 et
1681 1395 1714 1421 ut
1742 1386 1821 1421 bona
1845 1387 1991 1433 plurima,

1235 1434 1272 1468 ad
1288 1447 1368 1481 quae
1383 1436 1487 1470 omnis
1505 1444 1610 1470 nostra
1626 1436 1741 1481 aspirat
1759 1436 1902 1477 intentio,
1921 1436 1992 1471 sub·

1235 1493 1428 1531 sequantur,
1456 1497 1563 1532 pacem
1600 1485 1706 1531 pronis
1735 1486 1851 1520 animis
1877 1485 1992 1532 ample-

1235 1545 1370 1579 ctentur;
1393 1551 1479 1583 cum,
1506 1540 1590 1573 iuxta
1627 1538 1707 1573 beati
1736 1538 1885 1586 Cypriani
1918 1553 2013 1576 sen-·

1236 1592 1375 1633 tentiam,
1400 1604 1493 1627 nemo
1517 1592 1732 1640 possitDeum
1750 1592 1865 1629 habere
1886 1595 1992 1642 placa-

1238 1654 1304 1680 tum
1321 1674 1328 1687 ,
1352 1647 1404 1693 qui
1431 1659 1503 1682 cum
1532 1646 1680 1682 fratribus
1705 1659 1767 1681 uon
1788 1659 1912 1695 pacem,
1935 1649 1991 1685 sed

1236 1699 1293 1734 zeli
1321 1699 1514 1735 discordiam
1538 1701 1649 1746 habet,
1677 1712 1802 1736 necnon
1837 1702 1992 1738 obedien-

1237 1753 1310 1787 tiam
1323 1753 1461 1789 debitam
1479 1754 1606 1799 nostris,
1618 1754 1716 1789 immo
1732 1755 1844 1791 verius
1857 1755 1993 1792 domini-

1237 1807 1280 1841 cis
1295 1807 1424 1842 monitis
1440 1816 1470 1843 et
1486 1808 1643 1843 mandatis
1657 1808 1889 1855 saluberrimis,
1903 1810 1993 1846 utili-

1238 1868 1330 1895 tatem
1352 1861 1490 1909 ipsorum
1508 1863 1678 1910 praecipue
1695 1871 1724 1898 et
1737 1864 1905 1899 commoda
1921 1876 1993 1900 con-

1237 1916 1451 1960 cernentibus,
1474 1916 1684 1959 exliibebunt;
1708 1918 1784 1952 etin
1814 1918 1873 1954 lioc
1896 1919 1991 1954 etiarn

1237 1969 1336 2004 arduo
1384 1970 1569 2017 difficilique
1615 1971 1740 2017 negotio
1783 1972 1994 2017 expeditionis

1240 2024 1416 2070 praedictae
1446 2025 1637 2071 singularem
1673 2025 1757 2060 illam
1792 2025 1992 2062 devotionem

1238 2087 1266 2112 ct
1286 2078 1356 2113 lidei
1380 2078 1606 2123 sinceritatem,
1624 2092 1719 2127 quam
1735 2091 1808 2126 erga
1825 2092 1993 2116 sacrosan-

1237 2141 1318 2167 <tam
1342 2132 1369 2166 l.
1373 2145 1516 2168 omanam
1542 2134 1714 2169 Ecclesiam
1745 2135 1934 2170 antedictam
1963 2143 1994 2171 et

1237 2186 1354 2221 Stdem
1379 2187 1613 2234 Apostolicain,
1635 2201 1671 2223 ac
1694 2188 1736 2222 illi
1766 2200 1820 2234 pro
1851 2196 1993 2237 tempore

1240 2240 1469 2287 praesidentem
1507 2241 1678 2276 antistitem
1706 2240 1906 2284 habuerunt,
1938 2254 1994 2277 ex-

1239 2294 1413 2341 perimento
1442 2295 1613 2331 novissimo
1635 2295 1900 2342 comprobabunt,
1925 2304 1992 2331 tan-

1239 2348 1322 2389 dem,
1346 2348 1455 2395 legatis
1482 2349 1630 2384 omnibus
1657 2357 1874 2396 potentatuum
1900 2362 1993 2397 prae-

1242 2403 1398 2437 dictorum
1425 2402 1506 2450 apud
1530 2415 1588 2438 nos
1615 2403 1708 2449 longo
1728 2411 1868 2450 tempore
1895 2415 1993 2450 agen—

1239 2456 1322 2491 tibus
1338 2483 1348 2501 ,
1393 2468 1429 2491 ac
1470 2469 1570 2504 ,saepe
1614 2469 1746 2492 numero
1786 2469 1859 2493 cum
1905 2458 1990 2493 omni

1238 2510 1387 2546 charitate
1415 2510 1548 2556 auditis,
1575 2518 1644 2558 post
1675 2511 1792 2546 multos
1827 2507 1992 2558 variosque

1239 2572 1388 2600 tractatus
1419 2565 1663 2612 praemissorum
1692 2565 1859 2600 occasione
1882 2576 1992 2612 perac-

1240 2626 1298 2664 tos,
1321 2630 1356 2654 ac
1378 2630 1472 2666 super
1494 2618 1543 2654 bis
1566 2618 1703 2654 habitam
1727 2626 1757 2654 et
1778 2618 1906 2667 saepius
1933 2629 1989 2654 re-

2000 249 2051 275 An.
2069 248 2100 276 C.
2115 248 2180 276 ttiffl

2021 1611 2062 1633 Deo
2078 1614 2149 1638 gratus
2159 1616 2193 1632 cs·
2243 1623 2250 1631 .

2006 1648 2030 1665 ne
2059 1643 2132 1670 nequit
2156 1643 2192 1670 qui
2231 1653 2242 1665 n

2006 1680 2052 1696 cum
2059 1673 2140 1695 fratrib.
2152 1679 2192 1694 ex·
2238 1671 2242 1675 '

2007 1709 2067 1728 ercet
2096 1705 2192 1726 inimtct-
2234 1725 2241 1733 ,
