2281 3251
106 253 154 279 An.
173 253 201 279 C.
224 252 287 279 lltSS

136 1492 253 1513 Exordium.

119 1645 198 1665 Causae
215 1644 274 1664 buin<

115 1676 272 1696 constitutioni<

901 253 1111 275 INNOCEN't‘tus
1136 253 1189 274 Vll!
1215 253 1261 274 ΡΙ).

302 307 519 342 coauditorum
543 319 671 342 suorum
700 307 800 341 facore
816 335 823 346 ,
846 308 946 354 quoad
971 320 1046 343 con-

302 357 404 392 silium
433 364 462 391 ct
490 369 678 391 consensum
708 357 900 398 huiusmodi,
923 358 994 392 stari
1018 367 1046 393 et

302 407 428 441 alterius
455 406 649 453 probationis
676 406 901 441 adminiculum
927 420 986 442 non
1005 421 1047 443 rc-

302 468 394 503 quiri.

342 517 400 547 Dat.
419 517 465 547 die
486 518 519 548 lO
537 518 661 547 ianuarii
683 519 764 550 1488,
783 523 860 558 ptuit.
879 528 955 548 :iuno
974 528 1006 548 iv.

621 679 717 713 xvii.

303 763 415 796 Contra
432 763 534 796 exules
561 768 585 793 el
608 762 749 794 {munitas
776 764 814 794 ab
845 764 931 796 lsrtw,
951 763 1048 794 minas

346 824 405 857 pro
420 813 557 845 habenda
570 823 644 855 paco
666 813 703 844 ‹d›
726 813 847 857 affin-mis
876 814 918 844 rel
945 824 1047 845 eornm

350 862 528 895 huet-edibus
556 862 737 905 inserentes,
769 874 929 905 veruntque
962 874 1047 894 nnn-

350 912 428 945 cium
449 912 574 945 scienter
599 912 725 954 ‹lesuper
742 912 908 957 affluentes.

573 997 783 1028 Stntiltxltttm

300 1065 467 1094 Exordium.
487 1082 525 1086 —
546 1065 570 1093 1.
589 1065 699 1093 Causae
724 1064 811 1093 liuius
831 1064 944 1093 constit.
968 1081 1006 1085 —
1022 1064 1047 1093 Ξ).

340 1109 453 1138 Banniti
471 1109 564 1138 minas
583 1109 742 1138 inserentes
762 1117 812 1147 pro
829 1108 961 1137 habenda
979 1118 1048 1147 pace

340 1158 368 1183 et
398 1154 446 1184 alii
470 1164 518 1183 eas
552 1154 716 1183 deferentes
744 1158 924 1182 coercentur.
957 1170 995 1175 —-
1022 1153 1048 1182 3.

340 1198 494 1228 Clausulae
517 1198 775 1235 derogatoriae.—
790 1198 818 1226 4.
843 1197 1047 1236 lussiopubli-

341 1244 424 1272 candi
455 1244 529 1272 lianc
552 1243 666 1272 constit.
691 1259 730 1264 —
758 1242 874 1272 Sanctio
907 1243 1047 1281 poenalis.

323 1318 496 1347 Innocentius
518 1319 660 1354 episcopus
681 1325 775 1347 servus
799 1325 939 1346 servorum
956 1317 1011 1350 Dei,

442 1368 476 1396 ad
494 1369 655 1404 perpetuam
678 1368 719 1396 rei
737 1368 905 1396 memoriam.

350 1439 438 1474 Licet
452 1451 498 1478 ea,
513 1451 593 1487 quae
612 1439 757 1474 laudabili
773 1449 802 1474 et
819 1439 944 1486 provida
961 1452 1049 1485 prae-

302 1489 503 1524 deeessorum
528 1497 704 1524 nostrorum
729 1489 923 1524 ordinatione
943 1497 1048 1523 contra

305 1540 385 1574 viros
407 1540 598 1585 sanguineos
615 1547 667 1573 etc.
694 1541 748 1583 (l).

351 1593 366 1632 ξ
392 1592 421 1623 l.
445 1589 484 1623 Et
507 1589 647 1636 insuper,
670 1589 740 1635 quia
759 1588 849 1632 (sicut
872 1588 963 1622 etiam
979 1587 1047 1623 facti

303 1639 457 1673 evidentia
485 1638 689 1682 demonstrat)
713 1638 883 1673 insurrexit
909 1650 923 1672 a
942 1639 1050 1685 paucis

305 1689 502 1736 temporibus
524 1689 610 1731 citra,
635 1689 714 1721 inter
739 1689 880 1722 homiues
903 1687 1050 1721 facinoro-

303 1750 366 1782 sos,
395 1738 580 1781 homicidas,
601 1738 744 1772 bannitos
767 1750 820 1771 scu
841 1737 998 1771 diffidatos
1013 1738 1050 1771 ab

305 1788 388 1823 Urbe
423 1800 478 1835 pro
517 1800 625 1822 eorum
654 1787 775 1821 delictis
802 1796 831 1821 ct
867 1787 1049 1826 sceleribus,

302 1837 454 1884 quaedam
479 1850 582 1884 prava,
601 1837 741 1884 improba
765 1846 792 1871 et
816 1837 958 1870 damnata
975 1849 1050 1871 con-

303 1887 450 1926 suetudo,
477 1888 575 1934 quod,
602 1887 764 1933 cupientes
784 1886 936 1920 reaslidari
960 1894 989 1920 et
1012 1886 1048 1921 ad

304 1936 420 1971 Urbem
455 1937 554 1971 redire
589 1936 694 1983 (quod,
717 1936 776 1970 nisi
801 1936 839 1970 ab
862 1935 1051 1970 haeredibus

304 1987 397 2021 occisi
421 1993 474 2020 aut
496 1986 603 2020 offensi
628 1998 735 2033 pacem
772 1986 903 2020 babeant
919 2013 927 2026 ,
951 1985 1050 2019 facert¹

304 2047 366 2070 nou
396 2039 551 2082 possunt),
576 2047 629 2082 per
644 2036 777 2070 nuncios
798 2044 852 2070 aut
875 2035 978 2069 literas
1004 2035 1049 2069 vel

304 2084 394 2120 aliter
429 2085 521 2120 laesis
555 2094 585 2119 et
612 2084 761 2120 offensam
803 2085 902 2132 passis
941 2084 1052 2119 acriter

306 2134 477 2175 minantur,
502 2134 686 2181 pollicentes
714 2147 746 2169 se
775 2135 878 2180 peiora
904 2134 1051 2179 facturos,

306 2184 363 2219 nisi
400 2196 507 2232 pacem
542 2196 611 2218 cum
649 2185 693 2218 eis
727 2184 860 2224 faciant;
890 2192 1052 2218 monentes

305 2234 398 2268 etiam
435 2234 520 2281 ipsos
547 2246 585 2268 ne
612 2234 650 2268 ab
677 2246 784 2268 eorum
821 2233 969 2267 domibus
996 2233 1051 2267 di—

306 2284 446 2327 scedant,
485 2284 605 2330 brigam
632 2284 677 2318 eis
712 2283 904 2327 indicentes,
927 2295 963 2317 ex
991 2295 1052 2329 quo

307 2333 457 2369 haeredes
477 2334 549 2380 ipsi,
564 2333 652 2368 aliter
675 2333 815 2367 iniuriam
842 2332 934 2379 passi,
956 2341 986 2367 et
1001 2334 1052 2367 iu-

308 2384 431 2418 terdum
467 2396 573 2418 eorum
611 2383 833 2428 consanguinei
863 2390 893 2416 et
919 2381 1052 2426 aflines,

342 2454 381 2490 (l)
401 2455 482 2489 Leges
498 2457 589 2481 contra
606 2453 750 2481 homicidas
768 2462 781 2479 a
799 2453 843 2479 Pio
859 2453 881 2479 ll
899 2453 963 2479 latas
975 2453 1054 2479 habes

307 2503 387 2529 supra
405 2496 428 2521 iu
445 2496 502 2521 eius
517 2495 679 2525 Const.v1n,
691 2497 730 2520 Ait
748 2496 897 2519 retinendus
913 2496 976 2525 etc.³
995 2501 1053 2527 pag.

311 2535 368 2562 156.
386 2534 526 2570 Reliquum
543 2543 606 2561 vero
623 2534 723 2561 exordii
742 2533 826 2560 bullae
838 2533 916 2559 liuius
928 2533 1055 2559 Innocen-

309 2575 335 2600 tii
353 2574 432 2601 babes
448 2575 526 2602 etiam
548 2582 608 2609 sup.
628 2575 653 2600 in
670 2575 781 2601 Coustit.
799 2581 827 2599 iv
846 2573 915 2599 Pauli
938 2573 971 2605 ΙΙ,
988 2581 1056 2608 quae

309 2622 355 2648 per
371 2618 509 2642 extensum
526 2615 567 2642 hic
588 2623 638 2642 non
657 2616 779 2646 retertur,
800 2615 860 2647 quia
884 2613 977 2647 legitur
995 2622 1053 2647 paz.

312 2654 370 2681 186.

1715 242 1776 274 341

1087 308 1178 341 etiam
1209 307 1237 340 lii
1269 306 1321 353 qui
1359 306 1389 339 in
1426 306 1609 351 longissimo
1641 306 1736 352 gradu
1760 316 1835 341 sunt

1087 357 1273 398 constituti,
1297 356 1531 402 compelluntur
1554 363 1607 390 aut
1630 368 1738 402 pacem
1763 357 1836 391 vio-

1089 406 1200 440 lentam
1227 406 1316 447 inire,
1338 413 1391 440 aut
1420 405 1536 451 brigam
1560 406 1714 440 sustinere
1730 433 1737 445 ,
1762 419 1835 452 pro-

1090 464 1156 502 ptor
1182 468 1261 502 quae
1285 455 1347 495 alii,
1370 467 1410 489 cx
1435 455 1614 490 liuiusmodi
1639 455 1834 502 impunitate,

1090 506 1119 539 iu
1155 505 1221 539 dies
1247 505 1284 539 ad
1318 506 1420 552 peiora
1457 504 1701 552 perpetrandum
1741 505 1835 539 indu-

1089 563 1213 589 cuntur.

1089 666 1254 689 occurrere
1283 653 1440 694 volentes,
1475 654 1656 694 statuimus,
1683 654 1835 689 decerni-

1090 717 1160 738 mus
1183 712 1212 737 ct
1234 703 1415 737 ordinamus
1433 704 1515 750 quod
1536 716 1646 738 omnes
1668 711 1697 738 ct
1719 704 1832 750 singuli
1852 718 1885 730 π’·

1089 802 1308 837 ambasciatam
1327 811 1379 836 aut
1394 803 1509 847 literas,
1525 803 1671 843 scienter,
1688 803 1748 843 liis,
1764 803 1835 849 qui-

1091 852 1148 886 bus
1171 853 1342 894 minantur,
1370 851 1478 886 afferre
1505 852 1665 887 audebunt
1687 860 1717 887 et
1744 864 1835 899 prae-

1089 910 1230 941 sument,
1254 902 1371 936 crimen
1394 902 1495 936 laesae
1509 901 1677 936 maiestatis
1692 901 1836 937 similiter

1090 952 1259 994 incurrant,
1287 959 1315 986 et
1348 951 1448 985 laesae
1476 951 1646 985 maiestatis
1671 964 1706 986 ac
1734 950 1835 985 rebel-

1090 1001 1182 1035 lionis
1215 1001 1257 1035 rei
1291 1009 1499 1044 censeantur,
1531 1013 1567 1035 ac
1594 1001 1689 1035 veluti
1717 1000 1793 1035 tales
1820 1013 1834 1034 a

1089 1050 1340 1096 competentibus
1371 1050 1528 1084 iudicibus
1559 1050 1755 1085 severissime
1778 1063 1836 1096 pu·

1090 1100 1224 1140 uiantur3
1258 1107 1288 1133 et
1321 1109 1382 1135 tam
1416 1099 1457 1133 illi
1485 1111 1580 1146 quam
1608 1100 1836 1134 ecclesiasticae

1090 1161 1241 1196 personae
1264 1149 1334 1183 talia
1357 1156 1584 1196 perpetrantes,
1607 1150 1836 1196 cuiuscumque

1089 1199 1262 1245 dignitatis,
1292 1206 1403 1242 status,
1429 1199 1555 1244 gradus,
1577 1199 1709 1243 ordinis,
1731 1198 1838 1233 condi-

1090 1249 1182 1283 tionis
1209 1257 1239 1283 et
1261 1248 1463 1283 excellentiae
1496 1249 1652 1292 existant,
1675 1261 1785 1283 omnes
1807 1256 1836 1282 et

1089 1299 1227 1344 singulas
1249 1298 1442 1342 sententias,
1472 1310 1621 1333 censuras
1643 1306 1673 1332 et
1696 1310 1835 1345 poenas,

1089 1360 1166 1394 quas
1180 1348 1311 1387 PauluS,
1324 1348 1559 1394 praedecessor,
1573 1356 1680 1383 contra
1705 1356 1836 1395 patrem,

1091 1397 1200 1438 lilium,
1224 1398 1348 1431 fratrem
1372 1406 1401 1431 et
1424 1397 1636 1444 propinquum
1663 1398 1708 1431 vel
1732 1397 1838 1431 dome-

1089 1448 1201 1481 sticum
1225 1447 1423 1491 offendentis,
1447 1448 1640 1482 vulnerantis
1661 1447 1707 1481 vel
1737 1447 1838 1481 muti-

1090 1497 1202 1536 lautis,
1235 1496 1415 1532 occidentes
1443 1497 1487 1531 vel
1520 1509 1721 1544 quocumque
1744 1496 1838 1530 morlo

1090 1546 1297 1590 offendentes,
1322 1546 1541 1593 promulgavit,
1556 1559 1592 1581 eo
1613 1547 1679 1594 ipso
1701 1546 1837 1581 irremis-

1090 1596 1221 1630 sibiliter
1248 1597 1420 1631 incurrant.

1139 1650 1153 1689 ξ
1181 1649 1212 1680 5.
1249 1646 1318 1680 Non
1354 1645 1556 1680 obstantibus
1590 1645 1771 1692 praemissis
1803 1657 1838 1680 ac

1091 1696 1367 1730 constitutionibus
1393 1704 1422 1729 et
1444 1695 1695 1730 ordinationibus
1713 1702 1839 1742 aposto—

1091 1746 1157 1780 licis
1173 1773 1182 1790 ,
1204 1757 1239 1780 ac
1266 1745 1368 1779 dictae
1388 1744 1484 1780 Urbis
1507 1745 1692 1789 iuramento,
1720 1745 1835 1779 contir-

1092 1796 1226 1829 matione
1266 1795 1436 1841 apostolica
1472 1794 1519 1828 vel
1553 1795 1663 1842 quavis
1696 1794 1840 1828 firmitate

1091 1845 1148 1879 alia
1166 1845 1316 1879 roboratis
1339 1844 1464 1878 statutis
1483 1852 1512 1879 et
1527 1843 1815 1878 consuetudinibus
1832 1857 1840 1884 ·,

1093 1907 1212 1929 necnon
1236 1894 1384 1928 omuibus
1407 1893 1477 1934 illis,
1506 1906 1585 1940 quae
1606 1893 1700 1934 Pius,
1723 1893 1840 1928 Paulus

1091 1952 1120 1978 et
1143 1944 1267 1987 Sixtus,
1284 1943 1540 1990 praedecessores
1555 1942 1695 1990 praefati,
1715 1943 1743 1977 in
1763 1943 1839 1982 suis,

1091 2003 1120 2028 et
1159 2006 1217 2028 nos
1246 1995 1275 2028 in
1304 1993 1372 2027 aliis
1400 1993 1514 2027 nostris
1541 1993 1637 2027 literis
1672 1992 1841 2039 praedictis

1092 2044 1249 2077 voluimus
1265 2055 1326 2077 non
1343 2042 1479 2082 obstare,
1502 2042 1697 2089 caeterisque
1716 2050 1841 2076 contra-

1093 2093 1147 2127 riis
1170 2093 1435 2140 quibuscumque.

1140 2145 1214 2185 §la
1255 2142 1294 2177 Et
1330 2154 1367 2176 ne
1403 2141 1558 2188 quispiam
1594 2140 1633 2174 de
1662 2141 1841 2188 praemissis

1093 2194 1190 2227 valeat
1223 2192 1427 2238 ignorantiam
1463 2191 1617 2235 allegare,
1654 2190 1841 2225 mandamus

1094 2242 1304 2288 praesentium
1329 2249 1504 2275 nostrarum
1524 2241 1681 2274 literarum
1699 2247 1839 2275 tenorem

1094 2294 1122 2325 in
1146 2291 1242 2326 Curia
1270 2291 1415 2338 Capitolii
1443 2298 1473 2324 et
1499 2289 1567 2323 aliis
1595 2290 1670 2324 locis
1706 2289 1841 2336 publicis

1093 2341 1194 2376 dictae
1216 2341 1321 2379 Urbis,
1351 2352 1428 2374 sono
1452 2339 1542 2373 tubae
1570 2339 1752 2385 praemisso,
1783 2353 1842 2387 pu—

1095 2391 1201 2425 blicari
1240 2403 1275 2425 ac
1311 2392 1341 2424 in
1370 2389 1515 2424 volumen
1540 2396 1728 2423 statutorum
1750 2402 1842 2436 prae-

1094 2441 1247 2476 dictorum
1271 2440 1308 2474 de
1337 2439 1430 2473 rerbo
1457 2439 1492 2473 ad
1528 2438 1656 2472 verbum
1685 2439 1838 2477 rescribi,

1094 2491 1131 2525 ad
1151 2489 1369 2525 certitudinem
1385 2487 1593 2535 praesentium
1611 2496 1640 2521 et
1656 2489 1838 2523 memoriam

1095 2540 1280 2574 futurorum.

1146 2589 1228 2623 Nulli
1259 2601 1331 2634 crgo
1354 2596 1405 2622 etc.

1145 2640 1177 2673 Si
1201 2639 1270 2685 quis
1292 2646 1394 2671 autent
1418 2645 1471 2671 etc.

1851 252 1901 278 An.
1920 252 1948 277 C.
1965 251 2030 277 ¹¹15<ss

1231 603 1418 639 Huiusmodi
1444 604 1546 648 malis,
1567 611 1659 651 prout
1678 612 1836 649 tenemur,
1886 625 1891 636 .
1916 623 1920 635 ι

1852 680 1946 699 habenda
1955 687 1964 705 p
1981 686 2004 699 ce
2014 684 2034 700 et

1914 718 1949 729 tuis
1974 712 2034 731 dete<

1852 745 1923 761 rentes
1934 747 2025 762 cuc-ccii

1089 754 1141 799 qui
1166 752 1260 787 modo
1295 754 1468 799 praemisso
1503 754 1608 788 minati
1641 753 1779 794 suerint,
1806 762 1833 787 et
1862 780 1890 792 ,ff

1854 1657 1963 1678 tltausultie
1973 1658 2038 1678 duro-

1856 1691 1956 1715 galeriae.

1879 2144 1945 2165 lussio
1969 2146 2038 2172 publi-

1856 2178 1915 2197 candi
1927 2177 1979 2197 hane
1990 2184 2038 2198 ron-

1857 2209 1994 2228 stitutionem.

1877 2589 1962 2611 San-*tio
1987 2595 2041 2617 pee-

1857 2622 1918 2641 nelis.
