2281 3251
238 267 289 293 An.
306 265 335 293 C.
357 267 421 293 l't'ti*

247 495 317 518 {uitaet
331 501 422 517 conce·-

240 529 335 549 St=ih1bu(
354 529 422 554 pontt-

238 561 291 581 Cc'us
306 559 364 580 abusi

249 1733 424 1758 Caniniano-m,

241 1765 328 1785 decreta
336 1768 376 1785 ote.
389 1769 426 1785 ro-

239 1799 324 1816 novata.

486 251 532 285 68

480 323 614 359 trigonius
635 322 776 358 episcopus
805 324 901 348 servus
920 321 1060 345 servorum
1084 313 1140 345 Dei,

572 372 605 400 ad
633 370 795 407 perpetuam
813 367 854 396 rei
884 365 1051 394 memoriam.

486 446 506 491 ἓ
534 447 560 479 l.
595 442 720 477 Dudum
757 440 793 474 ad
832 447 966 473 nostram
995 435 1185 469 audientiam

438 493 572 528 deductu
597 493 724 526 iudaeus
752 492 781 523 iu
806 488 958 522 Casu-ttae
987 495 1015 518 et
1038 484 1188 529 Legionis

439 545 542 589 regnis
565 556 599 577 a‹·
629 540 777 574 dominiis
809 535 983 571 charissimi
1009 535 1037 567 in
1062 533 1188 569 Christo

438 593 490 627 filii
524 592 618 626 nostri
654 589 792 631 loanni<,
826 587 980 619 dictorum
1019 595 1187 629 regnorum

439 643 532 688 regis,
554 641 774 676 consistentes,
798 636 891 670 certis
914 633 1043 667 indultis
1061 642 1089 667 et
1113 645 1190 666 con-

438 691 637 726 cessionibus
659 689 704 721 eis
726 701 741 721 a
764 685 848 719 Sede
872 682 1054 730 Apostoliea
1078 682 1115 716 ad
1141 681 1191 716 l'u-

438 750 539 775 turam
565 740 606 774 rei
632 736 814 772 memoriam
838 732 1011 773 concessis,
1034 731 1113 766 adeo
1140 744 1191 766 er-

440 802 532 825 ronee
553 798 581 823 ct
600 798 744 835 perverse
767 783 984 829 interpretari,
1008 782 1105 821 tit-iis,
1121 793 1190 829 quse

439 840 483 874 eis
518 838 653 885 gratiose
687 844 713 869 et
743 833 780 868 ad
811 833 928 867 bonum
951 844 987 866 ac
1021 831 1189 866 honestum

439 889 532 922 linem
548 896 576 921 et
596 885 741 920 effectum
765 893 1035 919 concesseramus,
1060 880 1101 914 illi
1117 881 1191 915 abu-

440 946 597 973 terentur,
621 935 792 980 multaque.
815 931 875 965 sub
891 943 928 966 co
944 938 1120 978 praetextu,
1143 931 1191 965 iu-

440 988 568 1021 honesta
589 993 616 1019 et
635 984 735 1029 turpia
759 981 1006 1021 committerent,
1022 992 1058 1014 ex
1075 979 1192 1027 quibus

439 1036 625 1071 christianae
650 1032 809 1079 religionis
837 1039 865 1064 et
891 1029 961 1064 fidei
987 1030 1106 1076 puritas
1129 1041 1190 1063 non

441 1098 550 1133 parum
581 1082 773 1120 laedebatur,
805 1088 835 1114 et
863 1087 986 1114 mentes
1013 1078 1193 1113 catholico-

441 1147 507 1169 rum
532 1132 782 1168 christifidelium
807 1141 901 1176 saepe
929 1127 1111 1163 scandalum
1137 1140 1192 1175 pa-

441 1185 610 1226 tiebantur,
633 1194 690 1216 nos
718 1179 953 1218 concessiones,
982 1178 1139 1224 privilegia
1163 1186 1193 1211 et

443 1233 560 1268 indulta
585 1244 638 1278 per
661 1243 718 1265 nos
741 1228 862 1264 iudaeis
885 1239 1053 1275 regnorum
1083 1237 1112 1262 et
1135 1227 1193 1262 do·

443 1283 611 1317 miniorurn
633 1280 883 1328 praedictorum,
909 1287 941 1312 ut
969 1277 1193 1324 praemittitur,

442 1344 591 1366 concessa
609 1342 708 1377 usque
731 1330 768 1364 ad
787 1328 940 1364 terminos
955 1327 1032 1360 iuris
1048 1338 1194 1361 commu-

444 1382 492 1415 uis
507 1381 667 1415 dumtaxat
682 1379 816 1426 operari,
842 1389 899 1412 nec
917 1376 1073 1411 ullatenus
1088 1376 1194 1422 aliquo

444 1439 532 1477 pacto
555 1442 587 1464 se
609 1429 759 1466 extendi,
783 1439 839 1462 nec
861 1427 951 1461 aliam
977 1438 1071 1473 quam
1096 1426 1195 1473 ipsius

443 1480 519 1514 iuris
537 1478 718 1513 communis
741 1477 1033 1524 interpretationem
1054 1476 1114 1522 pati
1142 1483 1195 1509 aut

442 1529 592 1576 recipere,
608 1540 661 1574 per
683 1528 759 1563 alias
782 1536 903 1561 nostras
926 1526 1030 1560 literas
1052 1524 1194 1559 decrevi-

442 1590 513 1613 mus
537 1587 576 1621 ‚et
612 1577 856 1619 declaravimus,
891 1583 983 1623 prout
1011 1574 1041 1608 in
1076 1573 1194 1609 eisdem

442 1627 542 1662 literis
564 1627 758 1661 continetur.

491 1676 511 1724 ἓ
533 1678 565 1710 2.
589 1675 670 1711 Cum
694 1683 810 1715 autem,
837 1675 918 1710 sicut
951 1672 1086 1708 veridica
1115 1672 1196 1707 rela-

443 1726 538 1769 tione,
563 1738 624 1760 non
653 1725 721 1760 sine
747 1723 945 1771 displicentia
973 1722 1101 1769 grandi,
1125 1734 1197 1768 per-

442 1776 596 1823 cepimus,
620 1776 691 1810 licet
713 1787 728 1809 a
757 1773 890 1808 diversis
910 1772 1064 1807 Romanis
1087 1771 1198 1805 Ponti-

443 1825 565 1869 ficibus,
585 1822 882 1872 praedecessoribus
895 1822 1021 1865 nostris,
1035 1821 1073 1855 de
1089 1820 1198 1855 iudaeis

440 1882 470 1908 et
497 1874 656 1908 saracenis
683 1871 870 1921 quamplura
908 1869 1044 1905 salubria
1076 1869 1196 1904 consti-

442 1923 579 1957 tutiones
602 1931 631 1956 et
654 1923 777 1957 decreta
802 1933 838 1956 ac
862 1919 1035 1955 decretales
1057 1918 1198 1966 epistolae

441 1973 666 2013 emanaverint;
685 1972 812 2019 praefati
840 1980 943 2005 tamen
967 1968 1068 2003 iudaei
1092 1977 1121 2004 et
1147 1980 1198 2003 sa-

442 2023 557 2061 raceni,
576 2023 604 2056 in
623 2021 768 2069 praefatis
785 2021 891 2065 reguis
905 2029 936 2054 et
951 2018 1100 2053 dominiis
1115 2030 1199 2052 com-

442 2080 612 2115 morantes,
637 2072 771 2119 propriis
796 2069 958 2105 affectibus
992 2076 1022 2104 et
1053 2069 1198 2115 antiquae

441 2133 549 2156 eorum
575 2121 726 2169 perfidiae
754 2119 989 2159 incumbentes,
1012 2119 1089 2153 dum
1113 2129 1199 2153 con-

441 2171 662 2215 stitutionum,
695 2171 892 2205 decretorum
921 2181 956 2204 ac
991 2167 1196 2203 decretalium

442 2220 644 2267 epistolarum
671 2219 851 2255 huiusmodi
875 2230 1003 2254 sensum
1022 2217 1197 2265 legitimum

442 2270 478 2303 ad
508 2282 562 2303 sua
590 2278 656 2304 rota
686 2282 747 2303 nou
773 2268 900 2308 babent,
930 2277 962 2302 ut
987 2267 1046 2301 illis
1072 2266 1199 2302 eludere

443 2318 623 2358 valeant,ad
638 2319 820 2353 ulteriorum
837 2322 880 2363 (1)
894 2317 1087 2353 intellectum
1116 2316 1200 2351 sub-

441 2368 619 2413 adducant,
654 2377 788 2403 veterem
819 2370 959 2415 ipsorum
989 2366 1139 2402 malitiam
1169 2374 1199 2401 et

441 2419 651 2454 temeritatem
678 2419 707 2452 iu
723 2418 947 2453 christifideles
969 2417 1154 2452 continuare
1170 2424 1199 2450 ct

442 2469 470 2502 in
495 2469 563 2503 dies
585 2481 695 2503 eorum
738 2469 873 2515 nequitia
904 2467 1199 2514 praesumptuosius

441 2519 483 2553 uti
503 2531 564 2553 non
590 2526 769 2562 vereantur,
786 2518 815 2552 iu
834 2518 1005 2552 maximum
1022 2517 1200 2551 cliristianae

440 2568 512 2603 fidei
538 2567 764 2616 vilipendium,
786 2568 963 2602 animarum
992 2578 1119 2614 quoque
1145 2578 1201 2613 pc-

473 2646 513 2680 (l)
527 2646 640 2680 Raynal.
655 2645 716 2681 legit.
728 2647 911 2671 adulterinum
923 2646 1085 2671 intettectnm
1096 2643 1134 2680 (n.
1147 2644 1198 2680 τ.),

1035 254 1171 278 ustum
1178 253 1221 276 EM
1250 250 1412 275 nouatum

1998 246 2045 273 Ant
2063 246 2094 272 C.
2109 243 2177 272 mh!
2211 265 2216 268 .

1230 306 1362 341 riculum
1388 304 1504 352 pariter
1528 312 1558 339 et
1587 304 1750 344 iacturam;
1779 315 1851 343 nos,
1875 312 1906 337 ut
1930 303 1979 338 iu-

1229 356 1296 389 daei
1334 363 1365 389 et
1398 354 1536 388 saraceni
1575 352 1746 399 praedicti,
1782 364 1818 388 ac
1856 352 1979 387 illorum

1232 406 1368 439 fautores
1390 403 1477 450 impii
1493 403 1669 446 christiani,
1692 414 1863 449 poenarum
1879 402 1982 448 impo-

1231 453 1398 488 sitionibus
1420 453 1535 495 territi,
1564 460 1730 486 vereantur
1765 452 1794 485 iu
1826 459 1915 486 autea
1950 452 1980 486 in

1230 516 1339 537 eorum
1370 502 1564 549 perniciosos
1586 513 1683 535 ausus
1705 500 1814 544 relabi,
1841 510 1871 536 et
1891 500 1983 535 chri-

1231 552 1398 591 stifideles,
1421 553 1449 586 iu
1496 563 1551 585 sua
1593 551 1793 597 persistentes
1837 549 1984 586 fidelitate

1232 611 1424 640 constanter,
1457 613 1518 635 uon
1547 600 1682 635 babeant
1710 608 1838 647 propter
1860 599 1983 634 illorum

1232 651 1407 687 claudicare
1425 650 1602 698 perfidiam,
1620 649 1768 684 remediis
1783 648 1986 697 quibus-pos-

1233 713 1357 745 sumus,
1386 708 1477 748 prout
1504 712 1541 735 ex
1563 699 1670 734 debito
1699 698 1863 746 pastoralis
1891 698 1984 734 officii

1234 760 1390 791 tenemur,
1408 760 1592 797 praecavere
1614 749 1794 796 cupientes,
1815 747 1853 782 ad
1876 747 1986 782 ortbo-

1234 801 1333 835 ‹loxae
1358 799 1428 836 [idei
1451 799 1626 834 catholicae
1647 797 1939 833 corroborationem
1958 806 1988 832 et

1235 850 1470 889 exaltationem,
1485 848 1658 895 praesentis
1681 856 1833 895 perpetuo
1849 847 1989 882 valiturae

1235 911 1263 934 et
1294 898 1549 945 irrefragabiliter
1580 897 1795 932 observandae
1830 897 1990 932 constitu-

1236 949 1328 984 tionis
1345 949 1461 988 edicto,
1477 948 1661 983 auctoritate
1683 946 1866 994 apostolica,
1883 946 1990 981 omnia

1235 1007 1265 1033 et
1288 999 1410 1044 singula
1443 998 1704 1040 constitutiones,
1726 995 1850 1030 decreta
1881 1004 1910 1029 et
1933 995 1991 1030 de-

1235 1048 1367 1083 cretales
1388 1047 1538 1094 epistolas
1562 1045 1752 1094 praedictas,
1767 1057 1903 1092 quorum
1921 1057 1991 1079 om·

1237 1098 1321 1132 nium
1348 1106 1488 1132 tenorem
1513 1097 1551 1131 de
1580 1095 1674 1130 verbo
1695 1095 1733 1130 ad
1758 1093 1889 1130 verbum
1911 1106 1992 1142 prae-

1235 1147 1379 1182 sentibus
1418 1146 1526 1181 baberi
1563 1145 1708 1181 volumus
1736 1147 1781 1188 (l)
1812 1145 1992 1191 promiscue

1237 1197 1435 1231 innovamus.

1284 1246 1304 1293 S
1331 1250 1363 1280 5.
1398 1245 1526 1280 Necnon
1555 1245 1732 1283 sancimus,
1766 1243 1934 1278 statuimus
1961 1250 2192 1288 etun-stimma

1235 1298 1430 1335 ordinamuS,
1458 1295 1542 1342 quod
1566 1294 1718 1340 deinceps
1749 1292 1909 1339 perpetuis
1935 1292 1991 1327 su-
2007 1280 2195 1335 ’,ᾟΤῗῗδᾷξῗῖζ

1237 1346 1317 1380 turis
1344 1345 1538 1390 temporibus
1565 1342 1728 1379 christiani
1764 1354 1835 1377 cum
1869 1341 1992 1377 iudaeis
2007 1343 2052 1367 ‘¹¹¹³

1237 1404 1267 1430 et
1278 1395 1434 1429 saracenis
1450 1393 1616 1428 comedere
1632 1401 1684 1427 aut
1700 1391 1821 1431 bibere,
1834 1403 1889 1426 seu
1907 1392 1992 1439 ipsos

1237 1444 1273 1478 ad
1297 1443 1435 1478 convivia
1459 1443 1637 1481 admittere,
1659 1441 1706 1476 vel
1729 1442 1776 1476 eis
1797 1440 1992 1481 cohabitare,

1237 1501 1289 1528 aut
1309 1505 1380 1528 cum
1400 1493 1475 1539 ipsis
1497 1492 1654 1532 balneare,
1670 1490 1716 1525 vel
1732 1489 1772 1525 ab
1785 1491 1843 1533 eis,
1859 1490 1993 1525 infirmi·
2021 1499 2198 1523 prohibui-sn-

1238 1543 1308 1578 tatis
1335 1551 1387 1578 aut
1416 1541 1585 1576 debilitatis
1619 1553 1674 1575 seu
1701 1540 1763 1575 alio
1790 1551 1993 1587 quocumque
2008 1533 2196 1592 prffissf’mw'

1239 1601 1392 1639 tempore,
1412 1591 1600 1627 medicinam
1617 1590 1664 1625 vel
1682 1590 1826 1637 potiones
1848 1601 1906 1624 seu
1924 1590 1994 1624 vul-

1240 1654 1352 1676 nerum
1388 1649 1442 1676 aut
1472 1649 1655 1676 cicatricum
1684 1647 1888 1679 curationes.
1928 1651 1994 1675 sive

1238 1690 1364 1738 aliquod
1388 1689 1530 1725 medelae
1553 1702 1653 1736 genus
1681 1689 1821 1736 recipere
1850 1701 1911 1723 non
1935 1688 1990 1724 de-

1241 1741 1348 1780 beant,
1380 1752 1417 1775 ac
1443 1739 1604 1774 cliristiaui
1634 1751 1696 1773 non
1726 1738 1908 1786 permittant
1938 1739 1994 1773 iu-

1239 1790 1334 1824 dacos
1355 1797 1384 1824 et
1408 1800 1574 1824 saracenos
1596 1797 1702 1823 contra
1725 1787 1915 1823 christianos
1945 1788 1996 1821 di-

1240 1837 1413 1884 gnitatibus
1435 1837 1649 1873 saecularibus
1678 1837 1802 1884 praefici
1832 1836 1878 1871 vel
1896 1836 1996 1871 officia

1240 1888 1366 1935 publica
1394 1899 1551 1922 exercere.
1672 1924 1676 1927 ,

1287 1937 1308 1984 ἓ
1333 1939 1367 1971 4.
1395 1936 1501 1971 ludaei
1535 1948 1662 1984 quoque
1695 1943 1725 1970 et
1754 1935 1894 1970 saraceni
1932 1947 1994 1970 non

1242 1994 1374 2033 possunt
1411 1997 1481 2020 esse
1514 1986 1759 2029 arrendatores,
1786 1983 1996 2025 collectores,

1241 2035 1452 2070 conductores
1471 2047 1525 2070 seu
1543 2035 1696 2070 locatores
1710 2034 1883 2073 fructuum,
1903 2033 1996 2069 bono-

1242 2097 1311 2119 rum
1335 2085 1381 2120 vel
1406 2097 1509 2120 rerum
1533 2084 1794 2124 christianorum,
1811 2096 1867 2119 seu
1885 2095 1995 2119 eorum

1242 2142 1490 2182 computatores,
1514 2143 1733 2181 procuratores
1760 2143 1790 2169 et
1812 2133 1996 2173 oeconomi.

1243 2185 1440 2230 negotiorum
1463 2193 1617 2231 gestoreS,
1641 2184 1861 2231 negotiatores,
1882 2194 1997 2230 proxe-

1244 2242 1344 2277 netae,
1359 2234 1605 2269 concordatores
1626 2233 1838 2281 sponsalium,
1861 2232 1909 2267 vel
1929 2245 1998 2268 ma-

1242 2284 1464 2318 trimoniorum
1500 2292 1693 2324 tractatores,
1714 2283 1918 2327 obstetrices,
1939 2294 1996 2318 seu

1243 2333 1273 2367 in
1297 2332 1446 2368 domibus
1473 2341 1526 2368 aut
1549 2333 1642 2368 bonis
1664 2332 1909 2367 christianorum
1937 2332 1998 2368 ali-

1243 2382 1326 2429 quod
1355 2395 1436 2430 opus
1459 2395 1619 2423 exercere,
1648 2381 1694 2418 vel
1718 2394 1790 2418 cum
1813 2381 1999 2418 christianis

1242 2433 1440 2477 societatem,
1459 2431 1596 2468 officium
1621 2440 1672 2467 aut
1691 2431 1996 2468 administrationem

1244 2482 1273 2516 in
1297 2482 1399 2530 aliqua
1427 2482 1665 2521 commuuione,
1690 2481 1736 2516 vel
1764 2491 1829 2517 arte
1855 2494 1912 2517 seu
1939 2494 1997 2517 ar-

1244 2531 1338 2566 tificio
1374 2531 1499 2576 babere,
1534 2544 1569 2567 ac
1597 2532 1704 2566 nullus
1731 2531 1921 2567 christianus
1949 2531 1998 2566 iu-

1243 2580 1328 2615 daeis
1358 2582 1401 2616 vel
1431 2594 1540 2616 eorum
1573 2581 1829 2628 congregationi.
1856 2593 1912 2616 seu
1944 2593 1998 2616 sa-

2024 1943 2109 1966 tua-at·
2127 1949 2195 1971 voro.

2010 1980 2038 1997 ne
2047 1974 2139 2003 puhttet·
2145 1981 2198 2004 pro-

2011 2007 2096 2028 nde-nt
2120 2010 2198 2029 mun-

2011 2037 2076 2060 ribos.

1279 2644 1318 2680 (1)
1330 2645 1430 2671 Desunt
1443 2644 1525 2672 verba
1533 2653 1584 2678 pro
1595 2646 1706 2677 inserto,
1723 2647 1770 2671 aut
1782 2643 1875 2671 similia
1897 2643 1934 2680 (rr.
1947 2644 1998 2679 τ.).
