2281 3251
88 295 137 325 An.
156 294 185 320 c.
208 293 274 331 {1455

284 346 572 397 ipsosquequietos
587 346 811 386 .d}mittere,1et
832 359 847 381 a
872 346 1033 382 delibera-

904 291 1072 315 CALLtSTus
1093 293 1128 315 ΙΙΙ
1153 292 1200 314 PP-

1706 281 1773 313 117
1838 292 1887 317 An.
1906 289 1932 316 c.
1952 291 2019 317 ins-0·

1122 348 1141 394 ἓ
1163 349 1196 382 6.
1220 347 1284 382 Nos
1299 347 1406 392 igitur,
1430 354 1607 381 nostrorum
1633 345 1819 392 praedeces-
1851 356 1887 376 im
1903 356 2020 377 impon-

1838 387 1887 407 tiset
1908 389 1974 407 *tiriae
1998 387 2011 407 R

288 397 428 433 uom'bus
462 404 493 431 et
530 395 816 431 consultationibus
846 396 1032 431 'huiusmodi
1074 411 1179 432 sorum
1197 397 1332 443 vestigiis
1351 396 1563 435 inhaerentes
1579 408 1616 429 ac
1638 395 1716 430 tales
1733 407 1820 442 prae·
1837 420 1936 438 „dmm
1954 422 2021 438 qm-

283 458 416 497 prorsns
438 458 471 481 se
495 445 651 481 retrabere
685 454 715 480 et
752 445 861 481 abesse
882 445 1033 482 deberent

288 510 323 532 ac
337 504 430 530 etiam
460 503 652 530 tenerentur.

336 545 404 594 ἓὸ.
419 544 485 580 Nec
497 545 610 592 aliquis
625 557 746 583 eorum,
763 546 876 592 quovis
892 546 1034 591 quaesito

105 608 273 629 ‹tnntmvenien-
288 595 406 635 colore,
433 603 540 629 contra
565 595 732 641 praeniissa
750 595 794 629 vel
810 595 926 642 aliquid
945 607 1035 641 prac-

92 640 187 692 {ffiss'i'ff‘
203 644 273 665 ΨΜ
288 645 470 683 missorum,
493 643 667 691 quidquam
692 645 873 691 impetrare,
891 657 944 679 seu
960 645 1035 679 alias

284 693 526 742 quomodolibet
548 702 699 729 attentare
728 704 953 740 praesumeret.
972 694 1035 728 Vo-

289 744 356 781 lens
383 743 553 790 quemlibet
569 744 819 789 supradictorum
844 744 1035 787 huiusmodi,

289 793 628 830 excommunicationis
649 794 834 828 sententiam
860 807 898 828 ac
918 802 1034 827 reatum

291 843 432 889 periurii,
454 842 547 877 officii
575 843 624 877 sui
665 843 831 888 omnisque
853 844 923 877 eius
947 842 1035 889 privi-

291 892 585 938 legiiimmunitatis
618 900 649 926 et
680 893 910 938 praerogativae
940 892 1037 926 amis-

291 943 411 976 sionem
429 942 588 976 incurrere
609 941 676 987 ipso
698 940 789 984 sacto,
808 949 899 987 prout
922 942 951 975 in
967 942 1037 975 sin-

290 992 372 1038 gulis
398 991 535 1036 Eugenii
564 1000 593 1026 et
616 990 733 1025 Nicolai
757 991 1035 1036 praetlecessorum

293 1041 473 1076 huiusmodi
516 1040 636 1084 literis,
658 1052 792 1087 quarum
830 1048 955 1075 tenores
982 1052 1037 1087 pro

291 1090 453 1137 expressis
478 1089 587 1125 haberi
617 1090 774 1130 volumus,
797 1090 987 1125 continetur.

341 1139 362 1187 §
383 1142 415 1175 4.
439 1139 521 1175 Cum
551 1139 666 1186 itaque,
691 1139 772 1174 sicut
800 1140 892 1174 etiam
920 1139 1037 1186 accepi·

112 1195 280 1230 Sfflwffisssame-
294 1202 376 1229 muS,
393 1189 472 1224 inter
500 1189 559 1224 alia
582 1189 722 1224 eiusdem
738 1188 889 1224 Gamerae
912 1198 1038 1231 statuta,

97 1229 282 1277 ἶζῖἶῖζῖἶὲζζῖἶ
294 1248 328 1275 ut
368 1238 588 1285 praemittitur,
609 1238 814 1278 confirmata,
854 1239 1038 1285 diutiusque

98 1288 281 1344 :ssxg‡{”³'¹2352‘·
295 1288 494 1325 laudabiliter
511 1287 686 1329 observata,
709 1297 856 1323 caveatur
877 1301 1039 1335 expresse,

97 1350 137 1383 nisi
154 1325 213 1375 010?
224 1336 245 1370 tii
260 1335 280 1370 ni
295 1338 379 1385 quod
399 1350 435 1372 ex
464 1337 540 1384 ipsis
556 1346 674 1383 septem
699 1338 898 1377 numerariis,
915 1339 971 1378 itti,
985 1339 1040 1385 qui

98 1380 153 1434 ξᾚξ
169 1379 223 1430 ἵζ’-Ψ
239 1380 280 1402 Eu*
296 1387 442 1434 publicae
464 1387 510 1421 vel
544 1386 680 1434 privatae
709 1387 751 1421 rei
777 1400 871 1422 causa
894 1387 1041 1423 absentes

294 1437 420 1477 fuerint,
437 1436 515 1471 nibil
533 1437 663 1471 omnino
681 1436 844 1484 percipere
865 1445 918 1472 aut
934 1445 1040 1485 petere

294 1486 426 1526 valeant,
450 1485 509 1521 nisi
545 1485 680 1521 duarum
708 1498 745 1521 ex
776 1486 876 1522 tribus
899 1487 1041 1534 partibus

293 1544 364 1570 voto
397 1535 610 1575 decernatnr;
638 1536 679 1570 ita
702 1536 785 1583 quod
826 1537 1041 1573 emolumenta

292 1597 372 1631 quae
383 1584 580 1624 absentibus,
596 1585 622 1620 si
640 1595 825 1632 praesentes
837 1595 956 1630 essent,
969 1598 1042 1621 con-

293 1634 414 1681 tingere
431 1633 594 1674 deberent,
614 1634 765 1671 baberent
788 1636 869 1670 iuter
890 1636 1041 1683 supersti-

292 1693 339 1719 tes
367 1692 550 1731 praesentes
577 1683 686 1719 dividi.

340 1733 361 1780 S
380 1735 412 1768 5.
434 1733 552 1768 Tamen
571 1734 639 1781 ipso
662 1734 791 1769 Nicolao
813 1735 917 1769 adbuc
931 1735 961 1769 in
980 1734 1040 1769 bu-

103 1782 394 1826 squameam-manis
433 1791 543 1829 agente
561 1812 568 1821 ,
603 1784 789 1818 execrabilis
834 1784 1040 1831 quorumdam

58 1838 61 1841 ’
93 1822 277 1874 ἓῗζήέοάῃηζυζῗ
291 1831 434 1877 ambitio,
461 1833 671 1880 avaritiaeque
692 1834 824 1869 caecitas
838 1846 948 1868 eorum
964 1847 1043 1869 ocu-

93 1884 277 1935 Ξθζζῐῐὲῑωῗῃζζζ
292 1881 338 1916 los
359 1881 438 1918 adeo
464 1883 660 1923 excaecavit,
693 1892 738 1923 ut,
767 1892 836 1930 post
867 1892 899 1918 et
934 1892 1040 1918 contra

93 1920 185 1980 iainque
201 1951 223 1966 ⁵0
238 1947 276 1966 ³11-
292 1939 478 1966 statutorum
513 1940 543 1966 et
580 1932 813 1967 ordinationum
859 1933 1041 1974 huiusmodi

92 1978 149 2027 ,Ἐξῗ
174 1979 277 2003 'mm’
291 1981 559 2023 confirmationes,
579 1982 824 2029 approbationes
845 1995 881 2018 ac
905 1983 935 2017 in
963 1995 1043 2017 con-

292 2031 503 2067 travenientes
516 2032 741 2068 sententiarum
759 2032 1041 2080 promulgationes,

292 2080 343 2117 illa
365 2081 537 2128 infringere
553 2089 670 2117 temere
695 2091 885 2130 satagentes,
912 2095 1042 2118 excom-

292 2131 515 2166 municationis
541 2132 731 2167 sententiam
756 2133 949 2180 periuriique
974 2145 1041 2167 rea—

292 2189 355 2216 tum
379 2193 442 2217 non
470 2180 676 2216 formidantes
691 2209 700 2224 ,
729 2182 908 2229 importuna
930 2195 1039 2217 eorum

292 2231 434 2266 instantia
450 2259 457 2272 ,
479 2231 519 2266 ab
541 2230 652 2266 eodem
685 2231 817 2266 Nicolao
853 2232 1041 2279 praedeces-

291 2293 374 2324 sore,
397 2293 458 2315 non
479 2289 540 2314 tam
565 2280 784 2322 obtinuerunt,
807 2294 899 2328 quam
928 2290 1040 2317 extor-

291 2343 387 2377 quere
429 2339 714 2378 praesinnpserunt
729 2359 736 2370 ,
772 2344 806 2366 se
842 2330 959 2367 nedum
1001 2332 1038 2366 ad

292 2381 393 2415 locum
427 2381 678 2416 numerariorum
708 2381 884 2416 absentium
919 2390 947 2416 et
972 2390 1040 2417 vota

291 2430 414 2469 danda,
437 2431 492 2464 sed
517 2430 609 2466 etiam
634 2430 670 2466 ad
700 2431 934 2471 emolumenta,
965 2431 1041 2477 ipsis

292 2480 477 2514 numerariis
500 2488 627 2527 propter
649 2480 834 2517 eorumdem
865 2480 1038 2517 absentiam

291 2529 452 2575 denegata,
477 2529 572 2577 recipi
588 2539 618 2565 et
639 2530 776 2571 admitti,
800 2530 933 2571 tiee1.de
947 2530 1040 2574 sacto,

292 2580 321 2614 in
344 2579 531 2614 eorumdem
570 2580 832 2624 numerariorum,
857 2581 1038 2627 praesertim

293 2629 515 2674 praesentium,
529 2629 715 2664 clericorum
732 2630 958 2677 praeiudicium
976 2642 1037 2665 non

291 2678 448 2715 modicum
477 2686 571 2727 atquc
594 2679 758 2716 damnum.

1075 456 1253 494 sumptores
1279 454 1385 482 contra
1407 454 1520 480 statuta
1552 445 1736 480 huiusmodi
1763 443 1821 479 ad·
1838 453 1857 468 ¹⁴
1874 452 1898 498 g}
1920 449 2020 500 ξυιενῃῐῗ

1077 498 1198 541 missos,
1226 509 1265 531 nc
1293 496 1321 531 id
1350 496 1417 530 aliis
1441 495 1519 530 trabi
1538 494 1637 529 valeat
1665 495 1695 528 in
1716 506 1823 529 exem-
1838 484 1940 533 iiiniieais
1958 487 2022 537 ’puni'-

1076 547 1186 593 plum,
1214 555 1413 586 amoventes,
1442 553 1627 591 amotosque
1660 543 1759 578 fuisse
1794 553 1822 576 et
1839 543 2023 592 ξ’,ζξζζζξῗδωζζ

1075 609 1145 631 esse
1173 596 1382 635 nunciantes,
1417 603 1502 630 motu
1533 593 1670 641 proprio,
1699 605 1760 628 non
1786 592 1822 627 ad
1841 589 1990 624 vertinssmaai.

1074 646 1260 681 eorumdem
1295 645 1482 681 clericorum
1512 643 1557 678 vel
1598 643 1731 680 aliorum
1769 654 1825 689 pro

1077 696 1122 730 eis
1137 695 1229 729 nobis
1251 708 1348 742 super
1368 695 1426 729 lioc
1447 693 1569 729 oblatae
1593 692 1756 740 petitionis
1776 693 1826 726 in-

1076 745 1234 785 stantiam,
1256 745 1311 779 sed
1326 745 1366 779 de
1394 753 1497 779 nostra
1522 756 1604 778 mera
1629 742 1825 777 liberalitate.

1076 807 1113 829 ex
1136 802 1219 829 certa
1242 795 1384 839 scientia,
1411 806 1522 828 omnes
1542 802 1572 827 et
1596 792 1739 839 singulas
1761 791 1827 826 En-

1076 844 1158 890 genii
1186 852 1217 878 et
1238 843 1370 884 Nicolai,
1387 843 1678 890 praedecessorum,
1695 849 1828 876 statuto-

1078 905 1146 927 rum
1163 893 1348 928 eorumdem
1363 893 1611 927 confirmatorias
1628 892 1745 935 literas,
1763 892 1827 938 ipsa

1078 951 1193 977 statuta
1221 951 1461 986 concernentes,
1484 942 1595 976 harum
1619 942 1700 976 serie
1728 942 1828 975 inno—

1080 1004 1199 1031 vamus,
1223 992 1450 1027 confirmamus
1478 1001 1509 1026 et
1535 990 1763 1038 approbamus,
1794 1003 1830 1024 ac

1079 1041 1203 1088 plenam
1232 1042 1353 1077 roboris
1376 1042 1555 1076 firmitatem
1580 1041 1722 1075 obtinere¹
1752 1040 1829 1074 velle

1079 1091 1292 1132 decernimus,
1314 1103 1414 1137 eaque
1427 1091 1465 1126 de
1479 1100 1596 1135 cetero,
1618 1091 1703 1135 iuxta
1718 1102 1828 1124 eorum

1080 1141 1304 1176 continentiam
1322 1149 1415 1188 atque
1444 1141 1588 1178 formam,
1609 1139 1830 1174 inviolabiliter

1080 1190 1237 1226 observari
1263 1191 1408 1225 volumus
1434 1199 1465 1225 et
1487 1189 1692 1232 mandamuS,
1720 1189 1830 1224 ‹lecer-

1081 1248 1202 1285 nentes,
1232 1253 1286 1287 per
1308 1241 1518 1287 receptionem
1556 1248 1587 1274 et
1604 1239 1831 1273 admissionem

1081 1299 1356 1337 praesumptorum
1380 1299 1410 1325 et
1429 1298 1607 1325 amotorum
1635 1288 1832 1325 eorumdem,

1082 1351 1205 1374 necnon
1225 1352 1499 1387 quorumcumque
1524 1351 1578 1386 per
1593 1351 1648 1374 eos
1672 1347 1833 1386 percepto-

1082 1401 1151 1425 rum
1174 1389 1335 1424 fructuum
1359 1390 1615 1436 perceptionem,
1632 1388 1752 1422 nullum
1769 1388 1834 1422 cle-

1083 1439 1155 1474 ricis
1189 1448 1219 1474 et
1255 1447 1444 1474 statutorum
1472 1437 1684 1476 obscrxationi
1715 1438 1833 1472 liuius-

1083 1488 1168 1523 modi
1186 1489 1416 1536 praeiudicium
1439 1487 1584 1536 gener'ari
1604 1488 1745 1536 potuisse
1770 1488 1834 1522 sire

1083 1550 1185 1585 posse.

1131 1588 1151 1635 g
1179 1591 1209 1622 7.
1233 1588 1272 1623 Et
1298 1587 1518 1628 nihilominus,
1546 1596 1633 1623 motu
1661 1595 1692 1622 et
1726 1595 1834 1621 aucto-
1862 1599 1991 1633 simusque
2013 1601 2032 1633 5²

1084 1637 1171 1672 ritate
1205 1647 1234 1672 et
1261 1638 1391 1674 scientia
1418 1638 1588 1681 similibus,
1615 1637 1674 1672 hac
1708 1636 1834 1671 irrefra-
1849 1630 1911 1684 {52¹⁵
1947 1631 2032 1681 ᾓζηᾝζ,

1082 1686 1175 1733 gabili
1203 1688 1429 1723 constitutione
1451 1689 1620 1723 statuimus
1646 1695 1677 1722 et
1703 1685 1835 1721 ordina·
1850 1696 1909 1714 certa
1932 1692 1966 1713 hic
1988 1693 2035 1727 ‘¹³¹³

1084 1749 1153 1771 mus
1180 1737 1276 1784 qnod,
1299 1738 1392 1773 etiam
1419 1737 1480 1772 sub
1509 1737 1679 1783 praedictis
1702 1724 2033 1781 εχοοῐη-ζοζςῗῖἒέζὲἷέᾇῖ

1083 1786 1306 1822 municationis
1345 1795 1375 1821 et
1403 1787 1529 1833 periurii
1561 1788 1693 1834 poenis,
1728 1785 1835 1820 nullus

1083 1835 1121 1870 de
1142 1844 1277 1877 caetero,
1306 1845 1467 1884 praetextu
1496 1848 1771 1883 quarumcumque
1799 1835 1836 1869 li-

1083 1894 1232 1926 terarum,
1255 1887 1346 1921 etiam
1370 1887 1654 1934 apostolicarumsa
1667 1885 1758 1920 nobis
1780 1897 1835 1920 seu

1083 1935 1121 1969 de
1151 1936 1297 1972 mandato
1325 1946 1432 1972 nostro
1455 1944 1688 1981 emanatarum,
1710 1935 1770 1970 nisi
1805 1937 1835 1968 in

1084 1985 1144 2020 illis
1182 1986 1394 2032 praesentium
1434 1987 1473 2021 de
1503 1985 1596 2021 verbo
1632 1986 1668 2021 ad
1706 1984 1835 2020 verbum

1084 2035 1214 2070 insertio
1250 2036 1325 2080 siat,
1359 2036 1396 2070 ad
1436 2035 1618 2071 huiusmodi
1658 2034 1834 2070 absentium

1083 2086 1308 2127 emolumenta,
1336 2099 1392 2120 seu
1424 2086 1460 2121 ad
1490 2094 1560 2120 vota
1582 2085 1760 2120 exbibenda
1788 2085 1836 2120 vel

1083 2135 1141 2170 alia
1179 2144 1286 2170 eontra
1326 2144 1441 2171 statuta
1479 2136 1544 2183 ipsa
1574 2134 1751 2171 exercenda
1781 2148 1836 2170 re—

1082 2189 1141 2235 cipi
1171 2191 1216 2224 vel
1251 2190 1387 2225 admitti.
1424 2190 1640 2225 Decernentes
1668 2201 1779 2224 omnes
1806 2197 1835 2222 et

1083 2244 1234 2289 singulas,
1276 2258 1330 2291 per
1365 2257 1586 2291 quoscumque
1621 2242 1835 2290 impetrandas

1084 2298 1200 2337 literas,
1229 2298 1385 2334 iussiones
1420 2307 1449 2332 et
1473 2298 1631 2337 mandata,
1654 2298 1692 2332 ad
1717 2297 1747 2332 id
1770 2310 1833 2332 nou

1082 2353 1225 2387 extendi:
1250 2353 1448 2400 clericosque
1471 2365 1525 2387 seu
1549 2360 1660 2398 gentes
1681 2351 1834 2387 Gamerae

1082 2407 1284 2451 huiusmodi,
1307 2407 1383 2447 illis,
1404 2415 1512 2442 contra
1537 2415 1677 2442 tenorem
1701 2414 1834 2441 statuto-

1081 2473 1151 2495 rum
1180 2474 1322 2496 suornm.
1346 2461 1476 2496 obedire
1499 2473 1560 2495 non
1585 2461 1696 2505 teneri,
1720 2460 1765 2495 vel
1793 2459 1831 2494 ad

1082 2516 1110 2550 id
1143 2530 1157 2551 a
1193 2528 1365 2564 quoquam,
1393 2515 1503 2562 quavis
1526 2516 1722 2560 auctoritate,
1744 2526 1833 2549 coar-

1081 2571 1169 2606 ctari.
1202 2584 1257 2605 seu
1286 2578 1450 2618 propterea
1480 2570 1642 2610 interdici,
1678 2568 1828 2616 suspendi

1082 2625 1127 2660 vel
1152 2624 1418 2660 excommunicari
1443 2637 1504 2659 non
1531 2636 1632 2671 posse.
1656 2623 1781 2658 Irritnm
1801 2630 1829 2657 et

1082 2680 1191 2720 inane,
1231 2679 1256 2714 si
1285 2691 1375 2716 secus
1404 2691 1501 2727 super
1529 2678 1578 2717 iis,
1616 2690 1632 2712 a
1660 2688 1831 2724 quoquam,
