2281 3251
497 278 566 312 726

449 353 566 386 vatent,
579 356 615 380 ac
633 356 672 380 ne
690 356 757 379 eam
777 343 960 379 Altissimus
979 344 1072 379 modo
1091 345 1197 391 aliquo

449 395 478 429 in
499 395 678 430 huiusmodi
702 394 949 429 canonizationis
970 394 1072 429 oflicio
1093 406 1196 430 errare

449 446 652 492 permitteret,
676 444 828 479 instanter
849 451 986 479 orarent.

496 495 516 541 S
539 496 595 529 58.
619 493 768 538 Demum,
793 502 861 540 post
885 494 1004 540 aliquot
1025 493 1105 538 dies,
1119 506 1197 529 con-

261 552 382 579 Postquam
393 552 431 573 Pt‘-
448 545 565 579 vocatis
592 543 632 578 de
661 556 740 578 novo
767 545 796 577 in
820 543 889 578 aula
910 551 1012 578 nostra
1037 544 1195 579 concisto-

248 583 431 640 ζ’ἴῇῗξξπῦἷζῗ
448 593 533 634 riali,
563 594 591 628 in
616 593 736 628 Palatio
763 593 960 649 Apostolico,
988 594 1145 629 universis
1168 604 1196 629 et

249 644 592 696 ’ζοάθᾞξιξῠζζῗείοςυϋε
615 644 667 691 qui
692 652 765 678 tuuc
787 643 917 678 aderant
944 644 974 678 in
999 653 1104 678 nostra
1130 643 1197 679 Ro-

248 682 408 733 humecta„
447 705 537 728 mana
565 692 685 733 Curia,
708 693 912 728 ecclesiarum
948 694 1117 740 praelatis,
1141 706 1196 750 pa-

447 743 589 778 triarchis
617 743 773 788 tidelicet,
795 743 1043 799 archiepiscopis
1070 756 1106 779 ac
1128 744 1197 792 epi—

443 794 566 841 scopis,
594 793 622 827 in
652 794 827 841 praesentia
856 794 1041 829 eorumdem
1066 794 1194 829 fratrum

445 851 625 878 nostrorum
646 843 801 890 praefatae
815 851 941 878 sanctae
958 844 1120 879 Romanae
1133 844 1197 879 Ec-

444 892 557 928 clesiae
569 893 791 934 cardinalium,
806 893 935 929 eosdem
951 906 1130 941 processus,
1149 907 1196 928 su-

445 955 500 990 per
522 943 624 990 ipsius
650 943 738 978 Beati
768 944 847 984 vita,
871 944 1034 985 moribus,
1058 943 1139 979 sama
1167 953 1197 978 et

443 993 606 1028 miraculis
632 993 746 1037 editis,
783 1006 838 1041 per
859 994 1006 1029 eumdem
1036 994 1195 1042 Angelum

442 1042 579 1078 breviter
590 1044 827 1091 summarieque
842 1045 941 1091 repeti
957 1044 1101 1084 fecimus,
1113 1057 1196 1092 qnae,

441 1105 513 1128 cum
537 1105 576 1128 ex
597 1094 678 1129 serie
695 1106 752 1142 per
767 1094 944 1129 cardinales
965 1107 1000 1129 ac
1020 1095 1116 1142 ipsos,
1131 1095 1197 1142 qni-

442 1142 501 1177 bus
524 1143 553 1177 id
577 1156 694 1179 munus
718 1156 774 1192 per
796 1157 854 1180 nos
877 1145 1053 1180 iniunctum
1073 1144 1196 1185 suerat,

444 1201 585 1228 enarrata
613 1201 644 1229 et
671 1194 812 1241 exposita
840 1194 985 1234 fuissent,
1021 1207 1196 1242 omnesque

445 1251 582 1278 astantes
609 1243 751 1291 praelati,
772 1244 846 1292 quid
875 1244 932 1279 sibi
956 1257 1052 1292 super
1086 1245 1196 1280 huius-

443 1293 526 1328 modi
549 1294 676 1340 negotio
699 1294 868 1335 videretur,
890 1295 1095 1341 interrogati,
1122 1308 1196 1330 una-

442 1343 518 1377 nimi
545 1356 715 1388 consensu,
731 1345 817 1379 nullo
840 1344 963 1392 penitus
986 1345 1195 1390 discrepante,

441 1393 678 1440 respondissent
692 1394 751 1429 sibi
767 1394 862 1429 videri
878 1395 963 1442 quod
987 1395 1069 1429 idem
1087 1395 1195 1429 beatus

442 1443 487 1477 vir
509 1443 588 1478 inter
608 1453 734 1479 sanctos
755 1446 868 1480 merito
902 1444 1134 1480 adscriberetur
1167 1454 1195 1480 et

441 1502 731 1529 connumeraretur.

490 1543 585 1592 §59-
607 1543 673 1579 Nos
693 1545 805 1579 iterum
829 1544 966 1580 humiles
980 1544 1192 1591 omnipotenti

442 1592 510 1628 Deo
543 1594 659 1641 gratias
685 1602 815 1642 agentes
841 1594 946 1642 qnod,
984 1595 1021 1629 ad
1061 1595 1194 1630 Beatum

441 1655 567 1678 servum
603 1657 694 1679 suum
730 1644 847 1679 debitis
879 1645 1055 1680 honoribus
1086 1658 1196 1692 prose-

442 1694 617 1742 quendum,
639 1695 733 1730 corda
760 1703 863 1730 nostra
891 1695 1068 1730 illuminare
1084 1696 1196 1742 digua-

251 289 304 316 Αη.
319 289 348 317 C.
366 290 433 317 ⁴:519

256 1594 315 1616 Modo
331 1594 351 1615 Β.
362 1593 428 1616 Pran-

244 1628 322 1647 eincuru
342 1626 374 1646 Ss.
391 1632 428 1647 ca-

244 1659 314 1684 talogo
345 1659 428 1679 adseri-

243 1689 286 1716 bit3

442 1753 492 1779 tus
517 1753 611 1787 essct,
634 1745 734 1792 ipsius
755 1746 1004 1780 canonizationis
1027 1746 1108 1780 diem
1138 1746 1196 1780 do-

441 1794 588 1830 minicam
635 1795 665 1829 in
694 1795 785 1829 Albis
820 1805 1047 1843 nuncupatam,
1075 1808 1136 1843 qua
1165 1796 1194 1830 in

442 1843 582 1880 Ecclesia
610 1853 753 1880 cantatur
783 1846 882 1887 Quasi
913 1847 1004 1880 modo
1024 1848 1120 1892 yem'ti
1140 1848 1195 1879 in-

440 1896 557 1940 fantes,
593 1907 675 1942 quae
709 1904 785 1930 tunc
814 1895 999 1930 occurrebat
1028 1897 1126 1942 prima
1145 1896 1196 1930 die

441 1945 515 1979 maii
541 1946 614 1979 anni
630 1945 758 1980 Domini
773 1945 929 1980 millesimi
946 1946 1193 1992 quingentesimi

441 1994 646 2035 deciminoni,
670 1995 701 2030 in
729 2008 791 2042 qua
813 1996 906 2030 etiam
932 2004 1007 2030 tunc
1031 1996 1193 2030 beatorum

441 2045 654 2092 apostolorum
671 2045 811 2093 Philippi
826 2054 854 2081 et
868 2045 969 2080 Iacohi
987 2046 1099 2080 l'estum
1116 2058 1196 2080 con-

442 2095 595 2142 tingebat,
617 2096 852 2143 deputavimus;
866 2096 944 2130 acin
962 2095 1089 2130 basilica
1104 2096 1196 2130 Prin-

443 2148 521 2196 cipis
543 2150 755 2196 apostolorum
784 2149 824 2185 de
847 2148 931 2184 Urbe
954 2148 1094 2196 amplum
1120 2162 1195 2197 sug-

443 2212 566 2250 gestum
589 2203 728 2251 ligneum
749 2203 788 2239 de
816 2216 903 2239 more
926 2204 1026 2252 parari
1050 2213 1079 2239 et
1103 2217 1195 2240 exor-

444 2258 509 2293 nari
539 2259 702 2301 iussimus,
726 2271 823 2307 super
849 2271 913 2306 quo
935 2258 1063 2306 quidem
1088 2258 1195 2305 hodie,

443 2321 565 2349 astante
589 2314 706 2362 populo
734 2327 767 2349 ac
793 2313 937 2349 universo
959 2313 1106 2357 clero,‹le
1123 2315 1192 2348 vita.

445 2367 604 2403 miraculis
624 2377 655 2403 et
677 2368 757 2403 fama
772 2368 915 2403 ciusdem
934 2367 1014 2403 beati
1030 2367 1193 2403 Francisci

444 2423 482 2458 dc
504 2422 613 2468 Paula,
635 2423 746 2458 humili
768 2423 997 2470 devotioneque
1021 2423 1113 2470 pleno
1128 2436 1196 2458 ser-

445 2490 537 2513 mone
557 2490 612 2525 per
631 2490 700 2523 nos,
720 2486 753 2513 ut
769 2479 866 2513 moris
887 2486 947 2522 est,
967 2477 1083 2519 hal)ito;
1108 2477 1196 2512 dein-

445 2532 548 2580 deque
563 2532 682 2568 Litania
703 2541 731 2567 ct
754 2533 868 2581 hymno
894 2533 1107 2567 VeniCreator
1121 2533 1196 2577 Spi-

446 2589 522 2622 ritus
546 2600 600 2635 per
614 2588 720 2623 omnia
742 2587 852 2622 devote
868 2587 1053 2632 decantatis,
1070 2599 1193 2621 necnon

447 2654 462 2675 a
485 2642 741 2689 procuratoribus
767 2654 879 2677 causae
907 2642 1007 2690 ipsius
1029 2641 1195 2676 canoniza-

448 2696 541 2731 tionis
563 2705 592 2732 et
617 2709 634 2732 a
656 2696 909 2732 christianissimi
930 2695 1126 2732 Francorum
1153 2707 1194 2730 re-

1033 288 1221 313 BULLARIPM
1247 288 1409 313 ROMANCM

2008 290 2059 320 An.
2075 291 2105 319 C.
2124 286 2191 318 ¹⁸¹9

1238 345 1285 391 gis
1306 344 1484 380 oratoribus
1498 345 1694 387 huiusmodi,
1710 345 1921 394 eiusdemque
1934 345 1994 382 Or-

1239 395 1321 429 dinis
1347 394 1552 430 Minimorum
1585 404 1662 431 tunc
1688 397 1893 443 vicegenerali
1921 409 1993 432 cor-

1240 452 1359 479 rectore
1381 456 1397 478 a
1421 444 1511 479 nobis
1531 457 1642 492 magna
1665 458 1737 481 cum
1767 447 1912 481 instantia
1937 458 1993 494 pe-

1240 495 1294 528 tito
1332 495 1532 540 pronunciari
1576 495 1710 530 adscribi
1748 497 1829 531 inter
1866 505 1994 532 sanctos

1239 544 1386 579 eumdem
1415 544 1542 580 beatum
1569 544 1773 580 Franciscum
1807 546 1845 581 de
1872 546 1993 587 Paula,

1239 607 1311 629 cum
1340 595 1398 629 iam
1429 595 1533 630 omnia
1557 605 1775 631 consummata
1798 605 1995 637 essent,0m-

1240 656 1359 691 nesque
1388 654 1556 680 consuetas
1590 644 1750 680 Ecclesiae
1778 647 1994 681 caeremonias

1239 707 1334 740 super
1369 707 1404 729 ea
1441 707 1473 729 rc
1501 696 1560 730 rite
1587 696 1858 739 servavissemus,
1887 695 1991 731 Deum

1241 756 1312 790 prae
1334 744 1435 779 oculis
1463 744 1629 785 habentes,
1657 744 1693 779 ad
1722 745 1992 780 canonizationem

1239 793 1383 829 ciusdem
1411 794 1499 829 Beati
1523 795 1582 830 sub
1604 795 1655 829 his
1682 795 1784 829 verbis
1817 795 1993 843 proceden-

1239 843 1314 878 dum
1343 844 1492 879 duximus
1515 853 1546 880 et
1571 845 1796 892 processimus.
1825 845 1874 880 Ad
1895 845 1994 881 hono-

1239 905 1304 928 rem
1340 895 1570 942 omnipotentis
1597 894 1655 929 Dei
1687 895 1790 929 Patris
1811 903 1841 930 et
1862 894 1933 930 Filii
1963 902 1994 930 et

1239 943 1377 990 Spiritus
1399 944 1516 984 Sancti,
1544 944 1582 979 ad
1606 945 1826 980 exaltationem
1846 944 1918 980 fidei
1939 957 1993 980 ca-

1239 993 1397 1039 tholicae,
1431 994 1683 1041 christianaeque
1717 995 1880 1041 religionis
1912 1007 1993 1042 aug-

1239 1053 1393 1084 mentum,
1414 1057 1450 1079 ac
1471 1045 1603 1079 Ordinis
1625 1044 1828 1080 Minimorum
1851 1045 1994 1080 consola-

1240 1094 1356 1129 tionem
1385 1103 1415 1129 et
1444 1094 1691 1138 incrementum,
1713 1095 1900 1130 auctoritate
1922 1094 1994 1130 Do-

1239 1144 1315 1179 mini
1332 1144 1430 1179 nostri
1450 1144 1522 1180 lcsu
1539 1144 1672 1190 Christi,
1694 1144 1923 1192 beatorumque
1937 1144 1994 1180 Pe-

1239 1195 1275 1229 tri
1301 1203 1330 1229 et
1354 1194 1441 1229 Pauli
1465 1195 1680 1242 apostolorum
1704 1195 1786 1235 eius,
1808 1207 1845 1230 ac
1873 1203 1994 1236 nostra,

1238 1244 1277 1279 de
1299 1244 1429 1279 fratrum
1453 1253 1632 1280 nostrornm
1656 1245 1784 1291 speciali
1807 1245 1940 1280 consilio
1962 1252 1993 1280 et

1238 1306 1382 1338 assensu,
1409 1294 1612 1330 decernimus
1640 1303 1669 1328 et
1696 1294 1869 1330 definimus
1892 1295 1994 1331 bonae

1239 1345 1407 1379 memoriae
1430 1344 1634 1380 Franciscum
1654 1344 1692 1379 de
1715 1344 1824 1384 Paula,
1847 1345 1991 1380 eiusdem

1237 1394 1368 1429 Ordinis
1389 1394 1594 1430 Minimorum
1618 1395 1844 1439 institutorem,
1872 1395 1901 1429 in
1917 1407 1993 1430 coe-

1238 1444 1306 1479 lesti
1342 1444 1542 1480 Hierusalem
1571 1445 1652 1479 inter
1687 1444 1852 1479 beatorum
1876 1444 1992 1480 choros

1238 1494 1299 1529 iam
1328 1502 1511 1542 receptum,
1533 1502 1744 1541 aeternaeque
1770 1494 1888 1541 gloriae
1915 1506 1993 1529 con-

1238 1543 1389 1579 donatum
1414 1544 1524 1586 fnisse,
1556 1557 1591 1579 ac
1619 1553 1801 1579 sanctorum
1830 1543 1994 1580 confesso-

1238 1607 1307 1629 rum
1343 1594 1484 1641 catalogo
1507 1594 1750 1630 adscribendum
1772 1594 1849 1636 fore,
1879 1595 1993 1642 ipsum·

1238 1657 1299 1691 que
1326 1644 1508 1679 huiusmodi
1549 1644 1690 1691 catalogo
1730 1644 1760 1679 in
1796 1645 1994 1692 praescntia-

1239 1708 1308 1729 rum
1341 1694 1564 1739 adscribimus,
1581 1703 1706 1730 etcum
1734 1702 1894 1742 tamquam
1922 1707 1994 1730 san-

1237 1753 1321 1779 ctum
1352 1745 1478 1792 publice
1507 1745 1714 1793 privatimque
1737 1745 1905 1781 colendum
1922 1757 1992 1781 esse

1238 1794 1436 1830 declaramus
1458 1804 1551 1843 atque
1579 1796 1780 1830 mandamus.

1287 1845 1386 1892 340.
1410 1845 1592 1880 Statuentes
1620 1846 1688 1880 cius
1719 1845 1832 1880 festum
1861 1844 1912 1880 die
1940 1857 1992 1881 se·
2021 1855 2147 1893 restqrpqu·
2159 1855 2194 1878 dt·

1238 1895 1341 1930 citiida
1371 1896 1489 1930 mensis
1516 1896 1624 1942 aprilis
1664 1895 1702 1930 ab
1732 1895 1898 1930 universali
1927 1895 1992 1931 Ec·
2005 1888 2194 1946 {fffi‘fflssnssu'

1238 1945 1332 1980 clesia
1355 1946 1516 1980 annuatim
1540 1945 1761 1980 celebrandum
1795 1945 1872 1987 sore,
1900 1954 1930 1981 et
1953 1945 1992 1980 ab

1237 2007 1274 2029 eo
1297 1995 1443 2042 suffragia
1466 2008 1482 2030 a
1502 1995 1761 2030 christifidelibus
1784 1995 1943 2043 implorari
1961 2003 1993 2031 et

1237 2047 1396 2092 expectari
1427 2057 1542 2092 posse,
1570 2057 1746 2092 omnesque
1777 2057 1814 2080 ac
1848 2045 1991 2092 singulos

1239 2095 1375 2130 honores
1404 2095 1446 2129 illi
1476 2095 1592 2130 merito
1620 2094 1829 2143 praestandos
1855 2104 1885 2130 et
1907 2095 1992 2131 exhi-

1238 2149 1359 2185 bendos
1381 2162 1472 2192 esse,
1500 2151 1552 2198 qui
1581 2150 1714 2185 caeteris
1749 2150 1841 2185 etiam
1876 2150 1992 2186 sanctis

1237 2204 1475 2240 consessoribus
1499 2205 1529 2239 in
1554 2204 1737 2240 huiusmodi
1768 2204 1911 2252 catalogo
1941 2205 1992 2241 de-

1237 2259 1363 2306 scriptis
1390 2259 1559 2294 convenire
1584 2267 1770 2294 noscuntur.

1287 2313 1381 2357 k341.
1411 2313 1537 2355 Quibus
1565 2313 1669 2349 debite
1690 2313 1836 2361 peractis,
1859 2313 1991 2349 inchoa·
2018 2325 2191 2354 orationum-

1238 2375 1332 2415 toque
1356 2380 1410 2415 per
1438 2381 1495 2403 nos
1518 2381 1552 2403 ac
1579 2368 1744 2404 decantato
1771 2376 1802 2403 et
1829 2367 1866 2403 ad
1895 2367 1990 2403 [inem
2005 2359 2108 2410 Εζῗῖθῗῇ
2113 2357 2191 2380 snm

1238 2435 1337 2470 usque
1373 2436 1389 2458 a
1420 2417 1602 2458 cantoribus
1643 2432 1837 2470 prosequuto
1875 2423 1991 2472 hymno

1241 2479 1281 2511 Te
1310 2479 1407 2512 Deum
1435 2480 1611 2517 laudamus
1643 2478 1674 2512 in
1703 2478 1785 2512 illius
1811 2478 1902 2513 ctiam
1928 2477 1989 2513 fine

1237 2531 1386 2567 cardinali
1411 2532 1543 2568 diacono
1575 2532 1605 2566 in
1636 2540 1729 2568 cantu
1749 2532 1890 2567 dicente:
1921 2533 1990 2567 Ora

1235 2598 1291 2630 pro
1326 2587 1422 2628 nobis,
1458 2588 1542 2621 beate
1568 2587 1727 2622 Francisce
1753 2588 1790 2621 de
1822 2587 1950 2628 Paula,
1973 2597 1989 2621 a

1237 2640 1397 2688 choroque
1426 2653 1600 2688 responso:
1639 2642 1675 2675 Ut
1703 2641 1792 2686 diqni
1816 2642 1988 2686 efficiamur

1233 2697 1488 2741 promissionibus
1504 2697 1627 2738 Clu-isti,
1645 2707 1701 2731 nos
1723 2695 1807 2730 illico
1830 2695 1988 2744 propriam
