2281 3251
0 346 1 382 t
51 335 101 363 An,
115 333 144 360 C.
162 332 232 365 tuat,

0 389 1 418 l

926 328 987 353 LEO
1014 331 1033 352 X
1055 329 1103 352 PP.

246 393 319 421 tunc
332 393 362 421 et
378 397 432 431 pro
449 392 588 430 tempore
611 384 792 429 existentes,
812 384 994 418 anctoritate

245 444 276 471 et
291 435 419 470 scientia
434 433 600 475 similibus,
615 435 672 468 sub
697 435 775 468 beati
795 434 876 468 Petri
897 442 994 468 etsua

246 485 440 533 protectione
455 485 606 531 suscepit,
619 493 646 518 ct
657 484 695 518 ab
708 484 792 518 omni
804 483 996 517 iurisdictio-

246 547 297 574 ne,
320 534 548 580 superioritate,
570 534 777 577 correctione,
801 532 995 571 visitatione,

246 584 386 618 dominio
395 592 424 618 ct
436 591 587 630 potestate
597 583 919 629 archiepiscoporum,
935 581 995 627 cpi-

246 645 413 680 scoporum
439 641 469 667 et
491 633 624 667 aliorum
654 632 792 667 iudicum
816 631 996 666 ordinario—

247 695 329 727 rum,
358 694 532 728 eorumque
557 682 743 717 vicariorum
768 690 796 715 ct
816 680 994 714 officialium

247 744 534 779 quorumcumque,
554 744 675 766 necnon
698 743 714 765 a
737 730 893 764 solutione
920 729 996 762 snb-

248 781 412 826 sidiorum,
434 783 526 816 etiam
549 780 817 819 cltaritativornm,
842 790 997 825 procura-

249 831 383 874 tionum,
397 831 597 865 collectarum
612 838 643 864 ct
656 830 785 863 aliarum
797 829 995 862 exactionum

248 879 430 915 huiusmodi
467 892 522 927 pro
556 888 697 926 tempore
732 877 995 924 imponendornm

250 938 401 976 perpetuo
424 942 553 975 prorsus
576 929 691 962 exemit
714 936 743 961 ct
772 926 998 960 totaliterlibe-

250 980 339 1018 ravit;
362 990 397 1012 ac
419 978 537 1013 eisdem
563 977 747 1012 Innocentio
764 975 996 1022 praedecessori

249 1037 278 1062 et
305 1027 380 1062 Sedi
405 1028 585 1062 immediate
607 1026 753 1064 subiecit,
777 1026 815 1059 ita
844 1024 929 1071 qnod
948 1038 998 1058 ar-

250 1077 462 1124 chiepiscopi,
497 1077 660 1123 episcopi,
689 1075 809 1110 indices
832 1075 998 1114 ordinarii,

250 1127 356 1161 vicarii
374 1135 403 1160 et
430 1126 578 1161 officiales
606 1124 746 1172 praefati,
768 1125 861 1158 etiam
881 1124 999 1157 ratione

250 1175 356 1210 delicti
374 1183 427 1209 aut
443 1183 622 1210 contractus
644 1175 690 1208 vel
715 1174 769 1214 rei,
786 1174 824 1207 de
846 1185 906 1219 qna
932 1185 997 1218 age·

252 1233 348 1268 retur,
364 1225 558 1271 ubicumque
572 1224 822 1259 committeretur
837 1222 999 1265 delictum,

252 1274 382 1309 iniretur
394 1283 585 1318 contractus,
601 1282 652 1308 aut
665 1286 713 1307 res
726 1273 791 1320 ipsa
803 1272 999 1311 consisteret,

252 1323 370 1358 nullam
405 1324 434 1358 in
469 1336 524 1358 eos
554 1332 607 1358 aut
633 1335 740 1357 eorum
772 1321 911 1368 aliquem
945 1334 999 1355 seu

253 1373 454 1417 monasteria,
476 1373 557 1417 loca,
579 1371 720 1407 membra
749 1379 779 1406 et
803 1370 882 1404 bona
912 1382 1000 1417 prae-

252 1423 344 1464 dicta,
373 1431 529 1469 tamqnam
559 1434 689 1469 prorsus
716 1428 878 1467 exemptos
910 1428 940 1454 et
968 1431 1002 1454 e-

253 1480 391 1519 xempta,
407 1472 670 1515 iurisdictionem,
693 1471 935 1513 correctionem,
952 1482 1000 1504 su-

254 1522 489 1568 perioritatem,
526 1521 703 1555 dominium
741 1519 787 1553 vel
817 1526 999 1565 potestatem

252 1583 409 1612 exercere,
432 1580 485 1605 aut
508 1569 854 1612 excommtmicationis,
873 1580 1003 1615 snspen-

252 1620 350 1655 sionis
367 1629 396 1655 et
420 1620 575 1655 interdicti
599 1633 655 1654 seu
689 1619 815 1666 quasvis
837 1618 911 1652 alias
928 1630 1001 1652 sen-

253 1670 382 1713 tentias,
405 1682 555 1705 censuras
577 1678 607 1704 et
636 1680 753 1716 poenas
775 1668 1002 1702 ecclesiasticas

253 1720 451 1766 promulgare
477 1726 714 1766 praesumerent
732 1726 785 1752 aut
805 1726 933 1764 possent
956 1718 1001 1751 vel

253 1769 542 1816 deberentquoquo
555 1768 661 1809 mod03
678 1780 734 1802 nec
747 1768 802 1814 ipsi
819 1768 864 1801 sic
880 1767 1001 1814 excepti

253 1831 356 1853 coram
381 1819 442 1853 illis
481 1827 534 1853 aut
560 1819 700 1853 eiusdem
730 1816 824 1851 Sedis
851 1817 1003 1862 delegatis

255 1868 301 1902 vel
329 1867 553 1914 subdelegatis,
586 1868 658 1911 nisi,
684 1868 714 1901 in
745 1866 843 1900 literis
869 1867 915 1900 eis
947 1879 1002 1913 pro

254 1925 394 1964 tempore
410 1918 546 1957 directis,
564 1917 603 1952 de
617 1917 791 1951 Innocentii
810 1916 1003 1963 praedeces—

253 1967 333 2001 soris
357 1967 454 2001 literis
475 1966 656 2001 huiusmodi
674 1965 832 2012 specialis,
856 1965 1002 2012 specifica

254 2025 282 2051 et
297 2028 443 2063 expressa
474 2029 509 2050 ac
527 2016 565 2050 de
583 2016 676 2050 verbo
687 2015 724 2049 ad
742 2015 869 2050 verbum
887 2015 1003 2049 mentio

255 2065 364 2110 lieret,
395 2066 433 2100 ad
463 2065 613 2100 indicium
637 2064 784 2107 evocari,
813 2072 866 2098 ant
893 2064 1005 2110 quovis

256 2115 360 2156 modo,
374 2115 491 2150 directe
511 2115 557 2149 vel
580 2114 731 2148 indirecte
752 2113 911 2148 molestari
930 2125 1004 2160 pos·

255 2176 326 2203 sent
351 2169 398 2204 vel
434 2168 595 2203 deberent.
626 2167 810 2202 Decernens
838 2178 949 2201 omnes
976 2174 1006 2201 et

255 2222 399 2269 singulos
415 2234 593 2270 processus,
607 2221 789 2261 sententias,
808 2232 959 2255 censuras
977 2229 1005 2255 et

257 2289 385 2325 poenas,
412 2289 491 2324 quos
513 2285 542 2311 et
565 2288 642 2323 quas
666 2287 721 2322 per
740 2275 1006 2322 archiepiscopos,

257 2332 435 2378 episcopos,
459 2330 578 2365 indices
605 2329 801 2372 ordinarios,
825 2329 957 2363 vicarios
978 2336 1007 2363 et

258 2385 405 2420 officiales
433 2384 621 2432 praedictos,
648 2396 702 2418 sen
728 2395 835 2418 eorum
859 2382 1007 2429 aliquem,

260 2447 367 2474 contra
384 2439 514 2474 abbates
537 2446 566 2473 et
593 2438 670 2472 alios
692 2446 868 2484 exemptos,
892 2448 1008 2471 mona—

259 2493 351 2529 steria
374 2501 404 2528 et
426 2493 492 2528 loca
520 2492 714 2532 huiusmodi,
730 2491 823 2526 etiam
850 2498 1008 2537 exempta,

261 2557 293 2582 tat
313 2548 486 2595 praefertur
503 2574 511 2589 ,
534 2546 642 2581 haberi
664 2554 694 2580 et
718 2544 924 2593 promulgari,
951 2556 1010 2578 nec

261 2615 321 2637 nou
345 2602 499 2649 quicquid
518 2614 608 2636 secus
635 2613 729 2648 snper
751 2600 812 2644 tus,
835 2600 873 2634 ab
895 2599 941 2634 eis
964 2598 1010 2633 vel

260 2656 320 2690 alio
335 2668 508 2703 quoquam,
524 2655 634 2702 quavis
655 2654 852 2695 anctoritate,
875 2654 1011 2688 scienter

261 2709 306 2743 vel
327 2709 506 2758 ignoranter
534 2708 676 2745 attentari
700 2708 907 2754 contingeret,
928 2706 1010 2742 irrita

1668 317 1729 352 771

1038 393 1067 418 et
1085 384 1186 418 inania
1214 384 1394 431 nulliusque
1408 383 1528 419 roboris
1551 384 1596 418 vel
1622 384 1785 424 momenti,

1040 442 1131 479 prout
1155 434 1183 467 in
1203 433 1339 480 singulis
1358 434 1453 468 literis
1476 433 1641 481 praedictis
1663 434 1786 480 plenius

1039 491 1229 517 continetur.

1087 532 1106 578 g
1129 536 1161 566 5.
1185 532 1267 567 Cum
1296 540 1410 575 autem,
1426 533 1507 567 sicut
1530 532 1734 567 charissimus
1754 533 1783 566 in
1809 547 1986 575 &quent-men-

1038 580 1163 615 Christo
1184 581 1265 616 filins
1291 591 1395 616 noster
1408 582 1551 621 Carotus,
1567 582 1783 616 Romanorum
1800 581 1857 632 πῆ·
1872 582 1987 631 ῨἺΡΗὛἿ

1040 643 1104 671 rex,
1125 631 1153 663 iu
1183 631 1402 677 imperatorem
1420 632 1549 670 clectus,
1567 631 1708 669 illustris,
1731 631 1782 677 qui
1801 617 1985 663 „,''‚¹¹31':‘,.'2¹;,{„

1039 680 1131 713 etiam
1148 679 1302 714 Castellae
1317 689 1345 714 et
1365 680 1511 725 Legionis
1528 692 1591 723 rex,
1606 693 1640 715 ae
1657 680 1784 715 militiae
1801 672 1987 725 ζῗζζρῖζᾎὼξζῆἐζ

1040 728 1077 762 de
1100 729 1265 763 Alcantara
1293 729 1365 763 dicti
1389 729 1517 764 Ordinis
1542 738 1713 776 perpetuus
1730 728 1786 763 ad·
1802 738 1860 762 ponit
1890 735 1986 770 runnu

1041 779 1232 812 ministrator
1257 790 1309 824 per
1332 778 1446 813 Sedcm
1473 779 1659 825 praedictam
1683 766 1988 824 depu-iliss'ff'tssi⁰.²1.'ss¹,',}

1042 836 1121 861 tatus
1143 828 1266 867 existit,
1291 836 1350 861 tam
1375 840 1432 861 suo
1448 855 1455 866 ,
1478 840 1570 874 quam
1600 827 1784 861 dilectorum
1802 827 1839 878 ⁸2¹}
1856 827 1939 878 ,¹.³⁰⁸¹¹,¹⁸
1953 827 1988 847 ⁶³·

1041 876 1175 910 liliorum
1201 877 1417 911 universorum
1439 878 1590 923 priorum,
1604 884 1787 922 praecepto·
1802 864 1988 910 iev'dssffijsss'ffi‘i

1042 938 1123 965 rum,
1137 926 1427 960 commendatorum
1446 935 1710 972 nuncupatorum,
1727 925 1787 958 mi·
1802 919 1855 939 ”¹⁰⁸¹
1866 919 1936 943 *¹¹¹⁵*
1947 920 1989 945 μί’

1802 950 1843 969 vite
1860 950 1884 969 iis
1921 950 1973 969 rdtu'

1042 975 1141 1014 litum,
1153 975 1278 1009 fratrum
1290 984 1319 1009 et
1330 976 1459 1008 aliarum
1470 987 1673 1021 personarum
1688 975 1787 1008 (lictae
1802 949 1926 1001 Ceti-efficii-
1937 955 1988 1005 gni:

1042 1026 1169 1059 militiae
1199 1024 1380 1058 nominibus
1415 1024 1503 1058 nobis
1541 1037 1639 1069 nuper
1673 1024 1785 1069 exponi
1802 1010 1988 1067 ἓζζξιηάὶῗιιῖξζᾋὶἶ

1042 1074 1123 1115 fecit,
1139 1074 1210 1108 licet
1233 1075 1380 1118 magister
1399 1086 1452 1119 pro
1478 1082 1617 1119 tempore
1640 1074 1788 1115 existens,
1803 1072 1989 1123 f.⁵³¹³¹⁶‘,¹¹⁰¹²¹,¹¹‘,⁸‘

1041 1135 1076 1157 ae
1092 1135 1202 1157 omues
1224 1131 1254 1157 et
1276 1122 1389 1167 singuli
1407 1123 1536 1167 prioreS,
1561 1131 1788 1168 praeceptores,
1813 1109 1874 1124 ΗΜ
1899 1109 1980 1128 “¹¹⁰¹

1044 1172 1155 1206 milites
1177 1181 1206 1206 et
1234 1172 1344 1206 fratres
1359 1172 1485 1205 militiae
1510 1172 1789 1205 lminsmodieius-

1042 1221 1113 1255 dem
1137 1220 1266 1256 Ordinis
1295 1220 1486 1266 professores
1513 1221 1657 1264 existant,
1675 1228 1705 1254 et
1732 1219 1790 1253 snb

1043 1271 1151 1304 eadem
1175 1270 1296 1316 Regula
1319 1271 1452 1303 militent
1479 1277 1508 1303 ct
1531 1270 1644 1309 vivant,
1674 1268 1791 1303 nibilo-

1044 1321 1147 1354 minus
1170 1321 1241 1366 quia
1276 1320 1306 1353 in
1337 1319 1433 1353 literis
1464 1318 1618 1362 Honorii,
1644 1317 1791 1356 Martini,

1043 1369 1121 1404 Sixti
1143 1378 1172 1404 et
1187 1369 1373 1409 innocentii,
1389 1368 1665 1413 praedecessorum
1681 1367 1792 1401 liuius-

1045 1419 1141 1463 modi,
1169 1419 1207 1452 de
1230 1418 1311 1453 dicta
1339 1418 1448 1452 militia
1475 1426 1505 1451 et
1529 1417 1612 1450 illins
1635 1416 1791 1463 personis,

1044 1468 1252 1511 monasteriis,
1275 1467 1434 1506 domibus,
1458 1466 1691 1513 praeceptoriis,
1717 1464 1792 1499 alias

1044 1517 1288 1551 commendatiis
1302 1517 1541 1562 nuncupatis,et
1556 1515 1631 1549 locis
1647 1514 1793 1561 specialis

1046 1568 1164 1601 mentio
1180 1566 1256 1600 facta
1273 1578 1334 1600 non
1351 1566 1461 1608 extitit,
1484 1577 1498 1599 a
1523 1565 1683 1598 nonnullis
1705 1575 1792 1598 asse-

1046 1626 1130 1650 ratur
1147 1617 1329 1662 magistrum
1349 1628 1404 1650 scu
1421 1615 1705 1649 administratorem
1736 1624 1791 1659 pro

1047 1676 1185 1713 tempore
1198 1666 1395 1708 existentem,
1415 1666 1544 1711 priores,
1560 1671 1790 1709 praeceptores,

1046 1717 1170 1759 milites,
1185 1715 1292 1749 fratres
1318 1724 1348 1748 et
1372 1726 1522 1760 personas
1558 1712 1717 1751 mandam,
1733 1724 1790 1745 su-

1046 1763 1629 1813 sceptione,exemptione,liberatione
1645 1770 1674 1795 et
1689 1761 1792 1795 decre·

1047 1816 1084 1849 tis
1113 1815 1278 1861 praedictis
1300 1826 1336 1847 ac
1357 1813 1424 1847 aliis
1449 1812 1617 1859 privilegiis
1632 1838 1640 1851 ,
1668 1822 1791 1845 necnon

1048 1864 1261 1910 indulgentiis,
1289 1863 1380 1897 etiam
1409 1861 1634 1908 spiritualibus.
1662 1872 1698 1893 ac
1726 1871 1792 1906 pee-

1047 1922 1185 1948 catorum
1215 1913 1454 1947 remissionibus
1491 1911 1590 1944 eidem
1621 1908 1734 1943 Ordini
1762 1916 1792 1942 et

1048 1963 1133 1998 illius
1145 1962 1323 2003 abbatibus,
1340 1959 1501 1995 monachis
1523 1968 1552 1994 et
1567 1959 1720 2006 personis,
1735 1969 1792 1992 nec

1049 2026 1108 2047 non
1137 2013 1273 2046 virorum
1308 2019 1338 2045 et
1374 2010 1537 2044 mulierum
1574 2007 1792 2050 monasteriis,

1049 2062 1238 2109 prioratibus
1250 2069 1279 2095 et
1295 2060 1385 2103 locis,
1402 2072 1456 2105 per
1466 2057 1580 2093 Scdem
1602 2057 1791 2103 praedictam

1048 2112 1218 2151 concessis,
1231 2111 1286 2151 uti,
1304 2110 1393 2156 potiri
1407 2117 1435 2142 et
1450 2107 1586 2154 gaudere
1610 2118 1671 2139 non
1692 2116 1794 2152 posse3

1050 2164 1205 2211 praefatus
1231 2163 1364 2198 Carolus
1391 2174 1444 2196 rex
1479 2169 1509 2195 et
1539 2159 1794 2202 administrator,

1049 2220 1141 2253 dictis
1163 2218 1355 2258 nominibus,
1379 2216 1469 2250 nobis
1492 2214 1650 2248 humiliter
1671 2211 1796 2259 suppli-

1049 2274 1110 2308 cari
1133 2273 1206 2308 fecit
1229 2282 1262 2307 ut
1283 2272 1429 2317 magistro
1456 2281 1510 2304 seu
1538 2266 1797 2307 administratori,

1051 2328 1220 2375 prioribus,
1248 2324 1518 2373 praeceptoribus,
1546 2321 1709 2365 militibus,
1732 2319 1797 2355 fra-

1052 2382 1151 2417 tribus
1172 2390 1203 2416 et
1228 2382 1296 2415 aliis
1318 2379 1461 2427 personis
1485 2389 1538 2423 pro
1562 2383 1702 2422 tempore
1723 2375 1797 2409 exi-

1051 2436 1206 2471 stentibus
1226 2435 1349 2469 militiae.
1373 2430 1566 2474 huiusmodi,
1581 2431 1672 2465 cuius
1699 2430 1791 2464 etiam

1051 2492 1150 2526 clarae
1173 2489 1342 2524 memoriae
1368 2484 1590 2521 Ferdinandns
1611 2485 1794 2524 aragonum

1052 2554 1081 2579 et
1102 2544 1228 2580 Siciliae
1257 2555 1321 2587 rex,
1348 2541 1385 2576 ad
1413 2541 1506 2575 cuius
1533 2538 1795 2586 supplicationem

1054 2599 1204 2634 nonnulla
1220 2597 1357 2644 desuper
1378 2605 1648 2633 concesseramus,
1665 2591 1740 2626 dum
1757 2591 1800 2625 vi·

1054 2660 1139 2688 veret
1161 2659 1332 2699 perpetuus
1346 2649 1588 2687 administrator,
1612 2659 1665 2693 per
1681 2644 1798 2680 Sedem

1054 2707 1195 2742 camdem
1224 2705 1401 2752 deputatus,
1423 2701 1593 2745 existebat,
1624 2710 1798 2749 eorumque

1800 329 1850 356 An.
1867 328 1897 356 C.
1914 328 1980 356 1⁸2¹
