2281 3251
226 238 279 264 ΑΒ.
299 237 327 264 C.
345 237 411 265 tti88

253 550 363 571 intumum
391 554 411 570 et

229 583 354 610 pupillorum
365 589 410 602 vau·

229 621 269 638 υς,

246 850 394 871 llemissortas.

249 1100 414 1121 uenerationem

233 1136 376 1154 tertiiinoruni.

257 1296 398 1323 ttegtsirorurn

296 1330 363 1350 sidem.

250 1499 381 1519 uravamiuis
391 1504 420 1519 ar>

239 1530 322 1555 neuim,

255 1743 354 1764 fatalium
375 1750 425 1771 pio-

242 1776 381 1800 rogationem,

259 1900 428 1926 ,appellationum

246 1933 374 1957 instantiam,

263 2198 419 2218 sententiarum

283 2230 397 2250 nuditates.

477 229 547 262 ‘540

425 296 657 343 expeditionem
674 307 838 329 causarum
851 293 1174 340 earumdem,absque

425 345 482 380 alia
517 345 759 384 commissione,
798 343 926 390 perinde
959 355 993 377 ae
1022 344 1047 377 si
1071 343 1176 377 citatio

426 394 583 441 legitimae
602 394 778 430 executioni
795 393 979 428 demandata
998 392 1086 437 soret,
1103 405 1176 440 pro-

425 445 548 480 cedere.

474 498 494 541 3‘
523 499 554 529 3.
589 495 627 529 Et
664 494 692 528 in
717 493 880 527 viduarum
905 500 933 527 et
963 491 1175 540 pupillorum,

428 556 548 579 necnon
584 543 636 578 ubi
672 543 711 578 de
745 555 868 577 sumina
898 542 942 576 rel
982 554 1013 577 re
1041 542 1175 576 valorem

427 595 668 641 quingentorum
694 595 884 628 noi-enorum
907 592 975 627 auri
1004 604 1066 626 non
1084 604 1176 626 exce-

427 645 520 678 dente
547 651 703 691 ageretur,
726 655 763 677 eo
786 642 892 686 modo,
922 654 985 690 quo
1009 642 1038 676 in
1062 641 1178 676 benesi-

428 694 560 729 ‹·ialil›us
587 693 712 737 causis,
748 692 786 727 de
809 692 1025 727 coauditorum
1049 704 1176 727 suorum

429 756 598 786 consensu,
625 743 718 777 etiam
748 742 930 789 procedere.

476 794 496 840 g
519 796 550 827 4.
576 793 786 827 Remissorias
807 794 901 828 etiam
930 791 968 827 ad
998 800 1100 839 partes
1116 820 1123 832 ,
1149 792 1178 826 in

429 843 534 878 causis
567 855 672 877 coram
705 842 751 877 eis
788 855 873 877 nunc
903 851 933 878 et
961 854 1016 889 pro
1041 851 1180 889 tempore

431 892 654 938 pendentibus,
673 893 703 927 in
723 893 832 939 quavis
855 893 1014 937 instantia,
1030 904 1180 927 novamve

429 943 623 982 dilationem,
646 942 672 976 si
697 951 830 989 petatur,
858 942 897 977 de
921 942 1052 977 allorum
1082 954 1180 977 coau-

429 993 565 1027 ditorum
589 992 724 1027 consilio
746 992 934 1028 concedere.

478 1043 498 1089 g
521 1046 553 1076 Ξῖ.
581 1042 631 1077 Ad
659 1042 890 1078 reiterationem
925 1053 1050 1089 quoque
1074 1042 1182 1076 termi-

431 1104 563 1137 norum,
599 1091 725 1127 nulliter
748 1092 795 1127 vel
823 1093 904 1128 male
931 1091 1181 1131 observatorum,

432 1151 535 1190 partes
559 1154 615 1178 seu
638 1142 848 1189 collitigantes
878 1154 1050 1188 earumque
1073 1154 1184 1189 procu-

433 1201 551 1228 ratores
573 1191 751 1228 admittere.

480 1248 495 1286 §
523 1246 556 1277 6.
594 1242 634 1276 Et
667 1242 760 1277 [idem
788 1242 951 1289 registris,
979 1253 1082 1277 coram
1116 1241 1184 1276 aliis

434 1292 605 1332 indicibus,
628 1292 720 1327 etiam
740 1292 769 1326 in
791 1291 932 1339 partibus
955 1292 1057 1335 saetis,
1079 1290 1183 1339 quoad

434 1343 498 1377 iura
525 1342 554 1376 in
578 1343 624 1376 eis
647 1342 808 1388 registrata
831 1342 1004 1382 dumtaxat,
1027 1342 1066 1376 de
1088 1341 1182 1376 simili

435 1391 578 1431 consilio,
602 1391 763 1426 adbibere.

484 1442 504 1489 g
527 1444 558 1475 7.
582 1440 686 1489 Super
708 1441 840 1476 articulo
862 1441 1051 1488 gravaminis
1073 1453 1108 1474 ae
1131 1452 1186 1474 ne-

436 1493 521 1539 gotio
550 1491 716 1539 principali
744 1492 837 1526 simul
875 1500 903 1526 et
930 1492 965 1535 (si
996 1498 1119 1538 petatur
1151 1502 1187 1524 ac

437 1541 673 1577 coauditoribus
695 1541 845 1589 expedire
865 1541 1030 1585 videbitur)
1066 1540 1188 1575 refectis

438 1592 610 1640 expensis,
646 1592 677 1626 in
717 1591 826 1626 eodem
856 1591 1022 1639 principali
1051 1591 1188 1636 negotio,

439 1643 557 1677 omisso
580 1641 797 1688 appellationis
819 1641 962 1681 articulo,
987 1640 1168 1688 procedere.

487 1692 508 1739 g
530 1694 562 1726 8.
590 1692 629 1727 Et
667 1692 742 1727 dum
771 1692 817 1726 eis
844 1691 1000 1726 ridebitur
1021 1690 1190 1738 expedire,

441 1742 542 1777 satalia
578 1741 608 1776 in
644 1742 748 1777 causis
782 1753 950 1789 prorogare
978 1740 1024 1776 vel
1048 1741 1086 1775 de
1111 1752 1191 1775 novo

442 1790 627 1827 concedere.

491 1842 511 1889 g
531 1843 564 1876 9.
588 1841 628 1876 Et
654 1853 751 1888 super
772 1840 982 1888 appellatione
1009 1839 1191 1887 interposita

443 1904 458 1926 a
482 1892 635 1926 sententia
659 1891 831 1935 definitiva,
846 1890 981 1925 decurso
1004 1890 1114 1924 ultimo
1132 1902 1194 1923 mo-

445 1950 550 1977 mento
586 1942 738 1989 temporis
781 1940 818 1975 ad
848 1940 878 1975 id
907 1941 945 1975 de
973 1941 1039 1975 iure
1068 1939 1193 1987 praefixi

446 1991 566 2036 (eadem
595 2000 699 2027 tamen
725 1991 775 2026 die
804 1990 903 2025 ultimi
927 1991 1101 2034 momenti),
1125 2002 1195 2035 per-

447 2042 518 2076 inde
535 2054 572 2077 ac
586 2042 610 2076 si
627 2041 733 2077 debito
753 2049 894 2088 tempore
907 2040 1088 2088 interposita
1105 2039 1195 2084 soret,

448 2100 598 2127 iustitiam
622 2099 813 2127 ministrare.

496 2141 516 2189 S
551 2144 607 2177 40.
637 2141 676 2176 Et
703 2141 728 2176 si
763 2141 862 2188 prima
885 2140 932 2174 vel
956 2139 1091 2175 secunda
1121 2150 1197 2173 sen-

450 2192 544 2226 tentia
567 2192 740 2239 reperiatur
768 2190 851 2225 nulla
874 2202 911 2225 ex
934 2190 1112 2225 inordinato
1131 2200 1199 2236 pro-

448 2254 552 2283 cessu,
581 2242 628 2276 vel
651 2242 743 2276 etiam
771 2254 809 2275 ex
831 2240 1001 2275 omissione
1030 2239 1197 2274 iuramenti

449 2304 545 2340 super
579 2292 867 2339 pei-liorrescentia,
892 2290 974 2324 iuxta
997 2289 1200 2324 constitutio-

451 2354 522 2377 nem
546 2342 597 2376 l'el.
621 2354 682 2376 rec.
707 2341 859 2376 Bonil'acii
885 2340 988 2387 Papae
1009 2338 1092 2377 Vlll.
1110 2350 1200 2386 prae-

451 2392 626 2427 decessoris
637 2392 746 2435 nostri,
760 2403 842 2438 quae
855 2390 964 2437 incipit
978 2391 1169 2431 Statutum(l
1180 2392 1199 2428 l,

451 2442 624 2476 dummodo
640 2441 715 2476 illud
732 2453 786 2487 per
801 2448 932 2488 partein,
954 2441 983 2474 in
1000 2450 1201 2486 quacumque

453 2499 539 2538 parte
568 2490 686 2531 iudicii,
715 2498 821 2538 postea
850 2497 1036 2537 praestetur,
1063 2488 1099 2523 ad
1123 2501 1203 2522 eon-

453 2542 662 2577 firmationem
700 2541 744 2574 rel
781 2541 1043 2579 infirmationem,
1077 2538 1202 2573 resectis

454 2592 612 2638 expensis,
641 2590 820 2638 procedere.

490 2654 528 2688 (l)
545 2654 607 2688 Cap.
631 2655 778 2683 Statilium.
799 2655 829 2677 ‹tr-
847 2653 985 2684 liveri-imis
1003 2652 1026 2678 in
1045 2652 1071 2677 [ι.

1021 237 1119 260 BELLA
1126 237 1206 259 [ΗΓΒ]
1236 237 1323 259 ROMA
1330 237 1394 260 Nt'M

1983 234 2033 260 An.
2051 233 2079 260 C.
2101 233 2166 260 taes

1266 298 1281 336 ἕ
1324 297 1375 327 Η.
1416 293 1546 328 Necnon
1584 293 1666 328 iuxta
1705 292 1966 328 constitutionem

1218 342 1408 378 Viennensis
1435 343 1575 387 concilii,
1596 355 1675 391 quae
1700 343 1807 390 incipit
1823 344 1874 376 Ad
1888 355 1969 376 com-

1215 395 1388 437 pescendas,
1411 401 1574 440 sequestra
1611 393 1781 428 decernere
1809 392 1906 427 libere
1940 401 1969 426 et

1218 441 1302 477 licite
1325 443 1458 477 valeant.

1267 492 1286 538 g
1316 494 1370 525 19..
1398 491 1468 527 Non
1502 492 1699 528 obstantibus
1726 492 1907 540 praemissis
1934 503 1969 526 ae

1219 541 1500 578 constitutionibus
1522 551 1551 577 et
1571 542 1824 577 ordinationibus
1848 549 1973 588 aposto-

1220 590 1289 625 licis
1304 592 1498 638 caeterisque
1523 593 1687 627 contrariis
1702 592 1970 640 quibuscumque.

1270 641 1386 676 Datum
1409 640 1529 677 Romae
1552 642 1636 689 apud
1661 642 1810 677 Sanctum
1827 641 1971 684 Petrum,

1220 702 1303 726 anno
1330 691 1559 727 Incarnationis
1593 691 1770 727 dominicae
1807 691 1973 727 millesimo

1221 741 1532 788 quadringentesimo
1542 741 1758 789 octuagesimo
1773 742 1973 788 septimo(1),

1221 799 1333 838 quarto
1361 791 1430 827 idus
1458 792 1608 833 ianuarii,
1645 791 1847 839 pontificatus
1875 791 1973 826 nostri

1222 853 1304 876 anno
1326 854 1371 876 iv.

1272 891 1389 933 Placet,
1410 890 1588 939 publicetur
1607 900 1637 926 et
1659 890 1858 927 describatur
1876 890 1898 925 Ι.

1430 943 1550 987 (Papae
1569 943 1774 987 subscriptio).

1273 991 1366 1026 Anno
1401 1003 1417 1026 a
1454 992 1613 1027 nativitate
1647 991 1774 1027 Domini
1809 990 1977 1025 millesimo

1225 1040 1537 1088 quadringentesimo
1555 1041 1770 1088 octuagesimo
1793 1049 1915 1085 octavo,
1929 1041 1978 1074 in-

1225 1090 1363 1125 dictione
1386 1100 1484 1136 sexta,
1509 1091 1708 1138 pontificatus
1731 1090 1850 1125 domini
1879 1090 1977 1124 Inno-

1226 1141 1322 1176 centii
1347 1141 1449 1188 Papae
1477 1142 1576 1177 oetari
1612 1154 1695 1176 anno
1718 1153 1763 1181 lv,
1791 1141 1900 1175 literae
1924 1152 1979 1174 su-

1228 1191 1419 1238 prascriptae
1447 1190 1558 1226 affixae
1587 1200 1615 1225 et
1648 1191 1828 1238 publicatae
1851 1190 1979 1224 suerunt

1228 1242 1257 1274 in
1275 1241 1369 1275 valvis
1386 1241 1573 1275 Audientiae
1597 1249 1626 1275 et
1649 1241 1713 1275 acie
1736 1240 1848 1287 Campi
1868 1239 1980 1274 Florae

1227 1291 1277 1325 die
1293 1293 1336 1324 Ι14
1362 1291 1491 1325 ianuarii
1512 1303 1565 1338 per
1581 1290 1783 1325 Fernandum
1805 1290 1853 1324 del
1868 1289 1979 1327 Porro,

1227 1340 1261 1375 S.
1290 1340 1328 1374 D.
1352 1340 1389 1374 N.
1414 1340 1517 1387 Papae
1540 1353 1713 1376 cursorem.
1738 1340 1830 1374 Lecta
1859 1339 1980 1374 Romae

1229 1390 1259 1424 in
1283 1390 1475 1425 Cancellaria
1498 1390 1678 1436 Apostolica
1708 1389 1759 1424 die
1785 1389 1905 1424 sabbati
1936 1390 1980 1421 119

1231 1440 1373 1484 ianuarii,
1396 1452 1478 1474 antio
1503 1442 1609 1474 1488.

1230 1500 1376 1543 Sequitur
1391 1499 1558 1533 declaratio
1573 1500 1653 1532 circa
1667 1499 1872 1532 executionem
1885 1498 1984 1531 dictae

1281 1550 1390 1583 bullae.

1280 1608 1300 1653 (ξ
1324 1609 1378 1641 15.
1407 1606 1680 1642 Constitutionem
1705 1614 1841 1641 nostram
1871 1618 1928 1653 pro
1947 1605 1984 1639 li-

1233 1658 1398 1703 tigantium
1415 1657 1444 1691 in
1461 1657 1773 1703 PalatioApostolico
1797 1655 1984 1690 relevamine

1233 1707 1346 1742 editam
1375 1715 1485 1754 quarto
1514 1707 1584 1741 idus
1612 1707 1762 1746 ianuarii,
1788 1706 1986 1752 pontificatus

1235 1758 1330 1792 nostri
1353 1769 1434 1791 anno
1457 1769 1503 1801 lv,
1526 1765 1555 1791 et
1581 1757 1609 1791 in
1633 1756 1826 1791 Cancellaria
1849 1756 1986 1803 Aposto-

1236 1808 1292 1842 lica
1320 1807 1358 1841 de
1383 1807 1529 1841 mandato
1553 1815 1658 1841 nostro
1681 1805 1884 1853 publicatam,
1906 1817 1986 1852 quae

1237 1857 1346 1904 incipit
1373 1857 1479 1890 Finem
1507 1858 1609 1891 litibus
1636 1865 1703 1899 etc,
1731 1855 1887 1890 observari
1923 1867 1987 1889 cu—

1238 1908 1371 1954 pientes,
1393 1906 1517 1941 dilectis
1545 1906 1617 1941 liliis
1640 1917 1805 1940 cansarum
1834 1905 1909 1939 dicti
1933 1904 1989 1939 Pa-

1238 1957 1300 1991 latii
1325 1955 1523 1991 auditoribus
1541 1955 1728 1990 mandamus
1750 1963 1785 1989 ut
1808 1955 1891 1990 illam
1907 1955 1988 1989 inter

1238 2006 1313 2042 alias
1340 2005 1481 2041 eiusdem
1505 2005 1613 2040 Palatii
1636 2005 1877 2040 constitutiones
1897 2004 1926 2038 in
1951 2004 1990 2038 li-

1240 2056 1308 2100 bro,
1335 2056 1364 2090 in
1388 2068 1450 2103 quo
1478 2056 1547 2090 illae
1570 2055 1745 2102 descriptae
1768 2064 1854 2099 sunt,
1877 2054 1990 2088 saciant

1240 2105 1386 2141 describi.

1289 2158 1309 2203 g
1336 2158 1387 2190 14.
1408 2156 1447 2190 Et
1461 2155 1594 2201 singulis
1609 2155 1710 2196 annis,
1731 2154 1806 2189 dum
1826 2153 1903 2188 aliae
1918 2165 1990 2188 con·
2015 2162 2132 2188 Quota-nnis
2155 2161 2188 2182 te—

1241 2206 1421 2241 stitutinnes
1448 2205 1622 2253 praedictae
1651 2206 1809 2251 leguntur,
1823 2204 1920 2251 prima
1941 2203 1990 2238 die
2005 2198 2071 2219 ⁹¹¹¹*

1242 2269 1313 2303 qua,
1337 2256 1478 2291 decursis
1494 2255 1579 2289 seriis
1602 2257 1755 2289 messium
1771 2263 1800 2289 et
1818 2253 1991 2288 vindemia-

1244 2319 1324 2347 rum,
1346 2306 1383 2340 ad
1408 2306 1473 2340 iura
1491 2305 1685 2340 reddendum
1702 2304 1812 2339 sedere
1829 2303 1991 2350 incipient,

1245 2357 1307 2403 pari
1338 2356 1449 2396 modo,
1477 2355 1557 2390 sicut
1581 2355 1657 2390 aliae
1681 2355 1839 2401 leguntur,
1862 2353 1921 2399 legi
1945 2353 1989 2387 sa-

1243 2407 1325 2441 ciant
1349 2415 1375 2439 et
1407 2413 1584 2452 procurent.

1293 2458 1313 2502 εξ
1341 2459 1392 2489 ts.
1416 2455 1564 2490 Volentes
1578 2454 1743 2489 assertioni
1760 2453 1913 2488 auditoris
1924 2465 1992 2487 cau·
2022 2460 2136 2497 Ammon„
2158 2461 2191 2480 ssi-

1245 2501 1347 2540 sarum
1364 2505 1556 2542 huiusmodi,
1571 2505 1740 2539 asserentis
1762 2516 1795 2538 se
1812 2502 1936 2550 aliquod
1955 2503 1994 2537 de
2008 2491 2193 2543 fif?¹,¹g²¹';{¹¹'‘‡fjg

1247 2555 1322 2589 inibi
1345 2556 1513 2594 contentis,
1536 2555 1573 2587 de
1596 2554 1728 2588 consilio
1750 2566 1805 2588 seu
1833 2564 1991 2586 consensu
2010 2553 2190 2576 “¹¹²··*·-⁰f⁰⁴¹³¹¹¹‘·

1282 2614 1320 2647 (l)
1347 2612 1496 2646 Legenduin
1517 2615 1627 2642 aeluro,
1655 2615 1679 2636 nt
1711 2619 1770 2637 enm
1798 2611 1904 2645 reliquis
1926 2611 1994 2635 nutis

1246 2649 1437 2683 clironologiris
1454 2651 1579 2682 mugi-nat
1598 2648 1636 2681 (n.
1654 2647 1702 2681 τ.).

1998 500 2107 520 filaus-utne
2131 500 2170 520 de-

1987 533 2113 557 rogatotiue.

2022 999 2146 1020 Publicatio.

2013 1614 2146 1635 Describunt-
2162 1613 2182 1633 in

1999 1647 2033 1667 li¹·.
2056 1646 2127 1666 notae.
