2281 3251
128 275 173 303 An.
192 276 221 303 C.
241 276 307 303 ¹058

139 378 204 402 Reus
226 384 307 405 qunque

125 413 146 429 ει
159 409 263 434 generatu-
272 412 308 429 υτ-

125 441 180 460 dinis
190 439 266 465 aliique
276 443 308 459 te-

126 472 209 491 stificati
261 474 307 490 sunt

125 501 234 526 praeclara
263 507 308 520 nio-

125 536 162 551 rita
172 535 191 551 et
208 532 307 552 mirarula

125 562 298 587 §.thflvtittssete

996 276 1065 299 x‘tcs
1088 276 1108 298 ΙΙ
1137 276 1181 298 W.

372 333 391 376 g
407 334 438 366 7.
454 331 517 367 Sed
538 331 638 366 clarae
659 343 752 365 mem.
776 330 909 366 loannes
925 331 1068 366 Castetlae

323 391 349 415 et
370 380 529 428 Legionis,
553 394 587 415 ac
602 381 785 427 Alplionsus
802 381 997 427 Aragonum,
1019 394 1067 416 re-

323 443 377 476 ges
404 431 558 469 illustres,
587 431 739 477 multique
774 431 823 464 alii
853 431 1066 465 Ecclesiarum

325 479 449 527 praelati
481 494 515 515 ac
549 481 602 514 viri
627 479 748 514 nobiles
780 481 973 521 saeculares,
998 481 1067 514 uni-

324 530 484 564 versitates
500 542 625 578 quoque
647 530 821 564 studiorum
845 542 880 563 ac
895 530 1067 570 civitatum,

324 591 445 613 necnon
473 580 608 615 dilectus
632 579 714 612 tilius
736 579 884 614 Martialis
901 579 1067 623 Auribelli,

323 629 397 663 dicti
420 628 549 664 Ordinis
575 629 730 675 generalis
759 629 917 675 magister,
941 630 1068 663 nomine

325 679 422 723 ipsius
443 679 586 718 Ordinis,
616 678 757 712 eamdem
780 678 895 713 Sedent
919 692 990 712 cum
1021 679 1066 712 in-

323 728 435 763 stantia
469 728 682 773 pulsaverunt,
705 727 895 763 affirmantes
917 728 999 775 quod
1025 729 1068 762 in-

323 777 421 824 signis
454 779 500 813 vir
527 778 610 825 ipse,
642 778 716 811 dum
752 779 780 811 in
811 778 955 812 humanis
982 779 1067 823 egit,

325 827 452 862 vocibus
481 827 703 874 prophetarum
736 827 900 874 verbisque
934 839 1068 873 evange-

324 877 390 912 licis
425 877 463 910 ita
501 877 643 919 inhaesit,
672 885 704 910 ut.
743 885 904 923 praecepta
940 877 1068 911 tirmiter

323 936 456 961 servaret
475 927 590 970 divina,
618 935 643 960 et
670 927 796 960 consilia
821 926 950 960 minime
978 939 1067 972 prae-

324 977 439 1011 teriret.
456 975 584 1011 Divinae
607 989 733 1023 quoque
751 976 852 1010 laudis
869 988 981 1022 praeco
1000 989 1067 1011 ma-

325 1026 439 1065 ximus,
461 1039 496 1061 ac
526 1027 695 1073 iniquitatis
719 1026 872 1060 humanae
901 1027 1068 1073 reprelien-

323 1089 374 1110 sor
396 1075 468 1114 suit:
501 1076 704 1122 delegatoque
737 1075 795 1109 sibi
825 1074 1067 1121 praedicationis

322 1125 425 1160 officio
448 1126 486 1159 ita
515 1126 641 1160 functus
663 1133 721 1164 est,
747 1133 793 1168 ut,
822 1126 1006 1159 necessariis
1027 1126 1065 1160 ad

323 1177 402 1210 vitae
426 1175 552 1209 tutelam
576 1174 777 1220 contemptis,
801 1174 916 1208 nedum
935 1175 964 1208 in
989 1175 1065 1209 sutu-

324 1237 404 1264 rnm,
423 1224 475 1258 sed
492 1225 594 1259 necin
618 1224 699 1258 diem
716 1223 877 1261 laboravit.
901 1224 950 1258 illa
972 1233 1065 1263 veste,

323 1275 374 1308 illo
401 1274 591 1317 habitaculo,
614 1274 666 1308 illo
688 1273 758 1309 cibo
780 1282 959 1318 contentus,
986 1287 1065 1321 quac

321 1322 406 1358 Deus
420 1323 477 1358 sibi
503 1325 531 1358 in
550 1332 690 1370 tempore
708 1323 923 1370 praeparabat;
941 1325 1063 1358 nullum

320 1386 458 1415 munus,
491 1375 583 1408 etiam
612 1373 762 1416 oblatum,
792 1373 983 1419 recipiebat,
1011 1374 1064 1409 sed

318 1424 399 1470 apud
427 1424 594 1458 offerentes
620 1423 804 1461 dimittebat,
832 1430 883 1456 aut
913 1424 1087 1470 pauperi—·

320 1473 379 1507 bns
417 1475 537 1516 erogari
572 1473 767 1508 consulebat.
804 1473 924 1507 Tantus
961 1487 989 1507 in
1028 1486 1065 1507 eo

318 1523 434 1566 gratiae
473 1523 576 1570 ficilgor
612 1523 776 1570 apparuit,
812 1530 894 1557 tanta
929 1523 1066 1569 Spiritus

318 1572 425 1607 Sancti
447 1572 638 1607 abnndantia
669 1573 698 1606 in
723 1585 760 1607 eo
784 1573 861 1616 fuit,
884 1581 926 1607 tot
950 1573 988 1607 de
1012 1585 1065 1607 ore

320 1622 530 1667 praedicantis
558 1623 808 1669 speciosissimae
828 1623 965 1657 veritatis
984 1635 1064 1669 pon—

318 1672 392 1707 dera
416 1672 639 1719 procedebant,
663 1681 697 1706 ut
725 1672 861 1718 ingentis
884 1672 1065 1707 multitudi-

319 1722 369 1756 nis
400 1721 541 1763 iudaeos,
569 1722 599 1756 in
628 1723 696 1767 lege
723 1722 816 1757 etiam
845 1721 1064 1768 peritissimos,

318 1772 369 1818 qui
393 1771 554 1807 Christum
591 1772 791 1818 pertinaciter
819 1772 940 1805 venisse
969 1784 1066 1819 nega-

320 1820 404 1861 bant,
426 1821 463 1856 ad
481 1821 573 1856 fidem
597 1822 781 1856 catholicam
805 1830 1013 1861 converteret,
1036 1831 1066 1856 et

319 1870 553 1906 efficacissimos
576 1872 691 1906 multos
709 1884 745 1905 ex
768 1871 813 1905 eis
837 1872 1067 1918 praedicatores

320 1920 482 1956 Adventus
503 1921 638 1961 Cbristi,
669 1921 828 1955 Passionis
855 1933 890 1956 ac
917 1920 1067 1957 Resurre-

319 1970 443 2012 ctionis,
465 1980 494 2005 et
524 1983 578 2017 pro
600 1971 716 2006 Christi
740 1971 867 2006 nomine
900 1971 978 2005 mori
1012 1984 1067 2018 pa-

320 2029 403 2055 ratos
425 2020 508 2054 fecit.
528 2021 626 2055 Tanta
647 2021 676 2055 iu
702 2021 770 2067 ipso
793 2021 858 2055 viro
881 2021 988 2056 divino
1011 2022 1067 2056 fuit

319 2071 488 2105 auctoritas
519 2070 660 2114 dicendi,
689 2078 835 2117 tantaque
859 2071 1011 2117 gravitas,
1036 2081 1068 2105 ut

320 2124 453 2158 terrenis
468 2123 563 2159 rebus
597 2125 749 2171 luxuique
767 2124 891 2159 deditos
911 2125 1067 2169 homines,

319 2178 397 2213 adeo
424 2178 529 2213 iudicii
558 2179 652 2213 futuri
677 2179 788 2213 timore
811 2186 1012 2222 concuteret,
1035 2189 1067 2214 ut

321 2241 441 2268 terrena
465 2233 663 2280 despicerent
687 2241 717 2267 et
745 2241 884 2268 amarent
911 2233 1067 2273 caelestia,

321 2299 355 2321 ac
377 2287 517 2322 levitates
539 2295 569 2322 et
591 2288 682 2321 luxus
711 2287 852 2321 omnium
877 2288 905 2321 in
924 2287 981 2322 Dei
1000 2301 1070 2335 pro-

322 2349 444 2376 vocaret
465 2342 621 2377 affectum.
645 2341 740 2376 Ornoi
764 2341 815 2375 die
843 2341 968 2375 missam
993 2355 1069 2376 can-

322 2396 413 2435 tavit,
448 2397 533 2431 omni
574 2397 624 2431 die
654 2396 865 2443 praedicavit,
900 2397 985 2430 omni
1021 2397 1070 2432 die

322 2450 390 2489 (nisi
415 2463 530 2497 urgens
557 2452 679 2485 adesset
703 2450 881 2492 necessitas)
910 2450 1069 2485 ieiunavit.

322 2504 460 2540 Consilia
484 2514 591 2539 sancta
619 2514 648 2539 et
684 2514 766 2539 recta
792 2504 868 2538 nulli
893 2504 1070 2550 denegavit,

324 2559 422 2593 immo
444 2558 527 2593 ultro
549 2559 673 2598 obtulit,
701 2570 814 2592 carnes
837 2570 896 2591 non
920 2557 1069 2602 comedit,

325 2620 440 2646 vestem
469 2612 583 2647 lineam
607 2625 669 2647 non
693 2612 808 2650 induit,
837 2624 950 2646 manus
976 2625 1072 2659 super

324 2679 433 2711 aegros
454 2666 707 2714 frequentissime
729 2665 917 2702 miraculose
942 2666 1071 2702 sanitate

1737 265 1805 298 ⁴47

1111 340 1216 366 secuta
1251 331 1410 379 imposuit,
1435 344 1536 367 mores
1563 331 1754 368 castissimos
1784 346 1853 368 ser-

1111 383 1199 417 vavit.
1221 382 1396 427 multosque
1420 389 1565 417 strenuos
1587 391 1674 417 actus
1697 382 1777 419 fecit,
1801 384 1851 417 ubi

1111 432 1245 465 maxime
1267 444 1364 476 super
1381 431 1501 477 magnis
1521 432 1614 466 rebus
1631 433 1762 478 populos
1781 444 1856 466 con-

1111 481 1272 514 tendentes
1311 488 1337 514 οι
1374 493 1464 527 regna
1495 494 1569 526 pare
1601 483 1792 527 composuit,
1825 491 1855 516 et

1112 530 1161 563 ubi
1179 531 1271 564 restis
1286 530 1482 564 inconsutilis
1502 529 1663 565 Ecclesiae
1681 531 1737 565 Dei
1755 532 1850 566 scissa

1110 579 1376 626 conspiciebatur.
1402 589 1432 613 ut
1455 580 1598 614 uniretur
1625 588 1654 614 et
1679 581 1762 614 unita
1786 593 1855 614 ser-

1111 637 1234 663 varetur
1261 641 1322 662 non
1353 629 1463 663 trustra
1493 629 1661 675 plurimum
1693 629 1853 670 laboravit,

1109 690 1145 712 ac
1167 679 1195 712 in
1213 678 1413 724 simplicitate
1432 688 1465 713 et
1481 678 1657 714 bumilitate
1678 679 1855 717 ambulans.

1110 727 1299 762 detractores
1340 737 1619 776 persecutoresque
1666 741 1740 763 suos
1778 742 1850 764 cum

1111 777 1352 811 mansuetudine
1387 778 1553 825 recipiebat
1590 786 1619 812 et
1658 778 1853 813 informabat.

1109 826 1170 860 Per
1193 827 1295 872 ipsum
1318 839 1444 874 quoque
1468 827 1569 862 diviua
1588 828 1696 869 virtus,
1719 829 1755 862 ad
1778 840 1855 862 con—

1111 876 1317 910 firmationem
1341 889 1415 911 suae
1440 877 1680 922 praedicationis
1706 886 1735 912 et
1763 878 1854 917 vitae,

1110 933 1170 959 tam
1189 938 1243 972 per
1259 939 1370 960 manus
1384 927 1483 972 ipsius
1499 927 1743 972 impositionem,
1759 940 1853 974 quam

1111 975 1313 1022 reliquiarum
1342 988 1466 1010 suarum
1497 979 1695 1023 testiumque
1726 985 1854 1016 tactum.

1109 1037 1144 1059 ac
1172 1033 1311 1060 votorum
1336 1025 1550 1063 emissionem,
1581 1027 1675 1060 multa
1706 1027 1856 1062 miracula

1109 1074 1258 1109 ostendit.
1279 1075 1417 1122 Spiritus
1442 1088 1577 1122 namque
1595 1076 1777 1110 immundos
1796 1076 1854 1111 eie-

1109 1124 1161 1163 cit;
1184 1124 1288 1158 surdis
1314 1125 1468 1163 auditum,
1497 1125 1591 1159 mutis
1614 1125 1765 1172 loquelam
1802 1139 1853 1161 re-

1109 1174 1219 1213 stituit;
1247 1187 1357 1208 caecos
1380 1175 1578 1213 illuminavit,
1602 1174 1744 1221 leprosos
1765 1187 1855 1210 mun-

1108 1223 1201 1262 davit,
1232 1232 1372 1258 mortuos
1393 1225 1566 1265 suscitavit,
1596 1225 1737 1270 aliosque
1766 1226 1856 1259 variis

1108 1273 1252 1307 detentos
1281 1274 1484 1320 languoribus
1512 1274 1788 1309 miraculosissime
1812 1275 1854 1308 li·—

1109 1323 1235 1357 bei-axit.

1155 1379 1170 1415 ξ
1199 1375 1230 1407 8.
1253 1372 1398 1414 Quorum
1422 1373 1562 1407 omnium
1591 1373 1696 1408 efficax
1726 1374 1855 1408 assertio
1881 1383 1920 1421 {ti-
1940 1386 2054 1420 immotus.

1107 1422 1180 1461 fuit,
1210 1422 1292 1470 quod
1323 1422 1405 1457 idem
1435 1422 1583 1458 Nicolaus
1611 1413 1965 1469 praedecessorffffl'*
1987 1414 2056 1435 ‘nm‘

1872 1446 1984 1466 mationem
2014 1450 2057 1466 ro-

1109 1473 1200 1519 pleue
1223 1474 1260 1506 de
1294 1472 1373 1507 fama
1398 1472 1468 1506 fidei
1505 1481 1534 1507 et
1561 1473 1741 1507 excellentia
1778 1473 1855 1508 vitae
1871 1477 1973 1498 di⁰²⁰s²¹¹⁰
1989 1452 2054 1496 '5¹¹³ss

1107 1530 1198 1570 atque
1223 1522 1445 1556 miraculorum
1469 1522 1569 1569 ipsius
1587 1522 1783 1564 informatus,
1801 1534 1855 1557 vo-
1871 1507 1973 1562 ἲῑῐεῗιιῗά]
1996 1512 2055 1527 Μ’-

1109 1572 1177 1607 leus
1191 1571 1227 1606 ad
1248 1572 1393 1607 ulteriora
1420 1572 1601 1618 procedere,
1618 1573 1699 1607 iuxta
1715 1573 1748 1608 S.
1764 1572 1804 1607 R.
1818 1571 1853 1608 E.

1108 1635 1245 1665 morem,
1274 1621 1504 1657 venerabilibus
1541 1621 1688 1657 fratribus
1723 1622 1855 1667 nostris,

1108 1680 1182 1706 tunc
1204 1672 1280 1713 suis,
1296 1671 1450 1717 Gregorio
1472 1672 1620 1719 episcopo
1639 1672 1799 1708 Hostiensi
1825 1682 1855 1707 et

1108 1721 1210 1756 eidem
1229 1721 1359 1756 Callisto
1384 1722 1628 1767 praedecessori,
1650 1730 1726 1757 tunc
1747 1723 1777 1756 in
1794 1722 1856 1757 mi-

1110 1771 1239 1806 noribus
1272 1771 1456 1815 constituto,
1484 1784 1519 1806 ac
1554 1771 1661 1806 loanni
1685 1772 1718 1806 S.
1743 1772 1854 1818 Angeli

1108 1821 1240 1856 diacono
1262 1821 1412 1856 cardinali
1435 1820 1593 1856 commisit
1619 1821 1716 1868 quod,
1743 1822 1782 1856 de
1806 1836 1858 1857 ve-

1110 1872 1197 1906 ritate
1225 1870 1296 1904 tidei
1319 1880 1349 1906 et
1376 1871 1561 1906 excellentia
1585 1870 1664 1906 vitae
1692 1885 1728 1907 ac
1762 1872 1858 1907 mira-

1109 1920 1252 1956 culorum
1273 1922 1381 1967 gratia,
1404 1934 1436 1955 se
1461 1929 1512 1955 aut
1535 1933 1644 1955 eorum
1668 1922 1804 1969 aliquem
1827 1922 1856 1956 in

1109 1970 1217 2014 Curia,
1239 1980 1323 2006 extra
1347 1984 1420 2005 vero
1445 1983 1499 2017 per
1522 1970 1640 2005 iudices
1662 1971 1700 2005 ab
1722 1972 1766 2006 eis
1797 1971 1858 2006 de-

1111 2020 1278 2067 putandos,
1301 2021 1467 2067 diligenter
1490 2020 1702 2055 informarent.

1158 2071 1223 2118 §9-
1240 2070 1302 2112 Qui
1328 2071 1481 2104 mandatis
1505 2070 1629 2116 praefati
1647 2070 1765 2105 Nicolai
1784 2083 1860 2117 prae-
1873 2077 2056 2129 ‘Quiproeaisum

1110 2124 1288 2159 decessoris
1322 2124 1595 2171 obtemperantes,
1628 2132 1659 2157 et
1699 2125 1727 2158 in
1764 2124 1858 2159 Curia
1873 2112 2057 2161 :giiiinii’irsseuii

1111 2178 1272 2212 nonnullis
1294 2178 1426 2213 testibus
1453 2178 1650 2220 examinatis,
1674 2187 1758 2213 extra
1786 2191 1859 2214 vero
1875 2172 1981 2223 :Jff‘m
2010 2171 2057 2191 ‘'¹“

1112 2233 1285 2267 Romanam
1320 2234 1460 2269 Curiam.
1484 2233 1566 2266 iuxta
1597 2240 1781 2277 potestatem
1815 2233 1860 2268 eis

1111 2287 1225 2325 datam,
1249 2288 1278 2322 iu
1300 2288 1423 2322 civitate
1446 2287 1648 2332 Neapolitana
1671 2287 1861 2322 venerabiles

1113 2342 1221 2375 fratres
1237 2350 1359 2376 nostros
1379 2341 1582 2388 patriarcham
1600 2340 1860 2383 ¹&lexaudrinum

1112 2396 1387 2441 archiepiscopum
1408 2394 1662 2440 Neapolitanum,
1685 2404 1712 2429 et
1736 2395 1861 2441 episco-

1115 2462 1188 2496 pum
1213 2449 1449 2483 Maior-iceusem
1474 2448 1589 2483 ibidem
1617 2456 1860 2486 commorantes;

1114 2504 1143 2537 in
1174 2502 1313 2550 partibus
1341 2502 1548 2549 Delphinatus
1576 2502 1802 2537 Vasionensem
1831 2510 1863 2535 et,

1116 2557 1294 2592 Uticensem
1317 2557 1481 2604 episcopos
1504 2569 1539 2590 ac
1561 2557 1694 2590 dilectos
1717 2556 1797 2589 filios
1822 2555 1863 2589 os·

1115 2611 1245 2645 ticialern
1282 2609 1529 2646 Arinionensem
1558 2619 1586 2644 et
1618 2609 1771 2643 decanum
1800 2607 1863 2643 Ec-

1115 2666 1228 2700 clesiae
1263 2665 1296 2701 S.
1330 2665 1412 2700 Petri
1443 2665 1677 2704 Aviuionensis;
1701 2663 1729 2697 in
1767 2674 1862 2710 regno

1872 275 1919 303 An.
1939 276 1965 301 C.
1987 275 2052 302 ΜΡΝ
