2281 3251
85 293 132 320 ΑΙΙ.
147 292 176 320 C.
199 291 266 319 15¹5
961 288 1021 312 LEO

580 343 651 378 xtn
679 346 735 387 (¹)-

283 420 397 455 Contra
419 424 594 462 occupantes
616 418 662 450 vel
690 417 864 451 invadentes
888 424 983 452 terras
1006 426 1032 452 et

329 469 395 502 loca
417 468 452 502 S.
481 468 520 501 R.
552 468 589 500 E.
617 478 779 512 eorumque
813 469 969 513 complices
1005 476 1032 502 ct

331 519 478 563 fautores.

551 595 765 627 SUMMARIUM

282 665 449 697 Exordium.
471 682 510 688 —
526 666 550 695 1.
575 664 666 694 lulius
690 664 815 694 llmulta
836 665 897 695 loca
918 665 1031 696 etbona

323 709 391 741 Sedi
417 709 600 748 Apostolicae
624 709 814 745 recuperavit.
839 726 878 732 -
899 709 926 739 2.
953 709 1031 740 Pon-

324 754 393 785 tifex
414 755 469 785 iste
492 754 625 784 Parmam
649 757 678 783 et
699 752 877 784 Placentiam
906 764 1031 794 recupe-

322 800 405 831 ravit.
421 816 459 822 —
477 798 503 829 3.
521 797 555 828 Et
575 798 659 827 modo
679 807 729 837 pro
745 798 963 829 conservatione
984 799 1034 829 bo-

323 854 427 876 norum
447 844 540 874 dictae
561 842 644 872 Sedis
661 844 778 872 innovat
796 852 897 873 omnes
919 845 1032 874 consti-

325 890 451 920 tutiones
477 889 570 919 editas
593 892 692 918 contra
722 888 885 918 detinentes
913 889 975 918 loca
999 890 1033 919 ad

323 935 482 965 Romanam
515 933 677 963 Erclesiam
707 937 847 972 spectant.
879 937 906 963 et
932 942 1032 963 eorum

324 979 469 1014 fautore53
486 995 525 1000 —
539 978 566 1007 4.
586 977 757 1017 Poenosque
776 977 882 1007 multas
901 977 1034 1016 imponit3

323 1041 360 1046 —-
378 1024 404 1054 5.
428 1022 564 1053 Civitates
583 1029 609 1052 et
629 1023 702 1059 loca,
722 1023 749 1051 in
773 1022 879 1061 quibus
902 1022 944 1051 illi
964 1031 1032 1061 per-

323 1068 493 1104 manserint,
512 1067 665 1097 interdicto
683 1066 811 1101 subiicit;
829 1083 867 1088 —
889 1066 915 1096 6.
929 1065 1034 1096 Fauto-

322 1113 405 1144 ribus
423 1122 539 1152 quoque
559 1120 666 1151 poenas
691 1110 824 1149 itnponit;
842 1127 879 1132 ——
897 1111 922 1140 7.
942 1110 1035 1140 Abso-

324 1158 465 1188 lutionem
485 1156 616 1186 Romano
638 1155 770 1185 Pontifici
791 1159 929 1185 reservat.
952 1172 990 1177 —
1008 1156 1034 1185 8.

325 1201 487 1232 Prohibitio
504 1200 665 1239 recipiendi
686 1199 793 1228 milites
812 1200 840 1228 in
863 1200 946 1229 terris
962 1199 989 1230 S.
1002 1200 1034 1229 R.

324 1247 412 1283 ticet,
438 1246 549 1285 absque
573 1245 689 1274 licentia
714 1244 817 1283 Papae.
840 1245 920 1274 —9.
942 1244 1034 1275 Dero-

325 1291 401 1331 gatio
419 1290 643 1320 contrariorum.
658 1305 697 1310 ·-
716 1288 760 1318 10.
779 1288 865 1318 Fides
883 1293 1034 1319 transum-

326 1340 450 1375 ptorum.
475 1350 514 1356 —
540 1334 582 1363 11.
600 1332 693 1362 Iussio
716 1332 898 1372 publicandi.
927 1350 965 1356 —-
989 1333 1034 1364 12.

323 1379 450 1411 Effectus
469 1378 686 1418 publicationis.
705 1394 745 1400 —-
766 1376 938 1408 Publicatio.

377 1456 426 1485 Leo
450 1455 590 1491 episcopus
615 1460 711 1483 servus
730 1460 869 1483 servorum
887 1453 949 1487 Dei,

442 1505 475 1533 ad
505 1504 627 1533 futuram
651 1504 692 1532 rei
710 1502 877 1532 memoriam.

333 1578 418 1614 Inter
433 1589 542 1626 graves
557 1576 774 1612 solicitudines
795 1583 826 1611 et
847 1588 954 1617 curas,
970 1577 1037 1624 qui-

286 1629 357 1673 bus,
372 1640 427 1676 pro
443 1627 607 1675 pastoralis
622 1627 752 1662 officiiet
766 1625 955 1674 apostolicae
969 1639 1037 1662 ser-

287 1679 393 1714 vitutis
408 1677 526 1722 debito,
548 1678 697 1712 continue
714 1676 903 1724 premimur,
917 1689 976 1711 una
991 1685 1037 1712 est

287 1727 467 1777 peculiariS,
490 1740 551 1774 qua
566 1739 691 1775 semper
707 1726 864 1772 angimur,
881 1734 913 1761 ut
927 1726 1037 1761 desen-

287 1779 367 1814 sioni
396 1785 427 1813 et
450 1777 614 1812 custodiae
643 1776 801 1812 civitatum
826 1784 855 1810 et
885 1784 1035 1811 terrarum

287 1837 318 1863 et
345 1828 485 1863 locorum
510 1827 600 1862 nobis
627 1835 658 1861 et
684 1825 718 1860 S.
748 1825 787 1860 R.
816 1825 854 1860 E.
877 1825 1037 1860 subiecto-

289 1890 357 1913 rum
380 1877 505 1913 assidue
528 1877 791 1923 invigilemus3ac
811 1887 850 1910 ne
874 1888 1037 1922 perverso-

290 1941 357 1963 rum
374 1926 548 1962 temerariis
576 1926 717 1970 ausibus,
740 1938 755 1960 a
778 1925 944 1972 quibusvis
959 1938 1038 1972 gen-

290 1978 367 2013 tium
389 1989 548 2012 armornm
573 1975 833 2023 ductoribus,qui
857 1975 923 2009 siue
947 1975 1038 2010 iusti-

291 2029 349 2063 tiae
377 2024 563 2067 mi'nisteri0‚
591 2027 645 2060 sed
674 2025 778 2060 hostili
803 2037 897 2059 manu
913 2034 942 2059 et
959 2037 1038 2072 pro-

291 2078 355 2126 pria
375 2076 551 2111 temeritate
581 2075 767 2122 procedunt,
790 2083 987 2122 occupentur
1009 2083 1039 2110 et

291 2127 497 2174 dissipentur,
514 2124 662 2160 omnibus
680 2124 826 2159 remediis
845 2134 874 2159 et
890 2125 966 2159 iuris
981 2138 1040 2159 au-

290 2177 364 2212 xilio
380 2183 555 2224 opportune
580 2174 759 2222 pi·‹›ltibere;
778 2174 862 2221 quod
883 2181 967 2208 tanto
985 2186 1039 2220 pe-

292 2226 459 2262 riculosius
483 2224 661 2271 negligitur,
684 2224 810 2271 quando
832 2223 944 2258 exinde
968 2232 1041 2258 tur—

290 2276 374 2312 batio
402 2285 431 2311 et
460 2275 604 2310 confusio
637 2275 796 2309 civitatum
828 2282 857 2308 et
885 2281 1039 2309 terrarum

291 2325 495 2362 ecclesiastici
523 2324 630 2360 Status
653 2324 690 2359 de
707 2324 784 2358 sacili
799 2332 994 2364 causaretur,
1011 2332 1041 2358 et

293 2375 480 2424 pontificalis
507 2375 678 2409 auctoritas
701 2374 904 2408 minueretur.

341 2426 361 2474 S
390 2428 420 2460 t.
449 2425 530 2460 Cum
549 2425 650 2470 itaque
667 2436 792 2471 operam
817 2422 972 2458 efficacem
987 2422 1042 2458 ad-

112 2475 402 2510 ¹u¹i=1⁸¹¹mu1ubibere
424 2474 594 2509 debeamus
631 2482 662 2508 ut
688 2486 798 2508 omnes
812 2473 1042 2516 christifideles,

99 2514 282 2574 ζῗωὶἑηζῗζῆῗξζ
297 2525 478 2572 praesertim
498 2525 527 2558 in
546 2524 634 2558 terris·
649 2532 677 2558 et
691 2523 767 2558 locis
783 2523 873 2558 uobis
900 2530 930 2558 et
944 2523 1043 2557 dictae

99 2581 240 2605 ¹0⁶“P0f³'¹‘-
296 2574 369 2611 Sedi
388 2574 522 2610 mediate
546 2573 591 2609 vel
611 2573 789 2608 immediate
810 2572 959 2607 subiectis
975 2573 1044 2607 exi-

120 1633 238 1655 Exordium⁴

332 2653 370 2689 (1)
389 2653 459 2681 Haec
475 2653 500 2680 in
518 2654 593 2680 Rom.
614 2653 683 2679 Edit.
701 2659 750 2680 xiv
771 2660 817 2688 per
837 2659 955 2680 errorem
967 2651 1046 2679 habet

296 2693 386 2721 sedem
402 2693 440 2728 (n.
457 2693 508 2729 τί),

375 2738 448 2769 Ball.
472 2738 548 2768 Rom.
572 2737 626 2768 vot.
649 2738 675 2768 V.
891 2736 927 2767 79

1049 289 1070 311 x
1095 289 1145 312 ΡΡ.
1702 276 1773 310 625

1073 353 1203 389 sternes,
1224 344 1356 380 sublatis
1377 343 1635 391 quibuscumque
1662 354 1821 378 armorum

1073 395 1255 442 strepitibus
1276 403 1306 429 et
1329 393 1578 441 impedimentiS,
1600 392 1707 440 quiete
1722 400 1750 427 et
1768 405 1823 439 pa-

1073 445 1161 480 cifice
1184 445 1285 479 vivere
1309 444 1440 488 valeant,
1460 442 1608 477 omnibus
1631 443 1707 477 iuris
1722 454 1824 476 reme—

1074 495 1132 528 diis
1159 494 1221 538 (nbi
1245 494 1336 528 etiam
1363 505 1581 540 perversorum
1605 491 1734 527 audacia
1757 492 1824 527 exi-

1074 545 1129 591 git,
1149 544 1267 579 vibrato
1278 543 1466 590 apostolicae
1483 542 1646 590 potestatis
1663 544 1824 584 mucrone)

1076 606 1130 640 per
1156 605 1305 629 censuras
1332 592 1559 628 ecclesiasticas
1583 590 1747 639 providere
1769 603 1824 626 vo-

1075 643 1185 679 lentes.
1212 642 1308 685 Sane,
1325 655 1395 678 cum
1413 650 1516 677 mente
1541 641 1728 676 revolvimus
1747 649 1824 688 quot

1075 701 1104 728 et
1117 700 1253 740 quantos
1270 692 1391 727 labores
1407 691 1458 726 sel.
1483 703 1542 726 rec.
1560 690 1661 726 Iulius
1677 690 1760 738 Papa
1786 690 1824 731 ΙΙ,

1076 742 1298 789 praedecessor
1312 749 1427 785 noster,
1438 753 1492 787 pro
1508 740 1743 787 recuperatione
1754 740 1826 775 ciri-

1076 801 1185 831 tatum,
1205 800 1354 826 terrarum
1381 799 1411 826 et
1434 792 1574 826 locorum
1594 790 1631 825 ad
1649 789 1823 825 Romanam

1076 842 1251 876 Ecclesiam
1287 841 1439 876 canonico
1470 840 1560 875 titulo
1584 839 1825 887 pertinentium,

1075 904 1155 938 qnae
1184 903 1199 926 a
1228 891 1359 926 diversis
1386 889 1545 934 ducibus,
1573 889 1770 937 principibus
1797 898 1826 924 et

1078 941 1291 988 potentatibus
1329 940 1422 987 longo
1445 948 1588 987 tempore
1617 947 1768 986 occupata
1797 948 1826 974 ct

1076 991 1199 1025 detenta
1217 991 1350 1030 fuerant,
1368 1002 1478 1036 passus
1492 991 1542 1029 sit,
1554 991 1736 1035 praesertim
1753 1001 1824 1023 cum

1076 1040 1231 1075 adductus
1249 1040 1342 1074 suerit
1357 1040 1522 1074 consilium
1533 1051 1642 1084 capere
1655 1038 1693 1073 de
1706 1038 1827 1073 adeun-

1077 1090 1124 1124 dis
1143 1102 1197 1136 per
1217 1101 1249 1123 se
1264 1089 1379 1135 ipsum,
1400 1087 1561 1122 visitandis
1576 1096 1606 1122 et
1620 1088 1827 1123 reformandis

1077 1139 1235 1186 aliquibus
1250 1138 1412 1173 Romanae
1427 1137 1587 1172 Ecclesiae
1603 1137 1782 1172 civitatibus
1798 1146 1828 1172 et

1078 1189 1199 1223 illarum
1228 1196 1323 1227 statu,
1346 1187 1516 1234 assumptis
1550 1187 1641 1221 etiam
1670 1186 1828 1234 aliquibus

1077 1239 1187 1285 copiis,
1212 1247 1243 1272 ut
1265 1246 1466 1272 contumaces
1488 1248 1688 1283 compescere
1712 1245 1828 1282 posset,

1078 1287 1134 1323 iter
1162 1296 1280 1322 matura
1309 1286 1630 1325 delibet-atione.cum
1659 1284 1693 1320 S.
1721 1285 1760 1320 R.
1789 1284 1824 1320 E.

1077 1337 1288 1373 cardinalibus
1311 1337 1388 1383 ipsis
1408 1348 1479 1371 eum
1496 1334 1732 1374 comitantibus,
1750 1335 1829 1370 arri-

1079 1399 1164 1435 pere,
1187 1387 1299 1434 illaque
1327 1386 1407 1421 l'elici
1436 1394 1465 1420 et
1493 1396 1643 1432 prospero
1665 1397 1828 1429 successu,

1078 1437 1204 1472 dextera
1227 1435 1355 1471 Domini
1377 1435 1436 1470 sibi
1459 1435 1553 1470 etiam
1575 1435 1755 1478 assistente,
1776 1446 1829 1469 re-

1080 1486 1273 1534 cuperaverit
1300 1494 1329 1521 et
1356 1485 1459 1521 dictae
1481 1483 1644 1520 Romanae
1666 1483 1828 1520 Ecclesiae

1078 1543 1324 1582 reintegravertt.

1126 1586 1193 1634 §2-
1216 1585 1281 1620 Nos
1301 1584 1406 1625 etiam,
1423 1592 1493 1632 post
1510 1591 1646 1619 nostram
1660 1583 1697 1618 ad
1711 1583 1827 1618 summi

1079 1636 1270 1683 apostolatus
1285 1635 1417 1682 apicem,
1438 1634 1540 1668 divina
1558 1633 1678 1668 favente
1694 1633 1829 1668 clemen-

1078 1687 1130 1729 tia,
1145 1685 1406 1731 assumptionem,
1420 1683 1564 1718 Parmam
1589 1692 1618 1718 et
1633 1683 1826 1718 Placentiam

1078 1736 1230 1779 civitates,
1246 1734 1362 1782 quibus
1376 1734 1554 1779 Apostolica
1571 1733 1682 1773 Sedes,
1700 1746 1733 1767 ea
1756 1742 1830 1768 tunc

1080 1793 1218 1829 vacante,
1242 1784 1373 1832 spoliata
1396 1783 1506 1823 fuerat,
1529 1796 1652 1818 summa
1668 1783 1829 1829 diligentia

1080 1835 1197 1869 restitui
1214 1835 1416 1873 curavitnus;
1438 1841 1468 1867 et
1490 1833 1591 1867 omnia
1608 1845 1753 1880 quaeque
1775 1845 1831 1880 per

1080 1885 1230 1919 eumdem
1254 1884 1367 1919 lulium
1398 1883 1671 1930 praedecessorem
1697 1895 1830 1930 recupe-

1080 1943 1155 1975 rata,
1185 1946 1240 1982 pro
1268 1943 1374 1968 nostro
1397 1941 1428 1967 et
1455 1933 1556 1968 dictae
1578 1932 1672 1968 Sedis
1696 1933 1829 1975 bonore,

1081 1997 1142 2019 non
1168 1984 1282 2019 minori
1301 1983 1459 2030 diligentia
1482 1995 1517 2017 ae
1539 1982 1726 2029 opportunis
1755 1982 1830 2016 iuris

1081 2035 1229 2069 remediis
1262 2045 1448 2068 conservare
1484 2032 1678 2067 intendimus
1694 2059 1702 2071 ,
1735 2043 1828 2079 quam

1082 2084 1163 2119 idem
1182 2084 1282 2119 lulius
1299 2083 1532 2130 praedecessor,
1554 2094 1624 2117 cum
1640 2082 1667 2116 in
1686 2081 1830 2116 bumanis

1081 2147 1199 2185 ageret,
1218 2149 1404 2185 recuperare
1428 2136 1596 2177 studuerit;
1619 2136 1723 2170 animo
1736 2135 1828 2170 etiam

1083 2205 1208 2239 semper
1231 2192 1411 2239 gessimus,
1436 2203 1525 2237 reges
1551 2198 1581 2224 et
1609 2189 1767 2237 principes
1795 2201 1831 2224 ac

1085 2255 1276 2294 potentatuS,
1291 2258 1369 2293 quos
1385 2254 1525 2292 tempore
1541 2243 1767 2291 assumptionis
1778 2255 1833 2278 no-

1083 2310 1167 2337 strae
1186 2299 1370 2336 huiusmodi
1394 2299 1474 2333 inter
1490 2310 1523 2332 se
1538 2298 1620 2333 bello
1642 2298 1832 2333 dissidentes

1083 2355 1274 2399 audivimus,
1289 2366 1349 2389 non
1373 2353 1477 2396 armis,
1500 2352 1554 2387 sed
1577 2351 1746 2387 concordia
1775 2363 1832 2387 eo-

1085 2422 1152 2444 rum
1181 2408 1375 2444 dilfecentias
1398 2416 1427 2442 et
1449 2407 1530 2450 lites,
1557 2406 1694 2441 Domino
1717 2418 1832 2440 conce-

1085 2463 1192 2508 dente,
1209 2462 1382 2503 terminari3
1397 2469 1427 2496 et
1443 2461 1522 2496 inter
1545 2459 1654 2495 fideles
1663 2459 1832 2507 quoslibet,

1085 2517 1311 2553 controversias
1323 2527 1419 2562 super
1432 2526 1631 2563 quacumque
1649 2514 1742 2548 etiam
1760 2525 1834 2548 ma-

1085 2573 1167 2608 xima
1185 2573 1373 2620 importante
1388 2583 1432 2614 re,
1447 2570 1494 2605 via
1517 2569 1594 2604 iuris
1612 2576 1641 2603 et
1661 2580 1722 2603 non
1738 2568 1833 2603 armis

1087 2627 1189 2662 decidi
1214 2636 1243 2662 et
1266 2625 1437 2663 terminari:
1465 2625 1594 2672 ipsaque
1617 2634 1700 2658 arma
1724 2635 1831 2669 regum

1062 2684 1070 2742 Ι
1087 2681 1305 2729 etprincipum
1321 2692 1356 2715 ac
1372 2687 1587 2727 potentatuum
1601 2677 1831 2726 praedictorum

1841 286 1891 315 An.
1908 287 1936 315 C.
1952 288 2019 315 tatu

1843 1593 1918 1615 Por-til.
1929 1596 1968 1616 iste
1980 1594 2027 1616 Par-

1844 1632 1895 1646 mam
1910 1629 1928 1646 rt
1942 1626 2027 1647 Placen·

1844 1657 1892 1677 tiam
1912 1662 2027 1684 recupera-

1845 1689 1874 1708 vit
