2281 3251
921 303 1018 327 lNDEx
1039 303 1153 327 nanum
1703 294 1771 328 785

275 357 492 393 Commissarii
512 358 646 392 sabi-icae
669 358 702 392 S.
732 357 826 393 Petri.
855 359 890 392 V.
916 357 998 393 Petri
1024 358 1080 402 (S.)
1104 358 1143 393 de
1166 357 1252 393 Urbe
1275 357 1413 392 basilica.

275 406 557 442 Communicantes
578 408 607 440 iu
632 407 837 442 Hebdomada
860 407 974 443 Sancta
1004 408 1050 442 vel
1075 407 1152 442 iul'ra
1174 417 1313 443 octavam
1329 406 1469 443 Paschae
1492 407 1685 443 satisfaciunt
1708 407 1818 443 Eccle-

374 457 439 491 siae
464 465 648 503 praecepto,
672 458 717 491 52
739 470 770 491 α.

274 505 529 541 communitates
551 518 612 539 non
635 506 847 540 custodientes
871 506 994 553 propria
1017 505 1182 541 territoria.
1216 506 1249 540 V.
1277 504 1428 541 Baroncs.

275 554 455 590 Concilium
478 555 670 589 Basilcense.
699 557 734 589 V.
758 555 940 590 Basileeuse
962 556 1142 590 concilium.

274 604 455 639 Concilium
478 605 720 639 oecumenicum
749 604 958 639 Lateranense
980 605 1136 652 quintum.
1166 605 1200 637 V.
1224 603 1435 639 Lateranense
1457 602 1637 639 concilium.

273 652 451 689 Concilium
481 654 682 700 proviiiciale.
715 655 747 687 V.
770 653 932 700 Episcopi.

273 702 579 738 Concubiuariorum
599 715 728 749 poenae,
757 706 822 738 Gll
851 705 879 737 b.

274 751 528 788 Constitutiones
550 753 651 787 editae
678 765 733 799 pro
756 753 838 787 bono
858 752 1010 798 regimine
1033 752 1106 787 cleri
1124 751 1219 787 Urbis
1242 751 1480 795 confirmantur,
1505 754 1523 785 7
1556 762 1586 786 α.
1609 751 1714 787 Tenor
1737 763 1816 786 con-

373 802 584 845 stitutionum,
614 804 687 836 ibid.
712 812 741 836 et
765 815 824 847 seq.

272 850 373 886 Corae
401 859 490 886 terra.
523 853 558 885 V.
581 851 725 898 Populus
747 851 923 887 Romanus.

275 900 453 936 Cornctaua
480 901 625 944 ecclesia,
653 901 683 935 in
707 914 793 946 prov.
816 901 970 943 Etruriae,
994 901 1022 934 iu
1047 900 1256 935 cathedralem
1281 900 1421 946 erigitur,
1446 912 1515 933 cum
1547 899 1727 947 privilegiis,
1743 912 1815 946 gra-

373 951 422 984 tiis
445 958 474 984 ct
502 950 645 989 indultis,
676 952 720 985 18
742 953 775 989 b.-
799 950 836 984 ab
857 949 1076 984 iurisdictione
1094 951 1232 997 episcopi
1261 949 1472 985 Tuscaucusis
1494 950 1640 984 eximitur
1661 958 1689 984 et
1714 949 1814 984 Vitcr-

369 998 498 1043 biensis,
519 1001 608 1038 ibid„
632 1001 796 1035 reservatis
812 999 1018 1034 nihilomiuus
1035 999 1107 1034 huic
1122 1000 1273 1046 episcopo
1288 999 1427 1046 antiquis
1450 999 1570 1033 iuribus
1586 999 1616 1033 in
1632 998 1713 1034 dicta
1734 1007 1814 1034 terra

369 1056 400 1084 ct
428 1048 614 1087 redditibus,
641 1051 684 1083 19
704 1051 732 1084 b.

273 1097 424 1146 Corporis
446 1098 562 1133 Christi
593 1097 674 1142 (SS.)
700 1099 848 1133 festivitas
870 1098 907 1132 ad
932 1107 1070 1133 octaram
1094 1097 1284 1137 extenditur,
1310 1100 1351 1132 14
1373 1099 1399 1132 b.
1417 1097 1627 1144 Duplicantur
1649 1096 1814 1143 indulgen-

371 1148 431 1182 tiae
450 1147 651 1182 festivitatem
681 1148 913 1182 celebrantibus
933 1149 990 1182 iam
1009 1159 1188 1185 concessae,
1211 1148 1287 1180 ibid.

271 1197 398 1244 Corpus
425 1206 454 1231 et
476 1196 669 1243 Sanguinem
693 1197 732 1231 D.
766 1197 804 1231 N.
833 1197 856 1232 1.
885 1196 921 1231 C.
945 1196 1147 1231 consecrandi
1185 1196 1302 1237 forma,
1336 1199 1382 1230 64
1404 1208 1433 1230 a.
1461 1195 1510 1230 Nil
1539 1195 1631 1230 refert
1658 1208 1694 1229 an
1723 1196 1813 1243 panis

370 1245 512 1280 triticeus
535 1246 771 1281 consecrandus
794 1245 904 1280 eodem
929 1245 974 1279 vel
998 1245 1144 1280 hesterno
1167 1245 1217 1278 die
1238 1244 1398 1279 confectus
1420 1246 1472 1288 sit,
1494 1246 1568 1278 ibid.

272 1295 462 1341 Corsignani
486 1295 652 1342 oppidum⁷
679 1294 727 1330 Pii
756 1295 782 1329 ll
808 1295 920 1342 patria,
956 1294 993 1328 ab
1017 1295 1085 1339 ipso
1107 1294 1301 1339 sumptuosis
1324 1294 1476 1328 aedificiis
1502 1301 1649 1333 ornatur,
1692 1294 1758 1328 166
1786 1295 1814 1327 b.

371 1345 472 1380 Cuius
494 1344 624 1379 ecclesia
646 1354 674 1379 ct
701 1345 727 1380 ei
747 1345 923 1391 propinqua
946 1344 984 1377 de
1005 1343 1112 1378 Monte
1136 1343 1233 1377 llcino
1262 1344 1290 1376 iu
1314 1342 1508 1378 cathedrales
1531 1343 1705 1387 eriguntur,
1727 1343 1815 1378 ibid:

371 1394 488 1440 oppida
516 1395 637 1429 veroin
661 1394 815 1438 civitates,
844 1405 977 1440 quarum
1008 1393 1091 1438 prior
1126 1394 1281 1433 Pi‘entina,
1311 1393 1463 1438 posterior
1493 1393 1649 1425 llcinensz's
1678 1400 1816 1434 roratur,

375 1445 442 1478 167
466 1457 496 1478 α.
520 1443 752 1489 Dispositiones
775 1455 830 1490 pro
859 1444 997 1488 ipsarum
1019 1442 1100 1476 bono
1122 1442 1382 1488 1·eginii11=›,ifi1·d.
1405 1450 1432 1475 et
1459 1454 1519 1487 seq.

269 1494 382 1529 Crucis
404 1493 442 1528 D.
467 1493 505 1527 N.
528 1492 551 1527 l.
581 1493 617 1527 C.
642 1492 753 1527 titulus
795 1492 952 1527 invenitur
978 1491 1008 1525 in
1032 1491 1162 1526 ecclesia
1186 1491 1219 1526 S.
1249 1491 1361 1525 Crucis
1389 1492 1419 1525 in
1442 1490 1638 1525 Hierusalem
1667 1489 1705 1524 de
1731 1489 1816 1525 Urbe

372 1545 441 1578 567
465 1545 493 1577 l».
522 1542 721 1588 lntlulgeutia
745 1542 881 1589 plenaria
910 1541 1096 1576 conceditur
1123 1540 1286 1575 ecclesiam
1324 1541 1523 1575 visitantibus
1558 1540 1587 1573 in
1626 1540 1816 1574 inventionis

369 1592 596 1632 anniversario,
620 1593 696 1626 ibid.

269 1643 387 1679 Curiae
420 1640 620 1689 Capitolinae
651 1640 772 1676 iudices
790 1648 988 1687 cognoscunt
1010 1640 1048 1675 de
1075 1640 1224 1674 omnibus
1250 1640 1365 1680 causis,
1400 1640 1540 1686 exceptis
1575 1638 1605 1672 in
1633 1637 1715 1673 Rota
1739 1637 1811 1673 Ro-

372 1704 461 1726 mana
485 1690 706 1737 pendentibus,
736 1693 805 1724 554
834 1704 864 1724 α.

271 1741 417 1777 Curiales
449 1739 566 1787 aliique
589 1739 626 1775 ad
650 1740 766 1775 Sedena
795 1739 1009 1786 Apostolicam
1034 1739 1208 1779 venientes,
1226 1739 1305 1784 apud
1323 1751 1389 1773 eam
1414 1744 1646 1772 commorantes
1669 1744 1722 1771 aut
1744 1735 1815 1771 iude

373 1790 558 1826 recedentes
582 1802 643 1823 non
681 1790 908 1824 conveniantur
935 1798 1019 1823 extra
1047 1787 1221 1823 Romanam
1250 1788 1391 1825 Curiam,
1421 1790 1464 1822 10
1493 1788 1522 1820 [J.
1549 1786 1651 1821 Secus
1678 1795 1743 1820 acta
1773 1786 1814 1820 ir-

376 1841 520 1880 ritantur,
543 1841 618 1873 ibid.
645 1839 745 1874 Secus
772 1847 960 1872 attentantes
983 1839 1309 1880 excommunicantur,
1332 1839 1407 1871 ibid.
1431 1836 1572 1870 Cui-iales
1594 1836 1693 1870 libere
1706 1835 1815 1881 dispo-

377 1902 450 1924 nere
473 1898 617 1934 possunt,
639 1889 732 1922 etiam
757 1888 859 1923 favore
882 1889 1089 1934 incapacium,
1113 1888 1150 1921 ‹le
1175 1888 1266 1922 bouis
1293 1888 1322 1921 in
1343 1888 1420 1921 alma
1445 1885 1529 1921 Urbe
1557 1894 1586 1919 et
1604 1885 1679 1919 iul'ra
1704 1884 1813 1918 decem

375 1939 518 1973 milliaria
540 1938 711 1984 acquisitis,
735 1939 798 1971 2tt
841 1939 859 1972 b
881 1946 911 1972 et
932 1950 991 1983 seq.
1021 1937 1164 1972 Curiales
1186 1937 1359 1972 Romanam
1395 1935 1521 1970 Curiam
1557 1942 1723 1982 sequentes
1757 1945 1815 1967 ne-

375 1997 520 2035 queunt7
547 1988 606 2022 sub
629 1987 833 2021 anathematis
861 1995 891 2021 et
918 1987 1098 2033 privationis
1125 1986 1219 2022 officii
1249 1998 1360 2034 poena,
1388 1998 1420 2020 se
1447 1984 1485 2019 ab
1520 1983 1603 2018 Urbe
1633 1983 1815 2026 absentare,

373 2040 443 2073 sine
471 2037 592 2072 licentia
616 2037 796 2076 pontilicis,
826 2039 896 2070 ⁶267
919 2049 938 2070 a
960 2044 990 2070 et
1016 2049 1076 2081 seq.

275 2086 371 2122 Curia
397 2087 551 2122 Romana.
584 2088 620 2120 V.
643 2086 804 2120 Romanae
826 2086 941 2120 Curiae
969 2084 1081 2120 officia.

275 2135 442 2172 Cursores.
478 2138 512 2170 V.
540 2135 701 2171 Romanae
729 2135 845 2170 Curiae
872 2134 985 2170 officia.

1026 2243 1069 2282 Ι)

276 2333 439 2369 Damnatio
461 2331 659 2368 conciliabuli
676 2331 781 2367 Pisani
799 2343 815 2366 a
831 2331 941 2379 quinto
957 2331 1158 2367 Lateranensi
1173 2328 1377 2365 oecumenico
1395 2327 1526 2363 concilio
1547 2334 1682 2374 peracta,
1697 2329 1767 2362 555
1783 2329 1811 2361 b.

275 2384 452 2420 Debitores.
485 2384 522 2416 V.
549 2382 650 2428 Ripae
677 2382 844 2416 debitores

274 2433 502 2480 Deliuquentes
524 2444 540 2466 e
563 2431 688 2478 templis
709 2430 829 2465 extrahi
858 2431 927 2465 licet
951 2430 981 2464 in
1001 2443 1098 2477 reguo
1120 2429 1262 2475 Angliae‚
1286 2429 1356 2462 404
1378 2429 1407 2461 b.

275 2483 460 2518 Detinentes
494 2481 592 2516 libros
626 2489 655 2515 et
683 2481 853 2527 scripturas
886 2479 1038 2515 Gamerae
1072 2479 1271 2526 Apostolicae
1298 2475 1632 2515 excommunicantur,
1669 2477 1739 2510 458
1772 2488 1813 2515 ας

375 2531 551 2578 pariterque
578 2538 759 2565 amoventes
786 2538 813 2563 ct
843 2541 904 2564 non
931 2537 1136 2576 reportantes,
1161 2530 1234 2562 ibid.

277 2581 459 2616 Dioecesani
483 2580 658 2614 facultatem
682 2579 797 2613 habent
826 2579 970 2613 visitandi
997 2579 1093 2614 semel
1118 2579 1146 2611 iu
1171 2590 1251 2611 anim
1280 2575 1463 2610 monasteria
1488 2575 1681 2615 monialium,
1699 2575 1767 2608 6¹9
1784 2575 1812 2608 b.

276 2630 556 2678 Dispensationum
583 2638 683 2674 laxae,
707 2631 775 2663 577
804 2631 820 2663 b
839 2636 868 2663 et
895 2641 955 2673 seq.

276 2680 406 2715 Dixiuae
433 2679 668 2714 Misericordiae
690 2677 940 2714 confraternitas.
975 2679 1009 2712 V.
1034 2677 1160 2712 loaua's
1188 2675 1344 2723 Baptistae
1372 2682 1422 2708 etc.

355 2733 430 2763 Ball.
453 2732 529 2762 Hom.
552 2732 607 2762 Vol.
629 2732 655 2761 V.
871 2732 906 2760 00
