2281 3251
468 270 539 303 609.

419 336 573 371 surrectio
606 333 800 380 expectanda
831 331 929 369 foret,
957 342 992 364 ac
1015 330 1114 364 sancti
1144 336 1173 362 et
1217 329 1274 371 do,
1303 327 1521 374 philosophiae
1544 335 1594 361 aut
1617 326 1722 373 poesis
1751 324 1866 360 studiis
1895 325 1974 360 ultra

420 386 493 421 iusti
519 383 765 420 miserabiliores
787 388 904 418 essent,
929 380 1010 413 iuxta
1034 378 1173 425 Aposto-
1217 377 1474 424 quinquennium
1504 385 1573 422 post
1595 375 1834 422 grammaticam
1857 382 1887 409 et
1908 375 1977 410 dia-

421 436 499 478 lum,
527 434 650 468 cunctis
678 430 870 466 bominibus.
897 428 1045 475 Cumque
1065 440 1172 462 verum
1219 427 1374 464 lecticam,
1400 426 1468 459 sine
1483 426 1588 473 aliquo
1602 426 1707 461 studio
1730 425 1910 470 theologiae
1922 433 1975 459 aut

422 498 493 519 tero
523 484 650 518 minime
674 479 866 515 contradicat
882 506 889 516 ,
917 490 1044 512 omnem
1073 490 1175 512 asser-
1220 477 1296 510 iuris
1312 475 1464 523 pontificii
1479 475 1652 509 incumbat.
1668 475 1786 509 Verum
1807 474 1893 510 dicto
1907 486 1977 509 exa-

421 535 538 568 tioncm
567 531 686 566 teritati
722 529 916 563 illuminatae
944 527 1016 561 fidei
1043 534 1175 561 contra—
1218 535 1268 561 cto
1295 525 1529 572 quinquennio,
1552 525 1576 559 si
1599 525 1660 560 illis
1683 524 1798 559 studiis
1827 523 1976 559 insudare

422 585 497 618 riam
530 582 660 616 omniuo
677 580 783 614 salsam
803 590 872 612 csse
888 577 1079 620 delinimus,
1095 585 1126 610 et
1144 585 1175 611 ut
1221 575 1364 613 toluerit,
1394 574 1527 609 liberum
1555 574 1594 608 sit
1619 575 1674 617 ei,
1701 574 1777 608 dum
1806 581 1909 608 tamen
1933 574 1977 608 si-

421 634 509 667 aliter
539 630 748 677 dogmatizare
782 639 844 662 non
881 627 971 661 liceat
1001 625 1178 661 districtius
1221 625 1284 660 utul
1308 634 1360 659 aut
1382 636 1539 663 seorsum,
1567 631 1619 657 aut
1647 623 1822 669 theologiae
1843 631 1896 657 aut
1927 635 1979 658 sa-

423 682 612 716 iuliibenius:
641 690 816 725 omnesque
845 675 1027 711 huiusmodi
1061 677 1178 711 erroris
1221 675 1282 710 cris
1310 673 1485 709 canonibus
1518 685 1648 719 operam
1681 672 1860 715 navaverit,
1885 680 1918 707 ut
1947 673 1977 707 in

422 729 649 766 assertionibus
666 728 877 771 inhaerentes,
893 726 986 760 veluti
1009 725 1178 760 damnatis-
1222 725 1271 759 liis
1293 724 1409 758 sanctis
1432 731 1461 757 ct
1486 722 1617 757 utilibus
1651 721 1904 769 professionibus
1926 734 1979 757 sa-

421 783 516 815 simas
540 779 686 813 haereses
708 777 911 813 seminantes.
937 788 991 822 per
1006 776 1122 816 omnia,
1147 784 1176 809 ut
1222 773 1366 808 cerdotes
1389 772 1516 807 Domini
1546 772 1704 806 inveniant
1734 770 1818 806 unde
1848 770 1980 806 infectas

422 828 623 864 detestabiles
651 837 680 861 et
708 826 938 862 abominabiles
959 825 1134 860 haereticos
1149 834 1177 860 et
1223 823 1440 871 philosophiae
1469 831 1497 857 et
1523 822 1628 869 poesis
1650 821 1772 856 radices
1795 832 1930 869 purgare
1951 830 1982 856 et

1222 886 1332 908 sanare
1356 872 1489 906 valeant.

1272 928 1286 965 ξ
1315 925 1346 957 5.
1364 922 1400 956 tit
1425 921 1482 956 lios
1504 933 1642 956 canones
1667 933 1721 966 per
1743 919 1983 955 ordinarioslo-
2010 927 2033 948 ln
2048 928 2127 963 Studiis
2143 933 2181 954 εο-

1223 985 1354 1009 corutu,
1387 971 1438 1005 ubi
1466 971 1623 1017 generalia
1656 970 1767 1006 Studia
1795 970 1923 1016 vigent,
1952 977 1982 1004 et
1997 959 2182 1018 ssssffifssss⁵2ufb⁸⁸⁰

1225 1031 1363 1057 rectores
1397 1021 1608 1055 universitatis
1631 1020 1816 1055 eorumdem
1845 1019 1984 1054 Studio-

1226 1085 1306 1109 rum,
1329 1070 1464 1117 singulis
1479 1071 1571 1105 annis
1594 1071 1623 1104 in
1649 1069 1807 1117 principio
1829 1068 1938 1109 studii,
1953 1069 1982 1103 in

1226 1122 1338 1156 virtute
1358 1128 1485 1155 sanctae
1507 1120 1709 1155 obedientiae
1723 1118 1875 1166 publicari
1892 1130 1983 1153 man-

1225 1172 1350 1206 damus.

222 284 270 309 ,.«,,,,
288 284 314 309 ζ,
337 283 403 310 lth
1004 274 1189 298 But.1..tttttj.tt
1221 274 1381 297 ROMANUM
1988 269 2039 296 An.
2057 268 2084 295 C.
2106 268 2172 295 ¹514

423 880 565 914 inlitleles
592 877 778 912 catholicam
809 875 901 910 sidem
930 874 1178 919 labefactantes,

423 929 565 962 vitandos
593 936 622 962 ct
651 925 830 974 puniendos
852 925 917 960 sore
941 924 1153 959 decernimus.

473 978 492 1025 S
516 981 547 1012 5.
564 977 710 1023 Insuper,
733 974 882 1010 omnibus
904 982 932 1009 ct
953 974 1091 1021 singulis
1115 974 1181 1021 phi-

239 1037 398 1063 Pwmrrow
425 1028 566 1074 losopbis
591 1027 619 1061 in
646 1024 903 1061 universitatibus
918 1024 1104 1058 Studiorum
1125 1035 1181 1069 ge-

225 1069 410 1120 222⁵w⁶2¹1¹22³2²n⁴1
426 1077 579 1112 neralium
603 1084 632 1111 et
655 1075 726 1110 alibi
757 1074 881 1122 publice
904 1073 1097 1119 legentibus,
1117 1073 1181 1107 dis-

226 1131 364 1182 hjffl‘lg‘fflc·
382 1132 410 1181 1¹¹·
426 1128 517 1162 triete
553 1125 777 1173 praecipiendo
793 1151 802 1168 ,
834 1124 1021 1158 mandamus
1050 1131 1083 1158 ut
1109 1135 1180 1157 cum

227 1168 235 1181 ᾖ
251 1169 313 1189 '⁹⁰¹’
342 1167 381 1188 ΗΡ
393 1167 411 1181 ’”
427 1176 688 1225 philosophorum
713 1173 866 1222 principia
881 1181 935 1208 aut
947 1172 1182 1215 conclusiones,

244 1820 266 1841 ln
285 1827 349 1841 ‘acris
364 1826 416 1841 rort-

232 1854 296 1873 stttuti
332 1853 417 1873 theoto-

232 1889 277 1908 me
295 1884 327 1903 rel
351 1884 417 1904 sacris

232 1914 348 1935 ranonibus
372 1918 418 1934 stu-

233 1946 302 1967 deant.

227 1197 282 1213 (Nil,

426 1228 456 1261 in
481 1226 598 1273 quibus
619 1237 635 1259 a
659 1232 742 1260 recta
761 1223 824 1258 fide
847 1222 972 1257 deviare
995 1230 1181 1261 noscuntur,

425 1274 624 1311 auditoribus
653 1274 719 1308 suis
746 1272 879 1319 legerint
907 1284 962 1306 seu
991 1271 1184 1319 explanave-

428 1327 500 1370 rint,
523 1324 614 1372 quale
636 1324 769 1359 boc-est
790 1322 828 1356 de
851 1322 973 1356 animae
995 1321 1184 1356 mortalitate

427 1383 478 1409 aut
507 1375 637 1417 unitate,
664 1381 693 1408 et
717 1372 826 1407 mundi
849 1371 1053 1415 aeternitate,
1069 1383 1105 1405 ac
1127 1371 1183 1405 alia

428 1423 622 1463 huiusmodi,
637 1431 803 1457 teneantur
822 1420 941 1455 eisdem
963 1421 1124 1455 veritatem
1142 1432 1187 1454 re-

428 1473 554 1520 ligionis
577 1472 766 1507 christianae
795 1470 879 1504 omni
909 1478 1024 1504 conatu
1054 1469 1186 1504 manife-

428 1532 506 1557 stam
531 1521 655 1561 facere,
686 1530 715 1555 et
744 1519 966 1568 persuadendo
1002 1531 1059 1566 pro
1093 1531 1186 1566 posse

428 1572 558 1612 docere,
580 1583 615 1605 ac
638 1571 723 1605 omni
747 1570 852 1605 studio
872 1568 1058 1604 huiusmodi
1085 1568 1187 1616 philo-

429 1621 602 1669 sophorum
634 1628 842 1667 argumenta,
865 1631 937 1653 cum
967 1618 1072 1653 omnia
1100 1618 1188 1653 solu-

429 1672 503 1706 bilia
526 1671 670 1715 existant,
693 1683 750 1718 pro
774 1669 890 1704 viribus
905 1668 1075 1703 excludere
1094 1675 1187 1716 atque

430 1721 598 1756 resolvere.

480 1770 500 1817 g
523 1773 555 1804 4.
579 1770 706 1805 Etcum
723 1781 785 1804 non
806 1768 939 1803 sufficiat
953 1766 1122 1815 aliquando
1138 1767 1189 1801 tri-

431 1820 579 1854 bulorum
608 1819 732 1854 radices
748 1817 982 1865 praescindere,
1006 1817 1078 1861 nisi,
1101 1825 1131 1851 ct
1152 1829 1189 1851 ue

433 1870 544 1905 iterum
570 1869 736 1916 pullulent,
760 1867 903 1902 funditus
925 1866 1069 1907 evellere,
1085 1879 1120 1901 ac
1135 1878 1190 1900 eo-

434 1932 500 1953 rum
517 1919 637 1954 semina
661 1918 894 1965 originalesque
913 1927 1024 1950 causas
1049 1916 1133 1950 unde
1146 1916 1190 1949 fa-

433 1968 492 2003 cile
520 1968 665 2003 oriuntur
681 1996 689 2012 ,
712 1978 896 2005 removere,
924 1977 997 2000 cum
1023 1966 1191 2012 praecipue

433 2018 591 2052 humanae
615 2017 835 2065 philosophiae
858 2016 961 2051 studia
983 2014 1191 2054 diuturniora,

433 2080 527 2114 quam
551 2068 653 2111 Deus,
669 2066 846 2102 secundum
876 2065 1006 2100 verbum
1035 2064 1192 2111 Apostoli,

434 2122 594 2157 evacuavit
621 2131 651 2157 et
678 2122 805 2156 stultam
829 2120 901 2155 fecit
923 2119 1044 2166 absquc
1067 2119 1193 2154 divinae

435 2177 609 2224 sapientiae
631 2176 848 2217 condimento,
876 2182 906 2209 ct
933 2186 1012 2222 quae
1041 2174 1108 2209 sine
1137 2186 1194 2209 re-

436 2231 555 2266 velatae
579 2231 721 2266 veritatis
749 2229 870 2265 lumine
890 2230 921 2264 in
944 2241 1081 2263 errorem
1098 2241 1193 2275 quan-

437 2284 541 2331 doque
565 2284 666 2331 magis
689 2284 856 2323 inducunt,
878 2295 971 2331 quam
1002 2283 1031 2317 iu
1056 2283 1194 2318 veritatis

438 2337 706 2379 elucidationem;
742 2337 779 2372 ad
809 2337 978 2373 tollendam
1008 2349 1134 2372 omnem
1165 2337 1194 2371 in

440 2392 622 2439 praemissis
645 2391 766 2427 errandi
791 2392 1001 2433 occasionem,
1031 2392 1089 2426 bac
1116 2393 1197 2426 salu-

440 2447 495 2481 tari
520 2446 746 2482 constitutione
763 2446 950 2482 ordinamus
974 2454 1004 2482 et
1028 2447 1197 2482 statuimus

441 2513 478 2535 ne
507 2501 677 2548 quisquam
706 2500 744 2535 de
767 2508 872 2536 cetero
896 2501 927 2535 in
951 2500 1051 2536 sacris
1074 2500 1197 2535 ordini-

441 2556 500 2591 bus
522 2556 729 2594 constitutus.
759 2556 929 2591 saecularis
956 2555 1003 2590 vel
1034 2554 1198 2601 regularis,

441 2618 494 2644 aut
516 2609 592 2645 alias
618 2609 656 2644 ad
680 2609 749 2645 illos
767 2621 782 2644 a
808 2610 874 2645 iure
897 2618 1044 2652 arctatus,
1067 2609 1096 2643 in
1120 2608 1198 2644 Stu-

443 2664 506 2698 diis
527 2664 727 2711 generalibus
755 2664 800 2700 vel
822 2664 896 2700 alibi
925 2664 1051 2712 publice
1072 2662 1200 2698 audien-

1274 1220 1359 1255 Nulli
1383 1231 1459 1263 ergo
1482 1227 1535 1253 etc.

1276 1270 1391 1305 Datum
1421 1269 1542 1304 Romae
1566 1270 1594 1303 iu
1620 1268 1747 1315 publica
1769 1267 1927 1306 sessione,
1954 1266 1984 1301 in

1228 1318 1431 1355 Lateranensi
1456 1327 1653 1353 sacrosancta
1684 1317 1812 1353 basilica
1832 1316 1986 1351 solemni-

1229 1378 1274 1404 ter
1295 1367 1463 1412 celebrata,
1487 1380 1570 1402 anno
1592 1367 1824 1402 lucarnationis
1846 1365 1986 1400 domini-

1228 1431 1281 1453 cae
1299 1418 1466 1453 millesimo
1480 1417 1737 1464 quingentesimo
1754 1415 1986 1455 tertiodecimo,

1231 1471 1273 1502 14
1303 1467 1452 1503 kalendas
1482 1467 1635 1511 ianuarii,
1664 1465 1866 1512 pontificatus
1887 1465 1986 1500 nostri

1229 1530 1312 1553 anno
1337 1517 1449 1564 primo.

1266 1580 1327 1610 Dat.
1341 1580 1388 1610 die
1405 1580 1441 1609 19
1455 1578 1622 1609 decembris
1640 1578 1726 1615 1513,
1743 1582 1823 1618 pont.
1841 1587 1917 1608 anno
1934 1586 1953 1608 1.

1580 1755 1648 1790 vll.

1237 1840 1328 1881 Quod
1352 1840 1466 1884 fratres
1489 1838 1620 1872 Ordinis
1643 1838 1803 1871 Mi'norum
1825 1837 1862 1870 de
1883 1836 1992 1871 Obser-

1282 1889 1389 1922 υαηιία
1411 1889 1521 1922 habere
1544 1888 1663 1933 possint
1690 1888 1797 1921 domos
1824 1887 1944 1931 anaplas
1966 1893 1992 1920 et

1284 1939 1451 1984 ntaym'fica
1474 1945 1656 1972 ornamenta
1677 1937 1891 1971 ecclesiastica.

1506 2017 1603 2047 Sttttat
1610 2016 1722 2046 AtttUtt

1236 2081 1402 2112 Exordium.
1432 2098 1469 2102 —
1489 2081 1514 2110 l.
1534 2080 1628 2109 Causa
1648 2078 1738 2108 huius
1762 2078 1994 2109 constitutionis.

1275 2143 1314 2149 —·
1335 2127 1362 2156 ΞΖ.
1387 2125 1491 2155 l’etitio
1519 2125 1641 2154 fratrum
1664 2124 1809 2154 Minorutn
1829 2124 1865 2154 de
1887 2123 1996 2154 Obser-

1277 2171 1382 2203 rautia,
1410 2187 1447 2193 -
1471 2170 1497 2200 3.
1517 2169 1680 2200 Declaratio
1703 2168 1781 2208 quod
1810 2168 1899 2199 liceat
1922 2169 1995 2208 ipsis

1278 2215 1417 2245 frutribus
1432 2216 1471 2245 uti
1487 2214 1593 2254 amplis
1610 2213 1747 2244 domibus
1769 2213 1995 2252 magnificisque

1278 2260 1460 2290 ornamentis
1484 2259 1706 2290 ecclesiasticis.
1731 2275 1768 2280 —
1790 2258 1818 2288 4.
1842 2256 1996 2297 Derogatio

1278 2305 1505 2335 contrariorum.

1237 2382 1286 2411 Leo
1305 2382 1376 2417 Papa
1395 2381 1427 2414 x.
1454 2380 1566 2410 dilectis
1597 2379 1663 2408 filiis
1685 2378 1809 2415 generati
1837 2380 1867 2408 et
1890 2379 1998 2416 provin·

1285 2431 1401 2461 cialibus
1419 2429 1724 2467 vicariis.‚guardianis
1749 2430 1779 2458 et
1796 2428 1936 2459 tratribus
1952 2429 1999 2458 or-

1284 2482 1354 2511 dinis
1379 2482 1507 2511 Fratrum
1531 2479 1665 2509 ninorum
1683 2480 1716 2509 de
1736 2479 1922 2508 observantia.

1291 2554 1453 2589 Merentui·
1480 2564 1600 2588 vestrae
1629 2551 1806 2587 devotionis
1833 2551 1997 2587 sinceritas
2046 2564 2165 2587 exordium.

1241 2616 1270 2643 et
1295 2608 1469 2655 Religionis
1487 2608 1648 2650 honestas,
1662 2616 1694 2641 ut
1708 2618 1742 2641 ea
1759 2605 1845 2640 vobis
1861 2605 1997 2653 gratiose

1242 2663 1467 2707 concedamus,
1490 2673 1570 2709 quae
1594 2669 1764 2696 vestrarum
1784 2659 1997 2696 conscientia—
