2281 3251
1716 264 1783 295 2--

104 279 151 306 Αη.
170 277 197 304 C.
220 278 283 303 νι76
941 276 1050 297 stxrus
1074 276 1104 297 ιε’
1130 276 1177 298 rw.
1754 278 1786 295 m
1853 277 1898 301 An,
1918 276 1946 300 (7.
1968 275 2033 302 μσς,

298 331 445 365 dominus
467 337 573 364 noster
590 328 739 364 dominus
766 328 919 369 Calixtus‚
943 328 1044 363 divina
1066 352 1068 386 ἱ
1088 343 1170 371 cere,
1205 338 1233 365 et
1269 330 1342 364 alias
1375 329 1403 363 in
1442 328 1621 375 praemissis
1659 336 1835 375 opportunir

299 380 492 427 providentia
516 379 598 426 Papa
622 378 743 423 tertius,
766 378 852 413 vivae
876 378 959 413 vocis
975 391 1046 413 ora-
1066 390 1068 428 t
1090 380 1252 427 providere
1271 380 1309 414 de
1326 379 1516 425 benignitate
1538 378 1706 425 apostolica
1730 378 1836 424 digna-

297 430 379 473 ento,
412 429 502 464 nobis
531 428 748 475 praesentibus
782 436 811 462 ct
847 428 1044 462 adstantibus
1066 430 1068 460 i
1089 442 1205 464 remur.

296 492 399 514 coram
417 480 480 514 Sua
498 478 680 522 Sanctitate,
702 478 1044 512 concessitetindulsit
1135 480 1155 526 g
1181 483 1213 513 4.
1238 479 1301 514 Nos
1324 477 1428 523 igitur,
1450 477 1651 512 attendentes
1679 477 1761 524 quod
1785 477 1835 511 di-
1863 488 1921 514 (mn-1
1939 492 2032 514 prium

67 2251 70 2253 ,
104 2232 158 2254 Haec
167 2234 280 2255 conturna-

69 2273 72 2278 *
100 2265 115 2284 ri
129 2270 139 2284 a
154 2264 211 2285 Sixto
227 2266 278 2291 petit
296 2285 301 2290 ,

99 2292 209 2316 genssrnlls.

297 529 467 563 reverendo
500 528 575 575 patri
616 527 763 573 magistro
787 527 893 561 Ioanni
918 527 1045 566 Soretb,
1852 519 1956 539 “'''‘'¹⁰¹'

298 578 391 624 priori
429 577 566 625 generali
606 577 733 611 fratrum
776 576 905 611 Ordinis
935 577 1044 611 beatae

297 627 410 662 Mariae
442 627 480 661 de
514 627 619 661 Monte
642 626 800 669 Carmelo,
831 627 986 673 praesenti
1016 635 1044 659 et
1089 627 1282 673 praefatum,

297 677 495 723 supplicanti,
511 676 592 723 quod
608 676 646 710 de
662 676 751 710 beato
763 676 894 710 Alberto
906 676 944 710 de
958 676 1046 710 Dre-

298 739 390 774 pano,
415 726 533 760 insulae
555 725 691 769 Siciliae,
712 726 783 759 dieti
806 725 948 769 Ordinis,
969 726 1043 759 duni

298 777 327 810 in
356 776 504 810 humanis
538 784 653 821 ageret,
689 775 868 821 professori,
898 776 927 809 in
957 777 1046 810 cuius

298 826 446 860 bonorem
475 834 504 860 et
532 824 737 859 reverentiam
767 825 854 872 plura
877 825 982 860 altaria
1016 834 1041 857 et

296 876 457 920 ecclesiae,
487 883 517 910 ut
542 874 622 909 idem
653 875 737 920 prior
764 875 908 918 asseruit,
937 875 1045 909 aediti-

297 935 382 960 catae
397 925 533 968 fuerunt,
555 937 591 959 ac
613 925 680 958 eius
697 924 972 959 crebrescentibus
992 925 1047 958 nii-

297 975 410 1009 raeulis
438 974 565 1021 publice
594 975 686 1021 longo
714 982 854 1021 tempore
883 986 938 1020 per
960 974 1046 1008 cbri-

297 1024 467 1068 stifideles,
502 1034 562 1059 tam
607 1024 635 1057 in
667 1023 852 1058 eorumdem
889 1024 1044 1067 fratrum⁷

296 1086 387 1122 quam
411 1074 502 1108 etiam
527 1074 556 1107 in
576 1074 643 1109 aliis
665 1073 816 1114 ecclesiis,
832 1073 916 1107 nulla
941 1081 1043 1107 tamen

296 1123 469 1158 secundum
494 1123 586 1157 ritum
601 1122 762 1157 Romanae
779 1122 939 1157 Ecclesiae
954 1134 1045 1168 prae-

296 1173 426 1208 cedente
453 1173 698 1216 canonizatione,
714 1184 825 1219 preces
846 1182 875 1206 et
898 1172 1042 1218 suffragia

299 1222 424 1269 publice
453 1223 693 1268 persolvuntur,
721 1221 829 1256 eadem
863 1221 988 1257 devotio
1015 1230 1044 1255 et

299 1272 489 1315 reverentia,
519 1281 549 1306 ut
578 1271 797 1318 praemittitur,
820 1271 888 1306 sine
915 1271 1045 1306 alicuius·

299 1321 415 1369 peccati
455 1322 523 1356 labe
551 1330 579 1356 et
608 1321 864 1367 transgressionis
892 1329 964 1355 nota
1009 1333 1045 1355 ac

297 1372 511 1407 conscientiae
527 1371 687 1418 scrupulo,
702 1383 756 1417 per
780 1383 832 1405 vos
851 1379 943 1418 atque
966 1370 1043 1405 alios

296 1421 516 1456 christifideles
543 1421 609 1455 sieri
649 1421 747 1466 possit
789 1429 819 1454 et
846 1420 1044 1460 continuari,

296 1483 462 1518 quousque
490 1483 544 1518 per
566 1470 739 1505 Ecclesiam
763 1470 848 1504 aliud
872 1470 1045 1504 solemnius

297 1521 495 1561 decernatur,
510 1532 589 1568 quae
611 1520 714 1554 omnia
734 1532 819 1559 cnm,
838 1528 870 1554 ut
894 1520 1043 1567 praemit-

297 1571 382 1609 titur,
401 1583 470 1605 vere
486 1579 515 1604 et
532 1579 613 1604 recte
628 1570 691 1604 sint
712 1577 791 1610 acta,
814 1570 850 1603 ad
875 1569 1043 1604 cuiuslibet

296 1620 436 1655 notitiam
473 1620 655 1654 reducimus
696 1627 726 1654 et
766 1619 943 1654 reducenda
980 1619 1044 1653 fore

295 1682 470 1705 censemus.
508 1670 541 1704 In
579 1681 714 1716 quorum
743 1669 923 1703 testimonio
951 1681 1044 1716 prae—

295 1729 399 1754 sentes
433 1720 538 1753 literas
573 1731 627 1766 per
660 1719 863 1753 secretarium
901 1726 1041 1753 nostrum

295 1769 527 1816 infrascriptum
552 1769 616 1803 fieri
648 1768 800 1802 iussimus
821 1777 851 1803 et
874 1768 971 1803 nostri
999 1770 1043 1802 si-

294 1819 359 1866 gilli
388 1819 519 1854 fecimus
546 1818 741 1865 appensione
771 1818 897 1852 muniri.
926 1818 1041 1852 Datum

294 1868 413 1904 Romae
455 1869 483 1902 in
519 1868 664 1902 domibus
699 1875 822 1902 nostrae
857 1868 1043 1902 residentiae

293 1919 376 1966 apud
399 1918 550 1953 Sanctum
583 1918 811 1964 Apollinarem
839 1917 1044 1952 diedecima-

293 1969 400 2016 quinta
424 1968 543 2002 mensis
555 1967 704 2011 octobris,
717 1979 799 2001 anno
816 1967 1041 2001 lnearnationi

294 2018 472 2052 dominicae
519 2017 685 2051 millesimo
732 2016 1043 2072 quadringentesimo

294 2067 557 2114 quinquagesimo
576 2067 723 2114 septimo,
739 2066 937 2113 pontificatus
956 2066 1042 2101 eius-

294 2122 365 2156 dem
389 2121 510 2156 domini
535 2121 629 2156 nostri
659 2133 740 2155 anno
771 2132 821 2155 111.

343 2176 363 2223 S
390 2180 422 2210 5.
452 2175 558 2217 Quare
585 2187 641 2223 pro
675 2182 760 2222 parte
795 2174 869 2209 dieti
898 2174 1043 2210 Christo—

295 2229 384 2276 pbori
412 2230 568 2276 generalis
589 2228 746 2273 moderni,
773 2230 941 2264 asserentis
957 2230 1041 2276 quod

295 2297 323 2318 tn
349 2285 483 2331 praefata
508 2284 639 2318 ecclesia
663 2291 692 2316 et
721 2283 750 2317 in
779 2283 909 2318 diversis
932 2283 1042 2318 mundi

295 2339 445 2386 partibus,
463 2351 517 2386 per
531 2338 638 2373 merita
667 2337 768 2384 ipsius
796 2337 875 2371 beati
910 2337 1043 2381 Alberti,

293 2393 351 2427 alia
376 2393 524 2428 miracula
548 2400 715 2427 coruscant
732 2392 761 2426 in
775 2391 855 2435 dies,
875 2391 965 2426 nobis
988 2391 1041 2425 fuit

295 2448 456 2482 humiliter
474 2448 685 2495 supplicatum
712 2456 744 2482 ut
758 2447 946 2482 attestationi
967 2447 1040 2481 dicti

293 2500 454 2536 Guillelmi
483 2502 623 2549 episcopi
651 2510 679 2535 et
708 2501 886 2540 cardinalis,
910 2512 944 2535 ac
971 2513 1043 2535 om-

295 2557 388 2591 nibus
410 2566 440 2592 et
457 2557 591 2604 singulis
613 2557 643 2591 in
668 2557 738 2591 eius
766 2555 863 2590 literis
886 2557 1043 2591 contentis

295 2611 487 2651 huiusmodi,
517 2623 572 2658 pro
600 2610 724 2645 illorum
758 2609 958 2644 subsistentia
989 2609 1043 2644 fir-

295 2665 394 2707 miori,
411 2665 700 2712 roburapostolieae
711 2664 1043 2700 confirmationisadii-

373 2722 445 2751 Ball.
467 2722 539 2751 Rom.
565 2722 617 2751 Vol.
645 2722 672 2752 V.
886 2722 923 2751 30

1087 524 1189 575 gnein
1213 530 1363 563 memoria
1387 527 1519 562 vertitur
1536 527 1713 566 bominum,
1728 527 1780 573 qui
1798 527 1834 560 ad
1859 520 1866 530 ³

1088 578 1200 624 gaudia
1225 578 1363 612 transivit
1381 577 1577 623 angelorum3
1593 584 1622 612 et
1642 576 1678 611 ad
1694 576 1834 610 ordinent

1313 627 1364 674 qui
1402 626 1551 661 continua
1591 626 1834 673 gloriosissimae

1088 676 1144 711 Dei
1166 676 1334 711 Genitricis·
1360 688 1546 723 semperque
1565 675 1703 721 Virginis
1721 675 1833 710 illaria·¹

1090 727 1282 773 protectione
1311 726 1441 769 fovetur,
1465 734 1493 759 et
1524 725 1584 760 sub
1617 725 1735 759 honore
1768 725 1836 759 eius

1088 777 1213 822 speciali
1245 776 1332 809 titulo
1361 775 1532 819 fundatus,
1556 788 1590 809 ac
1619 783 1678 808 tam
1704 787 1758 821 per
1780 774 1835 809 di·-

1088 838 1194 860 versos
1208 826 1368 860 Romanos
1385 825 1563 864 Pontifices,
1577 824 1837 871 praedecessores

1089 884 1223 919 nostros,
1258 887 1352 922 quam
1384 875 1477 909 etiam
1504 887 1558 921 per
1586 886 1641 909 nos
1664 874 1833 921 apostolica

1087 926 1145 959 fuit
1179 925 1359 959 auctoritate
1387 923 1628 970 comprobatus,
1652 923 1834 971 multiplici-

1088 975 1209 1022 busque
1238 975 1372 1008 virorum
1401 973 1623 1008 excellentium
1651 974 1736 1008 omni
1754 982 1835 1008 tem-

1089 1037 1173 1070 pore,
1187 1025 1274 1071 qnasi
1286 1023 1461 1071 syderibus,
1483 1023 1649 1058 decoratur
1671 1035 1833 1057 ornamen-

1088 1075 1148 1118 tis,
1185 1074 1355 1120 dirigentes
1388 1080 1534 1118 paternae
1569 1072 1833 1107 considerationis

1087 1123 1248 1166 intuitum,
1274 1122 1456 1157 huiusmodi
1473 1134 1599 1169 quoque
1626 1122 1833 1168 supplicatio-

1087 1173 1181 1207 nibus
1208 1172 1358 1213 inclinati,
1382 1172 1611 1206 attestationem
1636 1171 1710 1205 dicti
1737 1171 1832 1206 Guil-

1087 1222 1170 1257 lelmi
1195 1222 1332 1269 episcopi
1357 1229 1386 1256 et
1408 1221 1586 1259 cardinalis,
1605 1221 1657 1268 qui
1681 1220 1835 1255 dictiOr-

1087 1272 1171 1307 dinis
1197 1279 1354 1319 protector
1368 1271 1484 1315 existit,
1504 1282 1540 1305 ac
1555 1271 1659 1305 literas
1684 1270 1836 1317 praefatas

1088 1330 1167 1356 ratas
1181 1321 1334 1356 habentes
1348 1330 1377 1354 et
1391 1329 1505 1366 gratas,
1520 1320 1836 1360 illas‚cumomnibus

1087 1379 1117 1405 et
1139 1371 1270 1417 singulis
1298 1372 1327 1405 in
1350 1372 1395 1405 eis
1421 1371 1576 1404 contentis
1597 1369 1757 1410 clausulis,
1784 1383 1835 1403 au-

1087 1422 1229 1456 ctoritate
1243 1421 1424 1465 apostolica,
1437 1432 1474 1454 ex
1489 1429 1570 1454 certa
1586 1428 1689 1454 nostra
1706 1420 1834 1454 scientia

1087 1471 1301 1518 approbamus
1328 1480 1356 1505 et
1391 1470 1627 1513 confirmamus,
1651 1469 1835 1516 supplentes

1087 1533 1197 1556 omnes
1226 1529 1256 1555 et
1274 1520 1416 1567 singulos
1435 1520 1586 1559 desectus,
1609 1520 1634 1553 si
1657 1519 1709 1566 qui
1730 1518 1832 1554 forsan

1088 1571 1311 1606 intervenerint
1335 1571 1364 1605 in
1392 1570 1523 1614 eisdem⁷
1547 1582 1608 1603 non
1636 1569 1834 1604 obstantibus

1086 1620 1365 1656 constitutionibus
1386 1629 1416 1654 et
1438 1619 1689 1654 ordinationibus
1711 1627 1834 1666 aposto-

1086 1671 1153 1705 licis
1180 1670 1356 1717 ceterisque
1377 1669 1541 1704 contrariis
1568 1669 1833 1716 quibuscumque

1135 1721 1210 1768 Q5.
1240 1721 1280 1755 Et

1087 1770 1191 1805 literas
1212 1770 1250 1805 ad
1274 1770 1414 1816 singulas
1438 1769 1615 1816 provincias
1642 1768 1836 1815 originaliter

1085 1820 1255 1863 destinaiqe
1279 1820 1424 1854 volumus
1461 1826 1492 1852 et
1529 1818 1610 1853 dicta
1646 1818 1833 1853 auctoritate

1085 1848 1285 1905 decernimiis
1327 1869 1410 1916 quod
1446 1868 1653 1914 transumptis
1679 1868 1833 1902 dictarum

1085 1919 1242 1954 literarum
1266 1932 1358 1954 manu
1393 1918 1505 1953 notarii
1526 1917 1640 1965 publici
1668 1926 1698 1952 et
1721 1916 1836 1953 Curiae

1085 1982 1249 2004 causarum
1282 1969 1434 2004 Gamerae
1462 1967 1663 2015 Apostolicae
1685 1967 1731 2002 vel
1761 1980 1836 2014 pro-

1085 2020 1211 2054 tectoris
1227 2020 1300 2054 dicti
1317 2018 1460 2059 Ordinis,
1475 2018 1527 2064 qui
1551 2029 1636 2052 nunc
1659 2026 1704 2051 est
1725 2025 1756 2051 et
1778 2030 1835 2065 pro

1087 2077 1227 2116 tempore
1257 2069 1372 2106 fuerit,
1400 2077 1453 2102 aut
1484 2067 1617 2102 alicuius
1650 2067 1836 2114 episcopalis

1085 2123 1132 2157 vel
1156 2123 1445 2171 archiepiscopalis,
1472 2135 1526 2156 seu
1556 2121 1784 2168 cuiuscumque
1805 2122 1834 2155 in

1085 2177 1236 2223 dignitate
1264 2177 1473 2212 ecclesiastica
1501 2175 1663 2210 constituti
1687 2175 1733 2209 vel
1759 2175 1834 2209 dicti

1085 2231 1217 2267 OrdInis
1244 2232 1384 2278 magistri
1407 2230 1562 2278 generalis
1601 2242 1656 2277 pro
1695 2237 1836 2277 tempore

1086 2287 1246 2321 existentis
1273 2286 1377 2333 sigillo
1410 2285 1553 2324 munitis,
1576 2297 1609 2319 ea
1634 2296 1775 2331 prorsus,
1804 2285 1834 2319 in

1086 2341 1199 2376 iudicio
1217 2351 1247 2377 et
1268 2349 1364 2379 extra,
1388 2340 1466 2374 fides
1481 2339 1668 2374 adhibeatur
1691 2338 1835 2378 indubia,

1084 2409 1119 2431 ac
1141 2397 1165 2431 si
1189 2397 1273 2443 ipsae
1295 2395 1463 2442 originales
1486 2394 1592 2429 literae
1620 2394 1722 2429 forent
1743 2393 1833 2428 exhi-

1084 2451 1166 2486 bitae
1196 2452 1240 2486 vel
1270 2459 1425 2485 ostensae.

1132 2504 1215 2538 Nulli
1243 2516 1317 2550 ergo
1338 2512 1390 2537 etc.

1135 2558 1250 2593 Datum
1273 2559 1394 2593 Romae
1424 2557 1505 2605 apud
1533 2557 1681 2592 Sanctam
1705 2555 1831 2590 Mariam

1083 2613 1257 2657 Maiorem,
1285 2624 1366 2646 anno
1393 2611 1619 2646 Incarnationis
1652 2610 1831 2644 dominicae

1085 2668 1249 2703 millesimo
1264 2666 1575 2713 quadringentesimo
1593 2664 1827 2712 septuagesimo

1307 1720 1380 1767 quia
1409 1718 1535 1753 difficile
1552 1718 1631 1753 foret
1655 1727 1834 1765 praesentes
1849 1732 1887 1753 Tr
1883 1736 2034 1784 mammarum

1940 1769 1962 1784 85
