2281 3251
203 217 250 244 An.
269 218 299 245 C.
316 218 381 244 17179

207 920 272 940 buten

274 928 280 940 1
295 926 314 941 (Ἷ
334 927 381 941 (Uib

200 952 275 971 vitun.

212 1118 364 1145 indulgentiam

198 1150 262 1169 verti<

294 1152 380 1170 statutis

199 1180 271 1200 diutius
287 1186 332 1201 eam
348 1182 381 1201 vi-

198 1212 310 1232 sitantibus
322 1212 381 1233 elai·-

198 1246 258 1266 plur.

211 1966 261 1985 Aliis

197 1996 234 2016 bus
258 1996 381 2017 mutieribus

278 1966 380 1992 tempori-

198 2030 331 2049 interdiciinr
356 2031 379 2049 ud

197 2066 242 2080 edm

259 2067 366 2081 inrt'essus.

445 211 517 243 270

973 225 1156 247 tit't.t.t!ttt'u
1188 226 1254 247 ΙΗΙῚΙ
1265 227 1346 247 ἱῖΙἹΙ

398 275 619 323 episcoporum
637 285 666 310 et
689 277 819 312 aliorum
845 278 1052 324 praelatorum
1079 278 1146 313 Ro·
1166 286 1170 298 ”
1189 280 1360 327 cappellani
1387 281 1586 327 praedictam.
1611 282 1673 317 ullo
1699 296 1834 330 unquam
1859 294 1938 319 teni-

400 337 508 360 manae
525 325 639 360 Curiae
658 335 684 360 et
706 327 914 361 multitudini<
939 329 1044 374 pupuli
1067 342 1148 374 pra*-

399 376 510 418 sentia‚
538 375 631 410 lindie
660 376 786 411 missam
817 378 844 411 in
874 377 981 411 caelvm
1007 378 1146 424 cappella

399 424 608 460 celebrantem
643 426 848 471 omnipotenti
875 428 952 463 Deo.
976 427 1004 460 in
1041 428 1146 461 liono-

401 487 464 508 reni
488 475 590 509 etsuli
611 476 807 510 invocatione
822 476 1050 523 Conreptionis
1075 490 1138 523 pra·

401 523 510 559 libatae
537 524 675 571 Virginis
703 525 827 566 Mariae,
855 526 945 560 cuius
974 526 1085 560 festum
1114 542 1147 561 e—

1166 311 1169 360 1

400 574 472 608 tiam
497 573 590 609 hodie
614 576 643 608 iu
675 575 869 610 institutione
896 575 1058 610 Romanae
1087 575 1169 611 [fic-⁴

398 622 511 657 rlesiae
537 624 720 658 solemniter
745 624 955 663 celebramus.
983 638 1019 659 ac
1046 627 1145 660 sancti

399 671 556 707 Francisci
579 682 608 707 ct
631 674 729 708 sancti
749 674 878 709 Antonii
903 675 1145 721 praedictorum,

397 722 579 757 auctoritate
595 723 775 770 apostolica,
797 726 1008 771 praesentium
1028 734 1145 763 tenore,

397 771 435 806 de
468 773 607 818 ipsorum
633 772 762 808 fratrum
788 783 964 809 nostrorum
989 774 1023 809 S.
1047 774 1084 809 R.
1108 775 1143 809 E.

397 820 603 856 cardinalium
633 822 766 858 consilio
792 832 822 857 et
849 836 1000 867 assensn,
1028 836 1147 871 oppor-

398 871 482 905 tunis
514 871 552 906 ad
589 871 618 906 id
655 872 683 906 in
722 872 832 907 eodem
867 874 954 908 altari
987 874 1146 908 collocatis

398 919 555 968 reliquiis,
581 929 611 955 et
648 922 847 957 convenienti
877 923 949 958 dote
987 924 1043 970 ipsi
1071 936 1146 970 eap-

398 969 496 1016 pellae
532 983 587 1017 per
626 983 683 1005 nos
721 973 910 1014 constituta,
949 973 1083 1008 dedicari
1117 982 1145 1008 et

397 1020 571 1054 consecrari
601 1019 742 1056 fecimus.

443 1069 464 1117 S
484 1072 516 1104 5.
538 1069 670 1112 idcirco,
698 1070 737 1106 de
759 1071 899 1106 eiusdem
923 1072 1146 1118 omnipotentis

396 1118 453 1153 Dei
480 1119 707 1163 misericordia,
734 1132 770 1155 ac
800 1121 962 1156 beatorum
997 1122 1080 1157 Petri
1116 1132 1143 1157 et

396 1168 483 1203 Pauli
511 1170 724 1216 apostolorum
753 1171 822 1205 eins
855 1172 1039 1206 anctoritate
1067 1184 1145 1207 con—

397 1217 462 1261 fisi,
499 1219 651 1254 universis
684 1219 943 1255 christifidelibus
982 1222 1144 1269 utriusque

395 1279 489 1302 sexus
513 1280 581 1302 vere
603 1269 836 1316 poenitentibus
855 1279 884 1305 et
907 1270 1071 1311 confessis,
1091 1273 1142 1319 qni

395 1316 568 1364 cappellam
592 1319 690 1365 ipsam
715 1332 799 1354 nunc
828 1320 1003 1364 visitarunt,
1026 1329 1055 1355 et
1084 1331 1143 1355 tani

397 1367 502 1407 hodie,
524 1380 617 1415 quam
634 1367 785 1416 deinceps
804 1370 894 1404 annis
915 1370 1060 1416 siugulis,
1079 1372 1143 1418 ipsa

395 1415 622 1464 Conceptionis
661 1418 802 1453 eiusdem
830 1418 973 1465 Virginis
1010 1420 1144 1459 Mariae,

395 1478 455 1513 qna
478 1467 571 1502 etiam
587 1467 788 1502 anniversarii
811 1468 1018 1504 dedicationis
1034 1470 1145 1504 liuius-

396 1515 480 1550 modi
508 1518 839 1552 commemorationem
874 1518 938 1553 fieri
967 1528 995 1554 et
1032 1519 1142 1554 festum

395 1565 544 1601 celebrari
574 1567 730 1607 volumus3
765 1580 801 1602 ac
829 1568 1011 1603 eorumdem
1045 1571 1142 1604 sancti

394 1615 554 1651 Francisei
588 1625 618 1652 et
652 1617 751 1651 sancti
780 1618 908 1652 Antonii
940 1618 1142 1654 festivitatum

395 1665 518 1709 diebus,
541 1678 557 1700 a
581 1660 688 1713 primis
710 1668 848 1713 vesperis
871 1680 972 1715 usque
995 1669 1030 1702 ad
1054 1681 1143 1703 occa-

395 1727 464 1750 sum
497 1716 572 1750 solis
593 1716 715 1751 dierum
735 1717 936 1752 festivitatum
961 1719 1142 1754 earumdem

395 1765 507 1800 devote
521 1765 709 1801 visitaverint
725 1767 898 1811 annuatim,
914 1769 1053 1802 omnium
1076 1781 1144 1815 pec·

394 1823 534 1850 catorum
561 1827 690 1850 suorum
717 1815 944 1862 indulgentiam
973 1826 1003 1852 et
1031 1819 1143 1853 remis-

395 1864 516 1900 sionem
543 1864 726 1911 elargimur.

443 1912 464 1961 ἓ
483 1916 518 1948 4.
542 1914 584 1949 Et
604 1915 742 1962 insuper,
759 1915 981 1950 nonnullorum
1007 1917 1143 1963 praede-

395 1975 555 1999 cessorum
584 1972 775 2007 nostrorum,
797 1965 850 2011 qui
881 1965 1078 2001 mulieribus.
1108 1981 1144 2001 ne

395 2014 432 2048 ad
455 2012 569 2048 Sancta
600 2012 803 2058 Sanctorum,
824 2015 852 2049 in
877 2014 1092 2055 Later-ariensi,
1115 2025 1143 2050 ‹=t

395 2063 545 2111 quasdam
569 2063 642 2098 alias
665 2064 694 2098 in
718 2063 846 2111 reliquis
874 2064 1029 2111 praefatae
1052 2065 1146 2099 Urbis

394 2113 537 2148 ecclesiis
579 2113 789 2148 consistentes
833 2114 1013 2161 cappellus,v
1053 2117 1145 2149 eei-tis

397 2171 472 2197 tnnc
494 2164 652 2211 expressis
673 2162 785 2198 diebus
807 2163 965 2198 dumtaxat
996 2165 1144 2211 excepti<7

397 2213 646 2259 ingrederentur,
660 2212 720 2247 sub
739 2213 881 2248 censuris
905 2221 937 2247 et
958 2215 1068 2261 poenis
1091 2227 1145 2247 ec-

396 2261 781 2306 ctesiasticis‚inhibuisse
808 2262 979 2302 dicuntur,
1009 2264 1144 2309 vestigii-‚

397 2311 600 2352 inliaerendo;
623 2320 657 2346 nt
679 2311 781 2346 divina
804 2312 904 2347 officia
935 2313 964 2346 in
988 2313 1142 2347 antedicta

395 2361 534 2408 cappella
557 2361 625 2396 sine
652 2363 782 2409 strepitu
812 2362 978 2397 mulierum
1008 2363 1145 2410 quietius

396 2420 425 2446 et
452 2411 595 2445 devotius
623 2420 822 2458 peragantur,
851 2412 1003 2446 universis
1032 2413 1142 2446 mulio-

397 2460 495 2498 ribus.
519 2472 557 2495 ne
579 2460 638 2495 sul)
660 2461 886 2508 Conceptionis
915 2461 1050 2502 Virginis·
1079 2462 1144 2496 Ma-

397 2511 458 2545 riae
473 2518 697 2545 etsanctorum
712 2509 871 2546 Francisci
895 2519 925 2545 et
948 2511 1076 2546 Antonii
1100 2515 1143 2555 (ί)

396 2572 430 2594 ac
459 2560 488 2594 in
518 2559 640 2595 illorum
670 2559 819 2596 lionorein
848 2561 1022 2597 dedicatam
1053 2561 1144 2596 ltodit·

431 2618 470 2653 (t)
493 2617 569 2645 Deest
585 2617 696 2645 fortasse
713 2620 789 2644 tituto
806 2619 844 2653 (n.
866 2619 914 2653 τ.),

1166 669 1169 679 l

1166 685 1169 719 i

1189 341 1274 376 pore,
1299 339 1515 377 praeterquam
1545 331 1757 378 indulgentiae
1783 332 1939 380 praedictae

1188 388 1216 414 et
1233 380 1436 414 anniversarii
1453 380 1557 415 obitus
1575 382 1670 416 nostri
1685 382 1808 423 diebus,
1824 383 1938 418 intrare

1189 428 1345 463 ullatenus
1368 439 1581 476 praesumant,
1604 431 1664 465 sub
1679 434 1940 468 excommunica-

1189 479 1281 513 tionis
1316 479 1392 514 tatae
1424 482 1598 516 sententiae
1633 494 1743 528 poena,
1767 482 1940 518 districtius

1189 528 1370 563 inliibemus
1394 531 1613 577 praesentibus
1643 533 1803 579 perpetuis
1826 532 1939 568 futuris

1190 578 1385 624 temporibus
1408 581 1556 615 valituris.

1236 627 1321 662 Nulli
1348 640 1423 675 ergo
1450 638 1502 664 etc.

1237 677 1351 712 Datum
1374 678 1494 714 Romae
1517 681 1598 726 apud
1622 680 1773 715 Sanctum
1798 680 1939 721 Petrum,

1187 738 1270 762 anno
1306 727 1532 763 incarnationis
1559 729 1737 765 dominicae
1773 731 1940 766 millesimo

1187 776 1501 823 quadringentesimo
1546 780 1780 826 septuagesimo
1832 793 1915 816 nono
1932 809 1939 820 ,

1188 835 1275 861 sexto
1306 828 1375 862 idus
1401 827 1590 873 decembris,
1615 828 1815 876 pontificatus
1842 831 1938 866 nostri

1187 889 1270 911 anno
1299 889 1394 912 nono.

1221 937 1280 967 nai.
1298 938 1344 968 die
1361 939 1378 968 8
1394 939 1560 969 decembris
1582 940 1664 976 tw),
1682 945 1759 979 pont.
1777 950 1853 970 anno
1870 950 1906 971 ix.

1484 1064 1590 1104 xxti}
1614 1073 1640 1114 (i
1651 1074 1671 1115 ).

1187 1132 1368 1177 Suppressio
1403 1141 1428 1166 et
1461 1135 1607 1168 eoeli'ncli'o
1642 1146 1737 1168 nouae
1771 1135 1940 1180 Religionis

1235 1183 1289 1215 sub
1319 1183 1510 1217 invocatione
1532 1191 1557 1217 et
1586 1185 1725 1218 instituto
1752 1185 1787 1218 S.
1811 1186 1939 1219 Ioannis

1236 1232 1516 1277 Hierosolymi'tani
1549 1235 1579 1266 ιή
1613 1235 1727 1267 ditione
1759 1235 1940 1268 Florentina

1237 1283 1353 1315 noviter
1374 1283 1535 1326 excitatae,
1557 1295 1624 1317 cum
1644 1295 1843 1328 personarum
1864 1285 1940 1318 eins-

1235 1332 1301 1364 clem
1324 1333 1367 1365 ad
1386 1333 1465 1366 alios
1483 1334 1669 1378 approbatos
1687 1334 1820 1368 Ordines
1834 1341 1939 1368 trans-

1235 1381 1347 1414 latione
1373 1383 1431 1425 (2).

1456 1447 1670 1478 SL'MMAIUUM

1186 1502 1374 1534 Prooemium.
1387 1521 1425 1526 ——
1441 1505 1463 1533 l.
1483 1505 1645 1534 Alexandra
1665 1505 1700 1534 de
1717 1505 1831 1534 Alfanis
1848 1506 1937 1535 huius

1225 1549 1343 1579 Ordinis
1360 1549 1516 1579 fundatrix.
1528 1566 1567 1571 —
1583 1549 1674 1587 Leges
1691 1555 1747 1580 tam
1765 1551 1836 1588 viris
1849 1560 1936 1590 quam

1227 1594 1402 1624 mulieribus
1422 1604 1474 1624 seu
1497 1595 1676 1624 monialibus
1691 1595 1785 1631 datae,
1807 1605 1938 1625 commu-

1226 1648 1277 1668 nes
1294 1648 1360 1668 cum
1376 1639 1518 1669 fratribus
1535 1639 1642 1679 hospit.
1662 1640 1690 1669 S.
1703 1639 1821 1670 loannis
1834 1639 1939 1670 Hiero-

1226 1683 1403 1722 solymitaui.
1416 1684 1493 1713 -2
1509 1683 1656 1713 Cardinali
1675 1684 1702 1714 S.
1718 1684 1839 1714 Adriani
1857 1693 1939 1714 com-

1226 1728 1351 1758 missum
1365 1733 1395 1758 ut
1410 1737 1500 1767 super
1515 1728 1561 1758 his
1580 1729 1750 1767 inquireret.
1765 1746 1804 1750 —
1815 1729 1842 1758 3.
1859 1728 1937 1761 Data,

1224 1774 1395 1803 anctoritate
1412 1773 1584 1812 apostolica,
1596 1773 1719 1803 facultas
1737 1783 1841 1804 novum
1859 1774 1936 1804 hunc

1226 1817 1366 1847 fundandi
1380 1816 1529 1852 Ordinem,
1543 1818 1630 1857 eique
1646 1818 1862 1848 communicata
1876 1827 1937 1848 om-

1225 1862 1270 1891 nia
1299 1867 1327 1891 et
1350 1863 1464 1900 singula
1485 1862 1649 1902 privilegia,
1671 1859 1781 1902 quibus
1801 1863 1939 1893 fruuntur

1226 1906 1328 1935 fratres
1353 1907 1506 1945 hospitalis
1531 1906 1558 1937 S.
1584 1906 1699 1936 loannis
1724 1907 1938 1947 Hierosolymi-

1226 1951 1295 1980 tani.
1318 1967 1356 1972 —
1373 1951 1401 1980 4.
1424 1950 1534 1981 Mortua
1559 1951 1734 1988 Alexandra,
1757 1952 1888 1990 religiosi
1905 1963 1937 1982 ac

1226 1995 1368 2024 moniales
1387 1996 1544 2025 destitutae
1563 2001 1631 2025 sunt
1649 1997 1823 2035 opportunis
1847 1996 1939 2026 facul-

1226 2038 1334 2068 tatibus
1357 2039 1391 2068 ad
1416 2048 1446 2069 se
1469 2039 1726 2070 substentandum.
1742 2040 1824 2078 llinc,
1839 2041 1936 2071 recla-

1226 2088 1323 2112 mante
1343 2084 1482 2121 magistro
1505 2084 1659 2121 hospitalis
1679 2084 1707 2114 S.
1726 2084 1842 2115 loannis
1866 2085 1937 2116 Hie-

1225 2128 1438 2166 rosoly-mitani,
1453 2145 1491 2150 —
1513 2129 1540 2158 5.
1564 2128 1673 2159 Novum
1698 2129 1775 2159 liunt*
1798 2129 1936 2160 Ordinem

1225 2172 1384 2211 supprimit
1402 2172 1542 2203 Pontifex.
1561 2191 1599 2196 ——
1617 2175 1644 2205 ϋ.
1663 2173 1694 2203 ln
1712 2183 1806 2213 eoque
1826 2174 1938 2212 profes-

1225 2225 1274 2245 sos
1294 2217 1428 2246 aliumex
1447 2219 1616 2258 approbatis
1640 2218 1801 2248 Ordinibus
1823 2218 1936 2256 ingredi

1227 2261 1376 2300 praecipit.
1398 2279 1437 2284 —
1467 2263 1492 2292 7.
1514 2263 1717 2293 commissarii
1739 2262 1774 2292 ad
1805 2262 1858 2292 hoc
1883 2263 1935 2292 de-

1227 2306 1326 2343 putati.
1349 2323 1388 2329 —
1406 2308 1432 2337 8.
1451 2306 1638 2337 Obstantium
1657 2307 1818 2345 derogatio.

1248 2362 1344 2392 sixtus
1365 2365 1507 2401 episcopus
1531 2372 1627 2394 servus
1657 2372 1797 2394 servorum
1816 2365 1876 2398 Dei.

1319 2415 1352 2442 ad
1372 2415 1532 2450 perpetuam
1563 2415 1603 2443 rei
1634 2414 1801 2444 memoriam.

1235 2464 1315 2505 Quia
1339 2465 1368 2499 in
1398 2464 1572 2500 futurorum
1596 2465 1759 2500 eventibus
1785 2465 1830 2500 sic
1854 2477 1934 2499 non-

1188 2526 1347 2560 nunquam
1372 2515 1499 2549 liumaui
1524 2515 1641 2550 fallitur
1664 2515 1852 2550 incertitudo
1885 2515 1935 2549 in-

1221 2579 1260 2614 (t)
1278 2580 1345 2608 llaec
1372 2580 1440 2607 bulla
1460 2581 1510 2607 sub
1536 2589 1609 2607 num.
1636 2589 1701 2607 xxiv
1728 2582 1752 2607 in
1770 2581 1845 2608 Rom.
1864 2581 1933 2608 Edit.

1187 2619 1278 2654 legitur
1295 2620 1331 2654 (n.
1351 2621 1399 2655 'r.).
1438 2622 1477 2656 (Ξ)
1495 2621 1533 2648 Ex
1550 2621 1653 2656 Regest.
1676 2622 1700 2647 in
1723 2622 1831 2649 Archiv.
1850 2621 1935 2648 Vane.

1954 228 2000 255 An.
2020 228 2049 254 C.
2071 227 2138 254 11479

1986 639 2104 660 Clausulas.

1978 2479 2108 2501 t'rooemtum.
