2281 3251
99 257 148 283 An.
167 256 197 283 C.
217 257 282 284 lltlt7

295 320 350 346 aut
385 311 557 357 legatorum
591 324 740 351 suoi-iim,
775 311 819 345 vel
849 312 906 346 alia
935 313 1043 359 quavis

295 361 476 395 aiicioriiate
505 360 660 404 obtentas,
689 361 888 407 impetratas,
911 373 1042 396 conces-

295 422 344 444 sas
366 421 423 444 seu
451 421 618 453 concessa,
641 422 675 444 ac
704 410 807 443 oniiiia
832 410 904 445 inde
935 419 1040 445 secuta

294 471 309 493 a
337 458 388 493 die
415 459 504 492 datae
532 459 746 493 concessionis
773 460 970 503 corumdem,
990 473 1041 494 ea—

293 508 364 542 dem
388 508 572 542 auctoritate
599 508 835 552 coiilirmnmiis,
856 509 986 555 perinde
1005 523 1041 544 ac

293 557 317 590 si
341 569 356 591 a
381 556 472 591 nobis
497 557 658 603 impetrata
688 557 830 592 fuissent.

341 610 357 649 ἕ
386 608 441 640 10.
463 605 568 653 Super
596 607 759 640 sententiis
786 615 889 641 autem
921 608 949 641 in
973 608 1041 642 Ro-

94 660 277 712 Ηξίεττῐῗοᾷξὲῑῗιοῐ
294 667 383 689 mana
407 654 500 689 Curia
538 655 583 688 vel
615 656 643 689 in
669 655 808 694 Basileii,
831 657 889 689 siib
915 658 1040 692 nomine

93 721 189 743 „mim
206 723 278 749 moia-
293 704 448 750 generalis
470 705 608 747 concilii,
635 712 705 738 aiite
735 706 832 752 ipsam
851 707 1039 753 suspensio-

95 754 255 779 ¹³³‘1‘f⁰*1‘¹⁰¹-
294 766 362 788 nem
399 754 445 787 vel
473 766 508 788 ea
537 753 681 797 durante,
706 754 734 787 iii
763 755 881 800 quibus
910 764 1039 802 uterque

293 803 480 848 litigantium
504 814 542 837 ex
566 803 725 837 ordinario
755 804 843 837 titiilo
872 805 979 838 iiititiir
1005 818 1038 838 se

292 851 430 892 defendi,
445 852 887 899 prolatis,qiiaeexcquiitioni
899 854 1036 888 nonduin

291 910 364 936 sunt
391 901 609 940 demandatae,
633 901 790 946 volumus,
813 903 982 937 statuimus
1008 910 1039 936 et

291 950 475 984 ordinamus
520 950 604 996 quod
647 951 827 986 liuiusmodi
866 952 1038 986 sententiae

290 1011 394 1034 coram
420 999 521 1034 iudice
538 1007 720 1040 tractentur,
736 1008 765 1033 et
781 1001 935 1047 quidquid
954 1010 1037 1036 utra-

289 1060 351 1095 que
375 1061 446 1096 pars
473 1049 563 1082 vellet
591 1049 765 1095 producere
794 1062 849 1096 pro
878 1052 943 1084 iure
966 1062 1035 1090 suo,

289 1109 393 1132 coram
422 1110 460 1132 eo
487 1098 599 1132 debeat
627 1098 797 1142 exliibere,
831 1100 882 1145 qui
906 1099 1034 1145 quidem

291 1147 383 1181 iudex
406 1148 593 1186 summarie,
616 1147 801 1194 simpliciter
816 1157 845 1181 ct
869 1149 907 1182 de
932 1148 1035 1194 plano,

288 1196 350 1229 sola
364 1195 433 1230 facti
453 1197 578 1230 vei-itate
599 1197 750 1242 inspecta,
775 1197 961 1244 procedens,
979 1211 1036 1232 ne-

287 1246 407 1290 gotium
433 1246 534 1291 ipsum
559 1246 648 1279 unica
667 1246 764 1280 valeat
781 1247 948 1281 terminare
967 1260 1038 1280 sen—

289 1294 395 1333 tentia,
410 1306 424 1327 a
441 1306 500 1341 qua
516 1294 590 1328 niilli
605 1295 738 1341 partium
761 1296 919 1342 appellare
948 1297 1035 1330 liceat

286 1351 340 1377 aut
368 1355 546 1390 provocare,
568 1345 611 1377 vel
641 1345 871 1379 restitutionem
896 1345 1033 1392 aliquam

285 1392 438 1426 obtinere.
467 1392 528 1427 Per
543 1392 601 1427 lioc
620 1401 722 1427 antem
748 1394 927 1428 nullatenus
944 1407 1035 1440 prae—

285 1441 422 1476 iudicare
440 1442 633 1476 intendimus
649 1443 706 1481 eis,
729 1443 781 1489 qui
800 1445 1032 1490 possessionem

284 1489 487 1536 dignitatum,
503 1491 593 1525 etiam
618 1493 849 1538 metropolitan.
866 1493 1032 1528 catliedra-

284 1540 360 1574 llum
401 1548 431 1574 et
471 1540 690 1581 abbatialiiim,
718 1554 773 1576 scu
810 1542 1032 1577 beneficiorum

283 1602 571 1637 quorumcumque,
599 1590 755 1625 ordinaria
773 1591 818 1625 vel
839 1591 895 1625 alia
923 1601 1034 1627 aucto-

284 1639 372 1673 ritate
387 1639 446 1674 sub
468 1639 577 1674 eadem
595 1641 709 1674 nation.
731 1640 883 1681 obtiiien.,
899 1641 1033 1676 durante

284 1688 481 1723 neutralitate
508 1689 555 1724 vel
598 1689 806 1736 suspensione
840 1690 1031 1737 praedictis,

283 1738 385 1784 vigore
405 1750 610 1784 processuum
641 1740 669 1772 in
693 1738 834 1773 Romana
858 1738 955 1774 Curia
985 1741 1030 1774 vel

282 1787 311 1820 iii
335 1786 471 1831 Basilea,
491 1787 550 1822 sub
571 1788 697 1822 nomine.
713 1789 870 1835 generalis
892 1789 1030 1830 concilii,

280 1835 504 1877 obtentorum,
527 1844 580 1871 aut
617 1837 695 1871 alias
731 1838 883 1872 violenter
917 1839 1032 1873 suerint

279 1885 416 1931 spoliati.
432 1886 495 1921 Sed
513 1895 574 1921 tam
594 1887 693 1932 spolia
709 1899 802 1933 quam
830 1888 895 1921 iura
922 1887 1029 1922 eorum

280 1934 384 1969 denuo
410 1947 514 1969 eoram
544 1935 702 1970 iudicibus
724 1937 893 1971 ordinariis
915 1950 1030 1983 cogno-

280 1991 421 2028 scantur,
449 1993 480 2019 et
508 1985 568 2019 line
597 1984 705 2019 debito
728 1986 947 2020 terminentur.

28 2078 33 2080 .
328 2036 343 2076 ξ
362 2035 372 2066 l
389 2033 575 2080 l.liisiiper,
599 2046 709 2069 omncs
731 2043 758 2069 ct
775 2035 917 2081 singulas
940 2048 1030 2082 prae-

31 2089 36 2092 ’
87 2081 381 2117 Omnesquieon-dictae
410 2083 543 2117 nationis
578 2092 629 2117 aut
652 2083 790 2127 alterius,
819 2086 848 2118 in
878 2097 912 2119 ea
938 2085 1030 2119 bene-

82 2121 199 2146 gregationi
226 2120 265 2140 na·
323 2136 328 2141 .
501 2137 506 2142 .
602 2138 606 2142 .

82 2151 170 2172 siteensi
185 2151 266 2172 aanae-
282 2136 347 2170 ficia
364 2135 411 2170 vel
427 2135 526 2171 officia
544 2136 736 2181 obtinentes,
751 2150 901 2184 personas
924 2138 1030 2173 eccle-

81 2185 267 2234 ξῇζξᾛζξξυῖῗέζ
280 2190 423 2225 siasticas
444 2199 473 2224 et
506 2191 705 2232 saeculares,
733 2192 825 2225 etiam
854 2192 879 2226 si
903 2194 1027 2240 regalis,

80 2244 265 2296 gggsschsffing
279 2244 575 2291 arcliiepiscopalis,
602 2245 790 2291 episcopalis
818 2245 864 2279 rel
900 2247 1029 2283 alterius

80 2306 263 2343 ppenisaissqivii,
279 2297 439 2344 dignitatis
455 2298 582 2342 fuerint,
593 2311 684 2346 quae,
701 2308 768 2345 post
787 2299 1026 2336 dissolutionem

81 2337 265 2390 ἶὶζὲῑεῖῗῖζᾛῗὲῗ
279 2351 344 2387 sive
366 2352 601 2387 translationem
636 2353 786 2399 praedicti
821 2354 945 2388 concilii
976 2368 1029 2402 pei·

63 2399 137 2456 ’,ᾘῗ
149 2403 265 2453 ξζξιωεᾛ
281 2418 337 2441 nos
359 2405 483 2451 factam,
505 2407 743 2453 congregationi
768 2406 940 2443 Basileensi
969 2410 1028 2445 sub

80 2465 263 2484 ’esfevfflflmurv
279 2460 407 2495 nomine
428 2461 583 2506 generalis
608 2461 732 2496 concilii
768 2462 976 2497 adhaeserunt
998 2473 1027 2499 et

278 2513 499 2556 obediverunt,
522 2524 576 2550 aut
605 2515 792 2563 incorporati
811 2515 950 2556 fuerunt,
973 2518 1026 2564 qui

279 2568 338 2603 iam
354 2568 391 2603 ad
407 2577 544 2604 nostram
565 2569 778 2605 obedientiam
801 2578 874 2604 sunt
899 2572 1026 2615 reversi,

278 2621 324 2657 vel
353 2621 430 2657 infra
453 2634 506 2658 sex
535 2635 660 2659 menses
687 2632 757 2671 post
779 2623 1024 2660 declarationem

911 257 1067 280 tit‘Gt-:Nius
1089 257 1122 279 tv
1147 258 1192 279 t’t‘.

1738 250 1783 282 95

1085 326 1140 358 pro
1168 312 1258 346 nobis
1281 311 1389 346 saetam
1420 311 1581 355 redierint,
1608 324 1663 347 seu
1694 314 1751 360 ipsi
1775 315 1833 349 de-

1084 361 1244 396 clarationi
1261 361 1472 404 adhaeserint,
1494 361 1532 395 ab
1550 362 1698 395 omnibns
1718 371 1746 396 et
1768 365 1833 397 sin-

1083 410 1164 456 gulis
1193 411 1388 454 iuramentis,
1417 411 1544 457 periurii
1575 419 1682 451 reatu,
1706 424 1740 445 ac
1763 413 1832 446 aliis

1083 461 1226 494 censuris
1253 469 1282 493 et
1306 460 1416 506 poenis
1443 460 1547 506 (siqui
1585 468 1766 495 tenerentur
1780 470 1833 495 aiit

1084 510 1302 553 incurrissent)
1327 509 1452 543 inssictis
1473 518 1502 542 et
1531 510 1560 543 in
1586 509 1664 544 tales
1688 511 1832 556 promul—

1081 559 1173 603 gatis,
1189 566 1243 593 aiit
1259 567 1423 606 propterea
1441 558 1632 603 infligendis,
1647 560 1831 594 aucioritate

1084 608 1240 654 praedicta
1283 608 1478 642 absolvimus
1506 615 1536 641 et
1563 607 1756 651 liberamus,
1794 621 1830 643 ac

1081 669 1208 691 omnem
1238 657 1453 701 inhabilitatis,
1474 657 1709 703 irregularitatis
1731 666 1760 691 et
1781 658 1830 692 in-

1083 706 1192 740 famiae
1213 706 1365 740 maculam
1397 707 1462 741 sive
1483 715 1600 751 notam,
1615 707 1728 741 exinde
1748 719 1830 754 qiio-

1082 754 1253 789 modolibet
1281 754 1383 789 forsan
1413 764 1624 795 contractam,
1652 756 1828 796 abolemus,

1079 812 1109 837 et
1145 804 1174 838 in
1211 804 1375 850 pristinum
1421 813 1534 839 statum
1570 805 1763 839 restituimus
1799 814 1829 839 et

1081 853 1286 899 reponimus,
1323 855 1451 898 perinde
1486 866 1521 888 ac
1543 854 1566 887 si
1596 854 1664 889 talia
1699 855 1829 889 minime

1079 910 1289 937 emanassent.
1307 902 1483 946 Praeterea,
1506 915 1616 938 omnes
1639 911 1668 938 et
1685 904 1828 949 singulas

1079 963 1232 996 personas
1260 952 1393 986 nationis
1422 951 1599 998 praedictae
1615 952 1680 987 sive
1698 953 1828 987 alterius

1080 1000 1109 1033 in
1127 1000 1236 1035 eadem
1254 1000 1405 1035 benelieia
1421 1001 1487 1035 sive
1515 1001 1627 1046 officia,
1641 1002 1722 1036 sicut
1738 1015 1828 1048 prae-

1080 1049 1211 1084 missum
1235 1058 1294 1093 est,
1322 1050 1512 1093 obtinentes,
1531 1062 1610 1097 quae
1637 1051 1696 1085 sub
1723 1051 1828 1085 decla-

1078 1099 1198 1132 ratione
1214 1099 1395 1133 liuiiismodi
1421 1112 1475 1145 pro
1499 1100 1590 1134 nobis
1613 1099 1690 1134 l'acta
1715 1101 1759 1134 vel
1783 1100 1828 1134 fzi-

1077 1147 1188 1182 cienda
1203 1148 1546 1195 continebantur,qiiae
1562 1158 1631 1195 post
1643 1150 1825 1186 liuiusmodi

1077 1198 1201 1231 concilii
1230 1198 1478 1240 translationem,
1507 1197 1639 1232 Basileae
1667 1211 1828 1233 remanse-

1079 1255 1162 1286 runt,
1182 1255 1236 1280 aut
1271 1247 1327 1293 ipsi
1352 1247 1590 1293 congregationi
1615 1247 1827 1282 adhaeserunt

1077 1304 1105 1328 et
1130 1296 1282 1335 faverunt,
1306 1296 1416 1330 officiis
1435 1297 1464 1329 in
1481 1296 1589 1331 eadem
1610 1297 1827 1343 praefuerunt,

1077 1352 1128 1378 aut
1157 1346 1185 1378 in
1215 1345 1369 1391 legatione
1399 1345 1504 1379 abeis
1528 1346 1612 1381 missi
1640 1346 1703 1381 sint
1731 1359 1828 1393 quan-

1077 1393 1267 1441 documque,
1283 1403 1334 1428 ant
1358 1395 1404 1428 eis
1419 1394 1633 1439 erediderunt,
1650 1395 1689 1429 ab
1716 1397 1827 1429 omni-

1077 1442 1136 1476 bus
1176 1444 1518 1478 excommunicationis
1538 1472 1546 1483 ‚
1582 1445 1824 1491 suspensionis,

1078 1492 1235 1527 interdicti
1255 1494 1387 1539 aliisque
1408 1494 1550 1527 censuris
1563 1503 1591 1528 et
1606 1494 1716 1540 poenis
1731 1494 1760 1527 in
1778 1506 1824 1534 ea,

1076 1541 1122 1575 vel
1153 1554 1207 1589 per
1231 1554 1400 1588 processus
1428 1551 1571 1586 nostros,
1594 1551 1646 1577 aut
1672 1543 1741 1577 aliis
1769 1544 1825 1577 in-

1075 1590 1168 1625 ssictis
1183 1600 1213 1625 et
1237 1592 1446 1638 promulgatis
1469 1591 1678 1633 absolvimus3
1697 1604 1768 1627 cum
1788 1593 1824 1627 iis

1074 1641 1126 1686 qiii
1157 1641 1290 1684 ibidem,
1313 1654 1366 1675 sen
1391 1653 1405 1675 a
1435 1641 1566 1688 proiisis
1593 1641 1632 1676 ab
1655 1642 1748 1688 ipsis,
1772 1651 1824 1676 ant

1074 1702 1182 1724 eorum
1221 1691 1404 1725 auctoritate
1444 1702 1550 1725 sacros
1586 1691 1713 1726 ordines
1740 1692 1824 1726 dicto

1074 1746 1215 1786 tempore
1238 1748 1438 1786 receperunt,
1467 1748 1500 1773 ut
1528 1741 1556 1774 in
1585 1742 1744 1787 susceptis
1773 1753 1824 1775 or-

1073 1788 1201 1823 dinibus
1224 1789 1406 1824 ministi·ai·e
1433 1789 1565 1829 valeant,
1589 1789 1822 1837 dispensantes.

1073 1836 1231 1872 Volumus
1259 1839 1391 1885 insuper
1417 1838 1501 1885 quod
1517 1839 1634 1884 singuli
1663 1849 1823 1886 metropo-

1074 1887 1157 1921 litani
1183 1888 1321 1922 nationis
1347 1887 1510 1928 eiusdem,
1542 1896 1611 1922 actu
1638 1889 1696 1922 iam
1733 1889 1822 1923 nobis

1071 1936 1267 1977 obedientes,
1296 1937 1340 1971 vel
1367 1937 1418 1983 qui
1443 1937 1519 1971 infra
1548 1950 1601 1971 sex
1630 1950 1766 1981 menses,
1791 1947 1822 1971 ut

1073 1985 1257 2030 praefertur,
1285 1986 1377 2021 nobis
1400 1995 1429 2021 et
1451 1986 1653 2033 Apostolicae
1674 1986 1748 2021 Seili
1771 1987 1822 2021 de-

1072 2034 1165 2068 bitam
1182 2035 1394 2070 obedientiam
1415 2035 1624 2082 praebuerint,
1640 2036 1822 2070 consimiles

1072 2083 1173 2119 bullas
1212 2097 1265 2119 seu
1301 2085 1404 2120 literas
1439 2085 1627 2131 apostolicas
1665 2085 1821 2129 babeant,

1070 2149 1168 2184 super
1187 2138 1313 2186 quibus,
1343 2139 1521 2185 patentibus
1551 2138 1820 2185 quibuscumque,

1070 2200 1227 2238 quatenus
1249 2204 1330 2239 opus
1349 2192 1452 2237 fuerit,
1475 2192 1535 2227 sub
1571 2204 1679 2227 eorum
1708 2193 1821 2238 sigillis

1072 2252 1264 2293 transumpta
1281 2246 1457 2281 concedere
1480 2246 1616 2290 valeant,
1639 2245 1761 2292 eisque,
1790 2247 1818 2280 in

1071 2299 1187 2334 iudicio
1214 2309 1241 2335 et
1270 2308 1368 2344 extra,
1386 2300 1475 2347 plena
1500 2299 1596 2340 fides,
1618 2300 1699 2334 sicut
1720 2300 1820 2346 origi—

1071 2353 1195 2388 nalibus
1210 2354 1318 2398 literis,
1335 2366 1390 2401 per
1414 2354 1517 2388 omnia
1543 2354 1739 2401 praebeatur.
1757 2353 1819 2389 Sii-

1071 2420 1125 2455 pei·
1152 2408 1311 2443 Ecclesias
1337 2417 1442 2443 autem
1465 2408 1684 2443 Trevirensem
1704 2416 1732 2443 et
1753 2407 1818 2443 Co-

1070 2462 1255 2503 lomensem,
1268 2462 1307 2497 de
1324 2461 1441 2508 quibus
1455 2462 1484 2497 in
1502 2462 1704 2510 petitionibus
1725 2462 1816 2507 regis,

1069 2511 1298 2564 archiepiscopi
1334 2515 1509 2562 Maguutini
1554 2525 1584 2550 et
1625 2514 1816 2549 marchionis

1070 2571 1299 2618 praedictorum
1323 2570 1469 2617 specialis
1491 2578 1537 2605 est
1563 2569 1726 2617 appositus
1746 2569 1816 2602 arti-

1068 2625 1170 2666 culus,
1199 2636 1254 2671 per
1288 2624 1362 2658 alias
1392 2632 1513 2659 nostras
1548 2623 1650 2657 literas
1677 2621 1815 2668 desuper

1850 259 1900 283 Αη.
1915 258 1942 284 C.
1965 258 2029 285 ttiti7
