2281 3251
93 263 142 290 An.
161 264 188 290 C.
206 263 274 291 15¹2

104 568 186 588 Poenae
199 570 273 587 rt'itilm

89 600 162 625 desup.
181 604 272 623 ταυρω-

89 631 192 655 gatioucm
209 630 271 650 mole-

90 664 177 681 stantes.

932 263 1037 285 murs

1063 264 1088 286 n
1116 263 1165 286 m».
1716 257 1784 288 527
1849 268 1897 292 An.
1916 265 1944 292 C.
1966 265 2032 291 nit-2

290 317 355 352 loca
383 324 414 352 et
442 317 486 351 eis
521 316 619 363 legata
642 324 733 363 atque
759 317 866 351 relicta
888 325 941 352 ant
967 318 1042 352 alias
1085 330 1206 352 necnon
1235 318 1385 352 omnibus
1413 319 1571 359 censibus,
1603 318 1778 354 redditibus
1805 329 1836 355 et

290 367 320 400 in
343 378 453 401 eorum
483 365 618 400 t’arnrem
648 366 796 413 disposita
814 394 822 410 ,
853 367 881 401 in
910 379 1041 401 conces·
1083 367 1309 408 solutionibus,
1338 368 1457 402 ratione
1484 368 1690 404 subiectionis
1712 377 1767 403 aut
1790 370 1836 404 vi-

289 415 432 450 sionibus
467 422 496 449 ct
529 415 681 449 mandatis
717 415 896 450 huiusmodi
922 416 1038 451 includi

288 477 342 500 seu
366 465 593 511 comprehendi
621 478 681 500 non
706 466 833 500 ‹lehi-re.

337 515 357 561 S
380 517 435 549 59.
466 514 646 549 Districtius
671 515 849 549 inhibentes
872 515 1040 549 ordinariis

288 563 512 604 locorum,sub
536 564 689 599 interdicti
713 565 864 599 eeclesiae
881 565 1040 611 ingressus

288 621 318 648 et
340 613 561 660 suspensionis
582 626 598 648 a
627 614 741 648 divinis
760 626 795 648 ac
812 614 986 659 regiminis;
1011 623 1039 648 et

287 662 569 698 administrationis
592 663 798 698 eeclesiarum
827 676 969 703 suarum,
990 676 1033 698 t'e-

287 712 427 747 ctoribus
451 724 523 747 vero
547 713 769 760 parochialium
789 713 993 747 ecclesiarum
1009 721 1038 747 et

286 761 450 809 quibusvis
472 762 539 797 aliis
563 763 717 809 personis,
739 762 798 797 sub
814 763 1036 796 exeommuni-

286 811 418 846 cationis
441 811 519 846 latae
542 812 718 847 sententiae
740 819 771 846 et
794 812 975 857 privationis
991 823 1039 846 ea-

287 860 430 895 rumdem
446 861 672 907 parochialium
688 860 892 896 ecclesiarum
909 873 945 895 ac
962 873 1038 895 om—

288 911 374 944 nium
399 910 529 944 aliorum
554 910 781 945 beneficiorum
805 910 1038 945 ecclesiastico-

286 971 368 1003 rum,
383 971 462 1006 quae
475 959 764 1005 obtinent,necnon
782 959 1039 995 inhabilitationis

285 1009 323 1044 ad
360 1009 411 1043 illa
443 1017 474 1044 et
507 1009 565 1044 alia
601 1010 631 1044 in
661 1017 821 1056 posterum
850 1009 1037 1049 obtinenda,

288 1059 408 1105 poenis,
431 1072 510 1105 quas
532 1059 667 1093 scienter
689 1058 952 1093 contrafacientes
969 1059 1038 1105 ipso

287 1108 366 1142 facto
395 1108 578 1148 incurrant,
604 1121 642 1142 ne
666 1108 818 1143 Ordinem
843 1115 873 1142 ct
899 1120 1038 1154 congre-

287 1157 444 1203 gationem
473 1157 579 1192 Sancti
615 1157 786 1192 Salvatoris
813 1157 1037 1191 canonicorum

290 1206 479 1252 regularium
500 1207 694 1251 huiusmodi,
708 1219 743 1241 ac
757 1206 840 1241 illius
857 1207 1038 1246 canonicos,

288 1256 448 1301 ecclesias,
469 1256 655 1290 monasteria
678 1265 709 1291 et
731 1256 797 1290 loca
821 1255 980 1302 praedicta
1005 1268 1039 1290 ac

289 1305 440 1340 moniales
462 1305 526 1339 sive
549 1317 674 1340 sorores
697 1312 726 1339 et
753 1305 871 1339 oblatas
889 1317 1040 1352 personas

290 1354 463 1401 praedictas
482 1355 647 1401 utriusque
664 1366 771 1399 sexus,
785 1362 908 1401 praeter
923 1363 952 1389 et
968 1366 1040 1389 eon-

290 1411 334 1437 tra
357 1412 498 1439 tenorem
520 1416 556 1439 ac
583 1405 716 1439 formam
744 1404 839 1439 huius
867 1405 1040 1451 praesentis

290 1453 386 1487 nostri
416 1454 528 1488 indulti
559 1462 589 1488 et
619 1453 750 1488 aliarum
779 1454 1040 1499 concessionum,

290 1510 323 1536 ut
347 1503 569 1549 praemittitur,
597 1503 830 1549 congregationi
853 1503 960 1538 Sancti
976 1504 1042 1538 Sat-

291 1552 404 1586 valoris
428 1553 659 1599 praedictorum
683 1553 910 1587 canonicorum
940 1566 1041 1599 regn—

290 1601 412 1641 larium,
430 1614 485 1637 seu
502 1602 655 1645 ecclesiis,
671 1603 871 1636 monasteriis
893 1610 923 1637 et
946 1616 1041 1637 mem-

291 1650 354 1685 bris
380 1663 416 1685 ac
444 1652 520 1686 locis
542 1652 620 1691 suis,
650 1651 840 1686 monialibus
863 1652 928 1686 sive
951 1665 1041 1687 soro-

290 1699 379 1734 ribus
401 1709 430 1735 et
453 1701 566 1736 oblatis
590 1702 734 1747 personis
762 1701 928 1748 praedictis
952 1702 1042 1736 facta-

291 1762 373 1794 rum,
387 1753 613 1798 quoquomodo
636 1750 821 1797 inquietar03
836 1762 894 1785 nec
908 1763 973 1796 cos,
988 1761 1041 1786 aut

291 1806 548 1834 testamentorum
576 1809 605 1835 et
628 1799 808 1835 ultimarum
846 1800 1040 1836 voluntatum

290 1857 485 1890 executores,
524 1859 577 1885 aut
600 1850 779 1884 testantium
811 1849 961 1885 haeredes
985 1864 1040 1886 seu

290 1910 508 1946 quoscumque
527 1899 604 1934 alios
628 1899 743 1934 directe
759 1899 806 1933 vel
831 1899 984 1935 indirecte
1003 1901 1040 1935 ad

289 1947 480 1982 solutionem
518 1949 651 1983 alicuius
690 1957 820 1996 quartae
856 1950 1041 1996 parochialis

288 2008 343 2031 seu
372 1998 542 2033 canonicae
568 1998 616 2033 vel
651 1999 779 2034 alterius
804 1999 956 2046 portionis
977 2001 1041 2036 sive

287 2049 392 2084 oneris
425 2048 614 2095 compellere
637 2050 875 2096 quospiomodo,
900 2057 930 2083 ut
955 2063 1042 2097 prae-

286 2103 395 2149 fertur,
419 2112 633 2152 praesumant.
658 2103 723 2139 Sed
748 2105 814 2151 ipsa
839 2106 1040 2150 monasteria,

286 2158 454 2206 prioratus,
476 2159 556 2204 loca,
586 2159 754 2203 manualia,
777 2160 937 2206 grangiae,
962 2174 1040 2208 pos—

284 2213 442 2249 sessiones
469 2222 498 2249 et
526 2214 618 2258 bona,
646 2226 681 2249 ac
707 2214 845 2261 praelati,
874 2216 1039 2260 canonici,

284 2268 437 2303 moniales
460 2269 525 2303 sive
548 2280 673 2303 sorores
696 2276 725 2303 et
748 2268 867 2303 oblatae
886 2280 1038 2315 personae

283 2323 541 2370 congregationis
568 2323 711 2357 eiusdem
735 2322 841 2357 Sancti
867 2323 1039 2358 Salvator-is

284 2377 321 2412 ab
337 2378 423 2412 omni
452 2377 668 2425 impositione,
693 2377 867 2419 exactione,
893 2378 1039 2418 collecta,

283 2432 418 2473 decima,
442 2432 625 2467 charitativo
648 2432 791 2467 subsidio
813 2433 939 2467 autalio
956 2445 1037 2479 quo-

282 2499 419 2535 cumque
441 2487 513 2522 reali
536 2499 571 2522 ac
588 2487 741 2534 personali
767 2487 812 2521 vel
828 2486 925 2520 mixto
939 2498 1036 2522 onere

284 2541 332 2577 vel
359 2541 551 2589 gravamine,
569 2541 682 2589 quovis
705 2540 832 2575 nomine
856 2549 1034 2583 censeatur,

284 2608 341 2643 pel*
363 2608 420 2630 ssOS
441 2596 534 2631 ellam
557 2604 586 2630 Ol.
608 2608 808 2631 SUCCQSSOPCS
831 2604 955 2631 nOSU'OS
969 2595 1036 2631 RO—

1083 418 1249 457 sitationis,
1266 429 1468 465 quocumque
1483 419 1561 459 iure,
1577 418 1834 467 quibuscumque

1083 466 1264 511 ordinariis,
1293 467 1460 514 capitulis,
1482 468 1636 514 collegiis,
1659 480 1836 516 congrega-

1083 516 1233 560 tionibus,
1260 516 1520 552 universitatilnis
1543 525 1595 552 aut
1616 518 1685 552 aliis
1698 518 1835 565 quibus-

1082 578 1219 613 cumque
1248 566 1390 612 personis
1413 566 1565 601 hactenus
1597 567 1733 611 debitis,
1754 580 1835 615 quae

1083 627 1138 648 nos
1161 615 1280 649 eisdem
1301 616 1537 661 congregationi
1554 624 1584 650 et
1599 617 1773 660 canonicis,
1795 617 1834 652 de

1081 664 1268 710 apostolicae
1293 666 1456 711 potestatis
1473 665 1682 712 plenitudine,
1697 667 1833 712 gratiose

1082 713 1284 758 remittimus,
1308 722 1337 748 et
1362 715 1392 749 in
1417 714 1555 749 futurum
1579 715 1743 757 debendis,
1768 716 1834 751 illo-

1082 775 1214 809 rumque
1237 764 1393 798 solutione
1416 772 1445 798 et
1470 765 1679 811 praestatione
1694 765 1767 807 sint,
1780 778 1835 801 es-

1079 824 1177 858 seque
1200 812 1334 847 debeant
1360 813 1456 848 libera
1481 815 1608 861 penitus
1631 823 1661 849 et
1690 824 1834 862 exempta

1079 869 1174 908 atque
1191 861 1406 902 immunia3ita
1430 863 1512 910 quod
1541 863 1579 898 ad
1604 863 1728 899 illorum
1748 877 1835 912 prae-

1079 911 1245 945 stationem
1270 911 1316 945 vet
1345 912 1549 956 solutionem,
1577 925 1633 960 per
1659 926 1834 960 quoscum-

1080 972 1140 1007 que
1170 968 1200 995 et
1237 962 1421 1007 quarnmvis
1459 963 1552 997 etiam
1588 962 1832 1009 apostolicarum

1080 1010 1238 1044 literarum
1257 1010 1371 1057 rigore,
1387 1011 1454 1057 cogi
1480 1020 1532 1046 aut
1547 1011 1685 1059 desuper
1708 1013 1835 1060 iuquie-

1081 1060 1136 1093 tari
1162 1068 1329 1106 nequeant.

1128 1112 1142 1151 ξ
1167 1111 1223 1143 40.
1253 1108 1421 1150 Similiter,
1447 1118 1479 1144 ut
1513 1110 1550 1145 ad
1585 1110 1831 1157 praestationem
1854 1121 2035 1157 Exemnioapro-

1081 1158 1335 1204 procurationum
1357 1158 1532 1205 legatorum
1560 1171 1616 1194 seu
1644 1161 1831 1196 nunciorum
1849 1155 2034 1208 ζῗῖξζζξζᾞηζξῖ

1080 1207 1180 1242 dictae
1202 1208 1306 1246 Sedis,
1324 1220 1378 1242 sen
1403 1208 1439 1242 ad
1463 1209 1654 1244 solutionem
1669 1210 1762 1244 etiam
1778 1211 1835 1245 de-
1849 1216 1928 1235 0i0'11m
1940 1214 2034 1236 Sedis-⁴·

1080 1257 1246 1301 cimarum,
1273 1269 1351 1303 quas
1377 1259 1508 1303 Papales
1529 1246 2036 1306 appellant,et:piaslii⁰n⁵2¹a⁰rl1u1⁰'palii1

1081 1305 1181 1340 Sedes
1205 1307 1375 1353 praedicta,
1392 1320 1448 1354 pro
1472 1308 1660 1343 christianae
1681 1308 1753 1343 fidei
1778 1307 1908 1345 dte-'³⁰¹⁰‘

1082 1355 1224 1390 fensione
1246 1365 1299 1390 aut
1321 1356 1390 1391 aliis
1418 1357 1657 1393 imminentibus
1685 1369 1837 1406 persaepe

1082 1405 1337 1445 necessitatibus,
1351 1407 1495 1453 imponit,
1512 1407 1642 1442 minime
1658 1415 1837 1450 teneantur;

1082 1454 1247 1503 dictosque
1269 1457 1452 1500 canonicos,
1476 1457 1630 1491 moniales
1657 1457 1723 1492 sive
1746 1469 1839 1493 soro-

1084 1516 1132 1538 res
1166 1513 1196 1539 et
1230 1504 1350 1539 oblatas
1383 1517 1533 1552 personas
1555 1506 1678 1541 adhoc
1706 1507 1838 1542 minime

1083 1553 1236 1600 obligatos
1264 1554 1475 1594 declaramus,
1503 1555 1597 1590 etiam
1622 1556 1648 1590 si
1671 1568 1724 1602 per
1740 1568 1839 1602 quos-

1084 1615 1220 1650 cumque
1248 1612 1413 1650 exemptos
1437 1604 1571 1651 persolvi
1601 1605 1838 1651 mandarentur,

1083 1665 1155 1687 cum
1179 1653 1346 1699 quibusvis
1373 1654 1581 1701 derogatoriis
1603 1663 1633 1690 et
1657 1654 1839 1690 fortioribus

1083 1701 1253 1743 clausulis;
1282 1715 1339 1738 uec
1362 1715 1428 1748 eos,
1462 1704 1501 1738 ab
1531 1716 1641 1738 eorum
1678 1704 1838 1740 solutione

1083 1752 1258 1792 cessando,
1281 1765 1432 1788 censuras
1459 1761 1489 1787 et
1518 1765 1636 1800 poenas
1661 1753 1838 1795 incurrere,

1084 1801 1142 1834 nisi
1167 1802 1386 1848 praesentibus
1406 1802 1445 1837 de
1474 1803 1568 1837 verbo
1592 1803 1631 1838 ad
1659 1803 1793 1838 verbum
1808 1812 1840 1838 et

1083 1862 1190 1885 earum
1230 1860 1293 1886 toto
1327 1860 1432 1886 tenore
1462 1852 1601 1893 inserto,
1629 1861 1659 1887 et
1694 1865 1756 1887 non
1785 1866 1839 1899 per

1083 1901 1246 1945 generales
1260 1901 1428 1943 clausulas,
1448 1902 1628 1948 specialiter
1646 1911 1675 1936 et
1690 1914 1837 1949 expresse

1083 1949 1264 1996 derogetur,
1283 1960 1311 1985 et
1332 1952 1371 1985 de
1399 1951 1473 1998 ipsis
1496 1952 1680 1986 omnimoda
1702 1960 1732 1986 et
1760 1952 1836 1986 indi-

1085 1999 1174 2034 vidua
1205 2001 1323 2035 mentio
1347 2001 1407 2034 liat.
1431 2001 1609 2048 Nullusque
1631 2001 1670 2036 ab
1696 2001 1837 2048 eisdem,

1083 2048 1121 2083 de
1143 2050 1403 2098 quibuscumque
1425 2050 1679 2098 possessionibus
1703 2052 1840 2087 ubilibet

1083 2105 1275 2146 constitutis,
1300 2118 1380 2153 quac
1405 2106 1434 2139 in
1457 2106 1612 2153 praesenti
1640 2114 1713 2140 sunt
1736 2106 1783 2141 vel
1807 2106 1838 2142 in

1083 2158 1223 2194 futurum
1241 2168 1332 2195 erunt
1347 2160 1622 2205 monasteriorum,
1642 2161 1838 2207 prioratuum

1082 2223 1112 2249 et
1139 2215 1295 2250 bonorum
1320 2215 1422 2250 dictae
1447 2215 1701 2262 congregationis
1728 2215 1837 2252 Sancti

1081 2268 1276 2314 Salvatoris,
1304 2281 1340 2304 ac
1368 2268 1550 2303 monialium
1591 2268 1656 2304 sive
1691 2281 1837 2306 sororum

1081 2331 1111 2357 et
1123 2323 1296 2359 oblatarum
1309 2335 1514 2371 personarum
1530 2323 1712 2359 huiusmodi
1725 2324 1840 2359 utrius-

1081 2390 1143 2425 que
1163 2391 1269 2419 sexus,
1297 2390 1378 2426 qnae
1407 2378 1489 2412 illius
1515 2377 1656 2426 praelati,
1679 2379 1838 2425 canonici,

1083 2433 1232 2468 moniales
1260 2433 1326 2469 sive
1349 2445 1474 2468 sorores
1501 2442 1531 2468 et
1558 2433 1660 2469 dictae
1684 2445 1839 2481 personae

1082 2487 1205 2522 oblatae
1229 2489 1337 2523 colunt
1359 2500 1413 2522 sen
1437 2487 1495 2522 coli
1518 2488 1652 2533 faciunt,
1677 2496 1706 2523 et
1736 2489 1767 2522 in
1788 2488 1839 2523 fu-

1081 2549 1190 2577 turum
1215 2542 1319 2577 colent
1343 2553 1398 2576 scu
1427 2541 1486 2576 coli
1516 2541 1643 2582 sacient,
1666 2553 1704 2577 ex
1725 2542 1838 2587 hortis,

1084 2597 1237 2644 virgultis,
1261 2596 1490 2644 piscationibus
1507 2596 1554 2631 vel
1582 2596 1620 2632 de
1640 2597 1840 2632 nutrimentis

282 2661 392 2684 manos
418 2649 591 2686 Pontifices
627 2662 683 2698 pro
716 2659 858 2698 tempore
886 2649 1038 2693 indictis;
1085 2651 1268 2686 animalium
1292 2650 1468 2699 primitias,
1497 2651 1660 2696 decimas,
1681 2651 1840 2699 quat-tesia
