2281 3251
234 236 282 261 An.
301 235 328 260 C.
347 236 409 263 11181

234 499 328 518 tib-taut»

348 506 365 518 n»
376 501 411 520 tlu-

477 226 548 259 284

429 292 523 327 modo
551 293 664 328 babere
686 303 884 337 censi-antur,
899 308 991 342 quam
1016 297 1104 342 prius
1119 296 1176 331 lta-

428 342 542 377 bebant
565 356 603 378 ex
635 343 804 391 privilegiis
821 353 851 379 et
874 345 971 379 literis
991 346 1174 392 praedeces-

427 404 534 426 sorum
550 401 726 427 nostrorum
741 393 958 429 Romanorum
969 394 1172 430 Pontificum.

475 446 490 484 ξ
512 446 544 476 ⁶2.
568 442 635 476 Non
659 442 856 478 obstantibus
879 443 977 478 literis
1000 446 1173 490 superiori-

428 490 485 524 bus
513 493 719 527 restrictionis
747 503 869 527 nostrae
893 493 1085 534 huiusmodi,
1102 507 1173 529 cat·-

427 542 562 588 terisque
584 543 748 577 contrariis
770 543 1036 590 quibuscumque.

473 589 591 625 Datum
614 590 734 626 Romae
765 592 846 639 apud
870 592 1022 627 Sanctum
1043 593 1170 629 Petrum

423 639 484 674 sub
519 641 637 675 annulo
675 642 848 688 piscatoris,
874 643 925 676 die
959 643 1169 679 decimasexta

424 689 502 733 iulii,
530 690 696 725 millesimo
723 691 1036 738 quadringentesimo
1063 702 1171 728 octua-

421 741 541 784 gesimo
558 740 669 786 primo,
691 741 889 786 pontificatus
912 743 1007 777 nosti-i
1031 756 1113 778 anno
1137 756 1167 777 x.

480 801 539 832 Dat.
563 802 610 832 die
632 802 665 832 16
685 803 749 833 iulii
772 804 855 840 1481,
874 804 976 843 pontis.
995 815 1069 834 anno
1089 815 1113 835 x.

740 942 855 977 XXVI.

423 1015 624 1049 Canont'zatt'o
633 1016 667 1049 S.
678 1016 912 1050 Bonaventttrae
927 1017 1168 1062 Batneoreqien-

467 1071 519 1109 sis,
549 1070 698 1114 qeneralt's
719 1071 854 1104 ministri
877 1070 1006 1105 Ordinis
1035 1073 1168 1115 fratrum

466 1124 629 1158 Minorum
649 1125 893 1158 conventualium
929 1126 964 1158 S.
998 1125 1164 1164 Francisci,

466 1179 502 1213 S.
534 1179 573 1212 R.
597 1179 636 1213 E.
663 1180 831 1213 cardinalis
857 1187 883 1212 et
914 1180 1045 1224 episcopi
1069 1181 1167 1213 Alba-

465 1234 584 1271 nensis,
630 1234 750 1278 eiusque
789 1234 899 1266 relatio
936 1234 967 1266 in
1009 1245 1166 1267 nnmerum

466 1288 515 1321 Ss.
543 1288 746 1332 confessorura
770 1288 950 1333 pontificum
983 1288 1163 1325 doctorum,

465 1353 534 1374 cum
554 1353 626 1374 suae
647 1342 818 1385 festivitatis
846 1342 1040 1375 institutione.

687 1419 901 1450 SUMMARIUM

415 1481 603 1513 Prooemium.
616 1499 654 1504 —
672 1483 698 1512 1.
718 1482 852 1513 Laetatur
871 1482 1003 1512 Pontifex
1025 1484 1060 1513 tle
1080 1493 1164 1513 eano-

455 1528 599 1557 nizatione
618 1526 647 1557 S.
665 1526 896 1563 bonaventurae,
922 1545 960 1550 --
981 1528 1009 1557 2.
1034 1528 1162 1558 Laetari-

454 1581 511 1610 que
533 1571 642 1601 debent
669 1571 799 1601 universi
823 1573 1043 1602 christifideles.
1067 1590 1104 1595 —
1136 1573 1163 1602 3.

454 1615 578 1646 Sanctus
601 1616 799 1646 Bonarentura
824 1617 981 1647 virtutibus
1014 1622 1042 1646 et
1072 1618 1163 1647 mira-

454 1661 530 1690 culis
547 1661 663 1698 elaruit;
680 1677 717 1682 —
732 1661 759 1690 4.
775 1660 803 1690 S.
817 1660 966 1690 Francisci
981 1661 1163 1698 Religionem

455 1706 605 1744 professus
625 1710 730 1741 est;—
744 1706 771 1734 ἶ),
791 1704 923 1734 Doctrina
944 1705 1110 1744 praefulsit3
1126 1722 1164 1727 —

453 1751 481 1779 6.
505 1749 674 1779 llumilitate
697 1755 725 1779 et
741 1751 905 1779 innocentia
926 1751 1056 1785 emit-uin
1078 1768 1115 1773 —
1139 1752 1163 1780 7.

454 1793 605 1824 Generalis
619 1794 753 1824 minister
768 1793 889 1823 Ordinis
905 1795 1006 1830 extitit,
1022 1811 1060 1816 —
1076 1796 1102 1824 8.
1113 1794 1164 1824 Or-

453 1839 544 1878 diniq.
561 1844 590 1868 et
608 1838 746 1869 fratribus
767 1839 892 1868 maximo
911 1840 1080 1869 adiumento
1100 1841 1164 1873 sint:

453 1900 490 1906 —
512 1884 539 1914 9.
557 1884 720 1914 cardinatis
739 1890 766 1913 et
789 1884 894 1913 deinde
913 1884 1001 1922 episc.
1021 1885 1162 1915 Albanen.

453 1938 467 1957 a
487 1927 605 1967 Gregor.
633 1928 653 1957 X
671 1933 787 1958 creatus
810 1928 874 1963 suit,
895 1945 933 1950 —
969 1929 1011 1957 to.
1034 1928 1162 1959 Concilio

454 1972 644 2011 Lugdunensi
668 1972 795 2012 praefuit
817 1977 843 2002 et
863 1973 1030 2011 praefulsit,
1056 1989 1094 1995 —
1118 1974 1162 2003 tt.

452 2016 485 2046 Et
507 2026 600 2056 usque
619 2017 655 2047 ad
675 2017 810 2046 ultimum
835 2017 908 2046 vitae
928 2017 1064 2055 spiritum
1090 2018 1162 2047 mul-

453 2062 489 2091 tis
507 2060 1090 2098 virtutibusllorui13—1⁹2.l‘ostobitum
1109 2063 1162 2091 mi-

453 2106 561 2135 raculis
590 2105 704 2135 claruit.
727 2122 766 2127 -—-
790 2105 833 2135 13.
860 2104 1020 2144 lmperator
1046 2116 1113 2144 ergo
1137 2111 1161 2135 et

452 2151 501 2180 alii
525 2151 601 2190 apud
633 2151 710 2180 liunc
739 2150 821 2179 Pont.
847 2158 897 2187 pro
921 2150 1015 2188 ipsius
1042 2151 1163 2179 cainoni-

452 2196 564 2225 zatione
583 2195 763 2224 institerunt.
778 2211 816 2216 -
836 2194 882 2223 tt.
898 2193 949 2224 Hie
970 2193 1050 2224 l'ont.
1067 2195 1161 2224 dicta«¹

452 2240 613 2278 Religionis
631 2240 659 2270 S.
678 2239 826 2269 Francisci
845 2239 994 2279 professor
1005 2240 1073 2275 suit3
1087 2240 1161 2273 ideo„

453 2294 488 2313 ne
512 2286 608 2324 potius
631 2285 785 2315 allectione
808 2294 895 2324 quam
923 2284 1022 2314 debito
1055 2285 1088 2314 ad
1113 2295 1162 2313 ea-

453 2330 666 2359 nonizationem
697 2334 793 2359 motus
814 2330 959 2363 videatur,
989 2338 1159 2368 processum

453 2373 547 2403 tribus
575 2374 777 2404 cardinalibus
801 2374 957 2404 commisit.
978 2390 1017 2395 —
1036 2374 1082 2403 15.
1109 2374 1161 2402 Ρω-

452 2423 512 2448 stea
528 2419 659 2449 reiterari
680 2419 774 2449 iussit.
789 2419 888 2448 -16,
905 2417 1074 2448 Cardinales
1092 2428 1159 2448 suc-

452 2464 564 2493 cessive
577 2468 673 2494 votum
696 2473 746 2501 pro
763 2464 984 2494 canonizatione
1006 2463 1159 2493 dederunt.

452 2524 489 2529 —
509 2509 553 2537 Γι.
576 2508 608 2537 ln
627 2509 804 2538 consistorio
821 2508 939 2548 publico
962 2508 1109 2537 orationes
1132 2514 1159 2538 rt

453 2553 561 2582 ieiunia
580 2553 615 2582 ad
639 2552 692 2581 lioc
713 2552 825 2581 indixit.
850 2569 888 2574 —
910 2553 952 2581 ta.
976 2551 1099 2581 l¹raelati
1123 2553 1157 2581 ad

453 2597 527 2625 idem
552 2606 602 2635 per
622 2597 788 2626 Pontificem
809 2597 976 2635 cougregati
1000 2606 1050 2635 pru
1072 2607 1158 2625 cano-

453 2643 596 2672 nizatione
614 2646 754 2672 vetarunt.
771 2658 809 2664 —
825 2643 867 2672 to.
887 2641 937 2672 llic
954 2642 1059 2672 deinde
1076 2641 1157 2671 l’ont.

1023 241 1208 265 natantum
1239 244 1397 266 ttOMANt'M

1261 298 1490 328 canonizationis
1503 298 1580 328 diem
1594 298 1764 337 praestinxit,
1781 298 1809 327 in
1827 307 1893 337 qua,
1909 307 1970 328 ont-

1257 342 1345 371 nibus
1369 342 1498 380 legitime
1523 342 1661 382 perat-tm,
1679 342 1762 372 illum
1779 342 1969 379 canonizavit,

1255 392 1282 416 et
1314 387 1358 417 ss.
1386 388 1591 417 consessorum
1619 387 1789 426 pontificum
1814 387 1965 416 doctorum

1254 432 1407 470 cathalogo
1427 432 1595 471 adscripsit,
1607 448 1644 454 —
1656 432 1705 462 ·20.
1720 432 1898 471 Festumque
1915 441 1966 471 pro

1254 476 1271 505 ἶ.)
1294 477 1436 506 dominica
1463 477 1572 506 mensis
1596 476 1660 506 iulii
1684 476 1819 506 instituit.
1845 493 1885 498 —
1917 476 1963 505 21.

1252 520 1385 550 Uilleium
1421 521 1527 560 duplex
1555 521 1657 551 Ordini
1685 520 1713 550 S.
1736 520 1965 550 Franciseicon-

1253 565 1339 594 eedit.
1364 583 1400 588 —
1431 566 1478 595 22.
1504 566 1700 604 Sepulchrum
1730 565 1773 595 rel
1807 566 1962 595 eeclesiam

1253 618 1336 639 suam
1357 610 1544 640 visitantibus
1564 611 1675 648 indulg.
1695 610 1842 649 elargitur.
1861 628 1899 633 —
1915 612 1963 641 ⁹23.

1252 653 1452 693 Indulgentias
1473 654 1608 684 concedit
1625 654 1769 684 ecclesiae
1790 655 1962 685 Sanctorum

1251 698 1461 735 Apostolorum
1482 700 1516 729 de
1537 698 1622 734 Urbe,
1642 699 1811 738 indultaque
1831 700 1962 738 patribus

1251 741 1412 773 Minoribus
1427 745 1455 773 in
1472 742 1664 773 Universitate
1682 742 1839 774 parisiensi
1858 753 1963 774 conce-

1251 787 1301 823 dit,
1318 788 1426 827 quibus
1447 788 1555 818 ibidem
1580 789 1731 826 potiuntur
1750 788 1853 818 fratres
1875 788 1963 819 Prae-

1251 832 1407 864 dicatores.
1424 851 1461 855 —
1477 834 1524 863 at.
1544 834 1681 863 llortatur
1697 842 1800 862 omnes
1817 834 1851 863 ad
1871 843 1961 863 oran-

1252 877 1320 907 dum
1336 878 1364 908 S.
1377 877 1609 908 Bonareuturam
1629 887 1680 917 pro
1699 878 1871 908 exaltatione
1884 877 1913 908 S.
1926 877 1960 908 R.

1251 920 1413 952 Ecclesiae.
1436 940 1473 944 —
1495 923 1543 953 ⁹25.
1566 922 1771 963 Transumptis
1795 923 1880 953 tidem
1899 923 1962 953 dari

1251 967 1402 1006 praecipit.

1265 1039 1363 1068 stxtus
1381 1041 1522 1076 episcopus
1555 1047 1653 1069 servus
1677 1047 1817 1070 servorum
1839 1040 1896 1074 Dei,

1345 1089 1378 1117 ad
1410 1090 1570 1126 perpetuam
1595 1090 1636 1119 rei
1657 1091 1825 1119 memoriam.

1258 1158 1401 1205 Superua
1417 1159 1563 1193 coelestis
1587 1159 1694 1205 patria,
1716 1159 1826 1194 civitas
1840 1158 1956 1194 Hieru-

1209 1207 1319 1247 salem,
1341 1209 1431 1242 cuius
1447 1208 1643 1255 participatio
1662 1209 1731 1243 eius
1753 1209 1780 1243 in
1806 1208 1955 1256 idipsum,

1209 1257 1248 1291 ita
1266 1258 1406 1292 omnium
1423 1258 1595 1293 electorum
1618 1259 1790 1294 salvatione
1813 1259 1956 1300 laetatur,

1210 1316 1241 1340 ut
1269 1320 1405 1353 quorum
1436 1308 1659 1354 praestantiora
1673 1316 1746 1342 sunt
1770 1308 1892 1352 merita,
1907 1320 1957 1343 eo-

1209 1357 1342 1402 piosiora
1378 1357 1470 1392 etiam
1511 1366 1615 1391 sumat
1651 1358 1762 1404 gaudia
1793 1357 1955 1404 praemio-

1209 1419 1288 1440 rum.
1311 1406 1403 1448 Quod
1429 1407 1458 1441 iu
1472 1419 1602 1441 excessu
1620 1408 1732 1442 mentis
1746 1419 1821 1442 suae
1836 1407 1956 1454 positus

1207 1455 1302 1490 lsaias
1330 1457 1479 1503 propbeta
1506 1457 1643 1491 sensisse
1667 1457 1798 1500 videtur,
1817 1468 1889 1491 cum
1905 1456 1956 1491 di-

1207 1514 1306 1539 ceret:
1321 1507 1441 1540 lia-utta
1454 1515 1479 1540 et
1493 1508 1600 1545 lauda,
1615 1507 1764 1540 habitatio
1776 1507 1866 1544 Sion,
1881 1508 1955 1552 quia

1206 1567 1336 1600 magnus
1369 1557 1401 1589 Διἰι
1436 1558 1533 1590 medio
1560 1557 1606 1589 tui
1636 1564 1767 1589 sanctus.
1804 1555 1954 1590 Exultent

1207 1604 1301 1650 igitur
1327 1605 1467 1639 omnium
1495 1606 1676 1650 angelorum
1705 1605 1804 1645 chori,
1826 1605 1892 1652 qui,
1915 1605 1954 1640 de

1208 1667 1374 1689 vacuarum
1398 1655 1519 1689 sedium
1537 1654 1727 1689 habitatione
1750 1655 1876 1699 soliciti,
1899 1667 1954 1690 co-

1207 1713 1320 1739 nantur
1342 1704 1380 1738 de
1408 1705 1521 1739 virtute
1550 1705 1579 1738 iu
1609 1705 1766 1747 virtutem,
1789 1704 1825 1739 ad
1849 1705 1953 1739 beatas

1208 1753 1274 1788 illas
1301 1754 1505 1794 mansiones,
1542 1753 1625 1788 uude
1652 1754 1780 1801 superbi
1809 1763 1951 1793 ruerunt,

1205 1803 1334 1850 spiritus
1349 1804 1523 1838 bumilitate
1539 1806 1583 1847 (l)
1599 1803 1781 1849 perducere.
1803 1803 1952 1838 Exultent

1205 1866 1331 1900 quoque
1345 1866 1455 1888 ornnes
1465 1853 1585 1887 animae
1600 1854 1751 1887 iustorum
1766 1853 1821 1900 qui
1833 1852 1950 1888 Christi

1206 1903 1332 1948 vestigia
1356 1912 1429 1937 sunt
1450 1904 1600 1949 sequuti,
1628 1910 1723 1950 atque
1757 1914 1867 1937 omues
1890 1911 1950 1937 tam

1206 1953 1317 1986 veteris
1331 1964 1423 1999 quam
1440 1953 1510 1986 nori
1527 1952 1718 1987 Testamenti
1736 1952 1842 1987 lideles
1859 1952 1951 1987 amici

1204 2000 1277 2046 Dei,
1293 2002 1360 2049 qui,
1377 2003 1566 2048 contemptis
1589 2002 1680 2036 liuius
1701 2001 1814 2036 saeculi
1839 2003 1953 2036 vanita-

1205 2051 1299 2094 tibus,
1313 2051 1490 2086 concivium
1503 2052 1727 2086 numerositate
1739 2051 1950 2097 congaudent.

1204 2099 1326 2135 Exultet
1362 2102 1484 2136 eoelum
1521 2101 1687 2146 laudibus,
1715 2101 1842 2136 resultet
1870 2110 1948 2136 terra

1203 2151 1337 2197 gaudiis.
1349 2164 1484 2198 quorum
1496 2153 1727 2195 (2)sa110101·u111
1742 2150 1850 2194 editio,
1865 2150 1951 2185 laeti-

1204 2200 1276 2234 tiam
1298 2201 1389 2235 ltabet
1413 2201 1630 2248 plurimorum.
1655 2200 1745 2235 Unde
1764 2200 1847 2235 enim
1876 2200 1946 2234 fidei

1204 2250 1302 2295 pietas
1316 2251 1409 2296 exigit
1433 2259 1477 2294 ut,
1493 2251 1576 2297 quod
1597 2262 1651 2296 pro
1663 2250 1762 2284 salute
1778 2249 1947 2284 multorum

1201 2302 1331 2345 geritur,
1358 2300 1583 2335 communibus
1600 2299 1715 2347 ubique
1730 2300 1853 2345 gaudiis
1871 2299 1946 2334 eete-

1203 2349 1318 2384 bretur.
1339 2350 1511 2396 Praecipue
1533 2362 1605 2384 vero
1618 2349 1739 2384 exultet
1763 2348 1945 2396 pontificum

1201 2409 1309 2435 coetus
1323 2400 1484 2434 beatorum
1501 2408 1530 2434 et
1545 2411 1632 2434 saera
1647 2399 1810 2434 doctorum
1825 2399 1947 2441 concio,

1201 2450 1253 2496 qui
1283 2450 1402 2496 fulgent
1439 2450 1468 2483 in
1492 2450 1578 2484 caelo
1601 2457 1760 2496 tamquam
1783 2450 1890 2484 stellae
1914 2449 1944 2482 iu

1203 2509 1368 2546 perpetuas
1383 2499 1593 2541 aeternitates,
1617 2511 1696 2545 quos
1714 2499 1806 2541 inter,
1819 2507 1946 2533 sauctus

1202 2548 1431 2593 Bouaveutura,
1454 2558 1609 2595 tamquam
1634 2560 1748 2583 novum
1767 2547 1880 2596 sydus,
1907 2560 1944 2582 ex

1234 2606 1272 2641 (l)
1294 2606 1370 2633 Forte
1387 2606 1434 2640 leg.
1464 2607 1573 2631 humiles
1599 2605 1654 2632 loeo
1670 2607 1819 2631 lntmititate
1834 2604 1872 2638 (n.
1893 2605 1943 2640 τ.).

1234 2648 1272 2681 (²)
1294 2647 1321 2673 l⁴'.
1340 2647 1387 2681 leg.
1405 2649 1530 2679 quonium
1547 2646 1603 2673 loco
1623 2654 1739 2679 quorum
1755 2646 1793 2681 (n.
1807 2646 1855 2681 ·r.).

1987 244 2034 271 An.
2054 246 2081 272 C.

1997 1184 2126 1205 l'rominium.

2101 247 2165 273 nisa

2271 616 2273 621 v
2264 513 2275 577 ’-ορ
2261 402 2276 487 ο-’ψᾷζ
2268 390 2269 393 Α
