2281 3251
130 272 179 300 An.
197 272 227 300 C.
246 273 313 300 ¹¹⁴59

943 268 1102 293 EUGENtus
1124 269 1158 292 lv
1180 269 1230 292 PP.

328 329 379 364 nis
405 327 546 374 vigesimi
575 326 727 369 secundi,
760 324 934 361 Clementis
971 324 1076 364 tertii,

327 377 497 413 Alexandri
520 377 622 424 quarti
660 384 690 411 et
715 374 880 410 Benedicti
905 373 1077 418 undecimi,

329 426 605 475 praedecessorum
641 433 831 463 nostrorum,
860 423 996 469 vestigiis
1030 424 1079 457 in-

328 477 515 519 haerentes,
561 474 744 510 earumdem
783 473 1008 507 abbatissarum
1049 481 1078 507 et

327 534 552 568 conventuum,
573 536 693 559 necnon
717 522 821 557 dilecti
842 522 895 556 filii
915 521 1076 557 Guillelmi

327 575 366 609 ‹le
388 575 503 618 Casali,
525 574 669 609 eiusdem
695 572 821 607 fratrum
839 572 995 606 Minorum
1023 572 1078 605 Or·

327 624 412 659 dinis
439 623 595 670 generalis
626 621 782 659 ministri,
808 633 914 656 sacrae
949 621 1079 666 paginae

329 674 526 720 professoris,
565 671 656 706 nobis
690 683 787 717 snper
823 670 881 705 boc
917 670 1080 704 luuniliter

327 722 545 770 supplicantis,
569 722 598 756 in
615 721 671 755 hac
689 730 774 768 parte
797 719 1079 766 supplicationibus

328 772 489 810 inclinati,
525 780 560 805 ut
599 771 628 804 in
657 770 776 804 eisdem
812 769 1011 804 monasteriis
1042 780 1080 802 eo

327 821 471 855 devotius
493 820 607 855 divinis
628 819 776 854 laudibus
801 818 992 855 intendatur.
1016 829 1079 864 qno
1099 857 1102 866 Ι

329 882 481 918 personae
504 870 609 904 inillis
627 878 769 903 vacantes
792 868 898 902 studio
915 867 983 914 piae
1000 868 1079 900 vitae

329 920 439 967 potiori
458 919 571 954 fuerint
586 918 795 953 immunitatis
812 916 974 964 privilegio
990 928 1079 950 com-

329 969 479 1012 munitae,
503 968 688 1007 abbatissas,
711 976 896 1010 conventus,
916 965 1078 1008 moniales,

329 1019 517 1053 monasteria
557 1027 649 1064 atque
687 1017 751 1051 loca
788 1014 968 1050 huiusmodi
1006 1026 1077 1048 cum

329 1068 477 1103 omnibns
501 1067 624 1101 iuribus
647 1074 676 1100 et
700 1064 897 1113 pertinentiis
931 1076 965 1098 ac
989 1063 1079 1098 bonis

328 1117 511 1152 eorumdem
535 1116 704 1151 mobilibus
727 1124 757 1149 et
777 1113 991 1148 immobilibus
1012 1113 1080 1159 qni-

329 1167 538 1212 busrumqne,
566 1174 626 1199 tam
652 1164 881 1211 praesentibus,
905 1174 1000 1209 qnam
1029 1162 1079 1196 fu-

329 1216 430 1254 turis,
457 1216 496 1249 ab
528 1214 612 1248 omni
641 1213 883 1252 iurisdictione,
911 1212 1078 1251 dominio,

329 1272 480 1312 potestate
507 1274 784 1311 quorumcumque
807 1262 1000 1308 legatorum,
1025 1273 1079 1307 pa-

328 1312 533 1348 triarcharum
551 1339 559 1354 ,
587 1312 900 1359 archiepiscoporum
917 1339 924 1349 ,
954 1311 1079 1357 episco-

329 1375 440 1410 porum
463 1389 470 1399 ,
511 1362 699 1397 nunciorum
744 1369 774 1396 et
814 1361 947 1395 aliorum
991 1366 1080 1406 quo—

328 1424 540 1459 rumcumque
586 1411 816 1446 ordinariorum
853 1409 1018 1448 iudicum,
1041 1409 1078 1442 ad

328 1463 425 1496 instar
453 1461 662 1508 praefatorum
690 1460 880 1494 Pontificum
904 1470 1081 1492 concesso—

328 1523 396 1545 rum
426 1510 674 1558 privilegiorum,
702 1522 781 1557 quae
809 1509 862 1543 hic
895 1507 1000 1542 baberi
1025 1519 1080 1541 vo-

328 1561 432 1595 lumus
451 1572 507 1607 pro
528 1559 722 1594 sufficienter
747 1557 918 1606 expressis,
939 1557 1080 1592 auetori-

327 1617 388 1645 tate
416 1608 601 1656 apostolica,
624 1622 661 1644 ex
689 1617 771 1644 certa
799 1607 942 1650 scientia,
972 1614 1080 1641 tenore

327 1660 556 1708 praesentium,
572 1671 701 1706 prorsus
716 1658 884 1692 eximimus
909 1664 938 1690 et
960 1668 1079 1703 perpe-

327 1718 380 1744 tuo
403 1708 587 1751 liberamus,
609 1721 644 1742 ac
667 1707 727 1741 snb
750 1707 785 1741 B.
822 1706 906 1741 Petri
934 1714 962 1740 et
986 1705 1080 1740 Sedis

327 1758 526 1806 Apostolicae
555 1757 748 1804 protectione
771 1755 966 1803 suscipimus
988 1764 1081 1802 atque

325 1815 429 1842 nostra
445 1835 454 1851 ,
491 1807 605 1854 illaque
644 1806 737 1840 nohis
771 1814 800 1840 et
843 1804 1082 1839 successoribus

326 1857 440 1892 nostris
462 1856 616 1891 Romanis
632 1854 846 1890 Pontificibus
868 1854 1021 1889 canonice
1037 1854 1081 1888 in-

326 1906 503 1949 trantibus,
539 1914 569 1940 et
596 1906 696 1940 dictae
724 1904 799 1940 Sedi
829 1904 991 1938 dumtaxat
1014 1904 1082 1938 im-

309 1955 462 1991 ·mediate
487 1955 634 1990 volumus
657 1954 831 1989 subiacere.
861 1953 904 1988 lta
927 1953 1012 2000 quod
1037 1953 1082 1988 le-

326 2006 388 2053 gati
423 2014 452 2039 et
482 2005 589 2039 nuncii
624 2004 728 2039 dictae
762 2003 855 2039 Sedis
886 2015 922 2038 ac
960 2003 1081 2038 iudices

328 2054 469 2103 praefati,
497 2062 550 2088 aut
571 2053 628 2088 alia
652 2054 784 2101 quaevis
806 2064 952 2100 persona,
975 2065 1084 2088 saecu-

329 2109 401 2144 laris
423 2108 469 2143 vel
493 2107 658 2155 regularis,
678 2107 894 2143 ecclesiastica
918 2108 964 2142 vel
990 2120 1082 2142 mun-

328 2163 422 2206 dana,
440 2174 641 2210 quacumque
664 2161 781 2209 fulgeat
798 2161 964 2208 dignitate,
982 2161 1084 2196 nullas

329 2217 360 2252 in
388 2216 575 2257 abbatissas,
609 2225 796 2258 conventus,
823 2215 988 2257 moniales,
1012 2228 1084 2251 mo-

330 2271 465 2307 nasteria
485 2298 492 2311 ,
529 2270 594 2305 sive
632 2271 700 2305 loca
735 2270 942 2314 huiusmodi,
976 2279 1085 2317 utpote

332 2339 460 2374 prorsus
489 2332 647 2372 exempta,
676 2325 797 2370 possint
824 2324 1086 2358 excommnnica-

332 2380 428 2415 tionis
442 2380 489 2415 vel
509 2379 666 2414 interdicti
686 2378 858 2414 sententias
874 2379 1085 2425 promulgare,

332 2434 378 2469 vel
406 2433 654 2469 iurisdictionem
673 2461 681 2474 ,
708 2433 884 2468 dominium
911 2440 964 2467 aut
997 2441 1086 2479 pote-

308 2497 310 2499 ·
332 2496 443 2523 statem
471 2488 607 2535 aliquam
631 2499 802 2528 exercere,
827 2487 944 2521 ratione
967 2485 1086 2530 delicti,

333 2549 515 2576 contractus
535 2550 589 2576 aut
616 2541 659 2577 rei
685 2541 724 2575 de
745 2553 805 2588 qna
833 2548 994 2586 ageretur,
1023 2540 1089 2575 ubi-

334 2606 473 2641 cumque
505 2595 720 2630 committatur
756 2594 933 2638 delictum,
966 2595 1089 2629 ineatur

336 2655 529 2689 contractus,
547 2656 600 2683 aut
622 2660 672 2683 res
694 2648 760 2696 ipsa
783 2648 944 2684 consistat.

1772 259 1818 291 43

1166 325 1186 372 S
1208 326 1240 359 3.
1278 323 1431 366 Quinimo
1457 322 1656 362 abbatissas,
1695 332 1869 358 conventus

1118 382 1147 409 et
1175 373 1327 408 moniales
1349 373 1474 407 easdem
1511 384 1583 407 cum
1607 385 1714 406 earum
1751 386 1870 408 mona—

1118 423 1220 457 steriis
1236 431 1328 471 atque
1351 422 1426 458 locis
1444 430 1597 468 pei-petuo
1620 431 1783 468 exemptas
1801 435 1869 457 csse

1120 473 1266 507 volumus
1284 499 1292 510 ,
1332 472 1491 505 immunes
1518 479 1548 505 et
1581 470 1696 504 liberas
1716 471 1756 505 ab
1783 473 1868 506 ouini

1119 523 1313 557 decimarum
1330 548 1338 565 ,
1377 520 1590 555 subsidiorum
1608 547 1616 561 ,
1651 519 1845 565 gabellarum
1864 550 1870 559 ,

1121 571 1339 618 pedagiorum,
1366 569 1524 604 fructuum
1553 578 1583 603 et
1609 568 1742 603 aliorum
1767 569 1872 603 liuius-

1120 621 1203 654 modi
1219 620 1389 660 solutione,
1402 618 1646 658 contributione,
1666 620 1872 664 responsione

1119 678 1149 703 et
1168 670 1236 703 aliis
1253 669 1522 715 quibuscumque,
1544 667 1593 701 fel.
1610 679 1671 701 rec.
1696 667 1870 702 Innocentii

1121 718 1224 764 Papae
1249 719 1300 760 lV,
1329 717 1580 765 praedecessoris
1609 717 1728 754 nostri,
1750 726 1781 750 et
1803 717 1872 751 aliis

1119 767 1316 814 quibuslibet
1338 766 1618 802 constitutionibus
1636 773 1667 799 et
1690 766 1871 812 privilegiis,

1121 817 1327 863 indulgentiis
1360 824 1390 850 ct
1418 816 1515 850 literis
1536 815 1719 862 apostolicis
1746 817 1872 861 specia-

1120 866 1203 900 libus
1226 874 1254 899 et
1278 865 1502 911 generalibus,
1538 865 1678 899 locorum
1703 865 1872 899 ordinariis

1122 915 1168 950 vel
1192 915 1260 949 aliis
1282 915 1550 962 quibuscumque,
1578 922 1607 948 et
1640 915 1751 960 quovis
1779 915 1871 948 modo

1120 965 1279 999 concessis
1308 972 1336 998 et
1376 965 1405 998 in
1441 972 1599 1009 posterum
1636 963 1849 998 concedendis
1864 992 1871 1003 ,

1121 1026 1242 1049 necnon
1259 1014 1395 1053 statutis,
1418 1012 1705 1047 consuetudinibus
1732 1021 1762 1047 et
1784 1013 1873 1048 ordi-

1121 1063 1301 1098 nationibus
1320 1063 1598 1102 monasteriorum,
1615 1062 1755 1097 locorum
1772 1062 1873 1097 etOr-

1119 1113 1228 1147 dinnm
1267 1113 1513 1159 praedictorum,
1540 1123 1577 1146 ac
1604 1111 1872 1157 obligationibus,

1122 1162 1388 1208 promissionibus
1415 1170 1443 1196 et
1481 1160 1695 1195 solutionibus
1723 1173 1778 1208 per
1804 1173 1874 1195 eas-

1119 1211 1189 1245 dem
1217 1211 1415 1251 abbatissas,
1449 1219 1625 1244 conventus
1663 1217 1693 1243 et
1723 1211 1874 1244 moniales

1120 1261 1273 1295 hactenus
1295 1260 1398 1295 forsan
1427 1260 1518 1294 factis
1533 1286 1542 1304 ,
1568 1259 1732 1293 contrariis
1748 1286 1755 1298 ,
1790 1260 1875 1293 iura-

1121 1318 1238 1350 mento,
1261 1309 1499 1344 confirmatione
1526 1307 1708 1354 apostolica,
1732 1309 1778 1342 vel
1801 1320 1876 1355 qua-

1119 1371 1257 1406 cumque
1281 1359 1426 1393 firmitate
1453 1359 1511 1393 alia
1543 1358 1695 1392 roboratis
1724 1369 1785 1391 non
1815 1357 1874 1392 ob-

1121 1408 1289 1443 stantibus.

1168 1458 1189 1506 ἓ
1214 1460 1247 1492 4.
1276 1457 1462 1492 Mandantes
1497 1456 1647 1490 omnibus
1681 1463 1711 1490 et
1737 1455 1874 1501 singulis

1120 1508 1242 1554 legatis,
1267 1507 1470 1554 patriarchis,
1505 1505 1775 1552 archiepiscopis,
1806 1505 1874 1551 epi-

1120 1558 1236 1603 scopis,
1263 1556 1441 1595 ordinariis,
1463 1555 1637 1590 rectoribus
1659 1564 1688 1590 et
1715 1555 1785 1589 aliis
1817 1567 1873 1589 su-

1121 1607 1282 1654 pradietis,
1304 1606 1443 1640 cuiusvis
1467 1605 1600 1645 ordinis,
1622 1604 1753 1651 gradus,
1774 1612 1874 1639 status

1120 1666 1149 1691 et
1176 1655 1368 1690 conditionis
1395 1655 1541 1695 existant,
1577 1654 1698 1689 etiamsi
1727 1654 1875 1688 cardina-

1121 1706 1202 1740 latus
1222 1705 1437 1753 praefulgeant
1452 1704 1616 1751 dignitate,
1632 1716 1670 1738 ne
1688 1703 1810 1738 abbatis
1829 1716 1874 1742 as,

1121 1762 1309 1795 conventus,
1333 1756 1520 1789 monasteria
1544 1761 1574 1788 et
1602 1754 1668 1788 loca
1692 1753 1874 1788 huiusmodi

1121 1817 1216 1851 super
1253 1804 1435 1851 praemissis
1462 1812 1492 1837 et
1520 1804 1601 1838 cirea
1638 1815 1673 1838 ea
1705 1804 1874 1850 impetant,

1121 1862 1174 1889 aut
1197 1853 1438 1901 quomodolibet
1462 1854 1639 1892 molestent,
1657 1853 1799 1900 quinimo
1820 1865 1875 1887 nec

1121 1904 1225 1938 sinaut
1254 1904 1292 1938 ab
1320 1903 1408 1947 aliis,
1445 1912 1598 1950 quantum
1637 1903 1666 1936 iu
1706 1903 1752 1937 eis
1773 1902 1875 1942 fuerit,

1122 1952 1362 2001 quomodolibet
1387 1953 1557 1990 molestari.
1576 1953 1670 1987 etiam
1695 1964 1750 1999 per
1772 1952 1876 1986 literas

1122 2003 1312 2050 apostolicas
1338 2002 1396 2037 sub
1420 2003 1530 2050 quavis
1553 2002 1650 2036 forma
1675 2001 1720 2035 rel
1742 2013 1875 2048 expres-

1123 2053 1210 2087 sione
1226 2052 1393 2087 verborum
1409 2052 1579 2089 confectas„
1592 2064 1647 2086 seu
1664 2050 1876 2085 conficiendas

1124 2103 1153 2137 in
1180 2111 1337 2149 posterum
1353 2129 1361 2143 ,
1383 2111 1412 2137 et
1444 2102 1565 2137 etiamsi
1589 2101 1697 2135 literae
1720 2100 1807 2146 ipsae
1838 2099 1877 2134 (le

1124 2152 1241 2187 eisdem
1265 2152 1476 2194 monasteriis,
1498 2150 1676 2187 abbatissis.
1701 2150 1876 2196 prior-issis,

1125 2201 1357 2243 conventibus,
1385 2200 1559 2236 Ordinibus
1592 2208 1621 2234 et
1654 2199 1819 2245 Religione
1842 2211 1878 2232 ac

1126 2251 1299 2298 privilegiis
1325 2259 1356 2285 et
1372 2251 1501 2285 indultis
1525 2251 1676 2297 ipsarum,
1696 2257 1727 2283 et
1749 2248 1788 2282 de
1806 2261 1877 2293 pre-

1125 2301 1205 2335 senti
1230 2300 1351 2335 indulto
1376 2300 1499 2347 plenam
1522 2309 1552 2333 et
1584 2311 1765 2346 expressam
1795 2297 1878 2331 faee-

1128 2359 1195 2385 rent
1223 2350 1438 2389 mentionem,
1477 2362 1513 2384 ac
1532 2349 1665 2387 etiamsi,
1699 2349 1729 2382 in
1758 2347 1876 2381 eisdem

1127 2399 1224 2434 literis
1246 2400 1407 2434 concessis
1422 2408 1451 2433 et
1474 2397 1698 2437 concedendis,
1721 2397 1878 2431 clausulae

1129 2449 1359 2495 infrascriptae,
1389 2448 1532 2483 videlicet
1554 2447 1639 2495 qnod
1668 2458 1777 2481 omnes
1805 2457 1878 2492 per-

1127 2511 1223 2533 sonae
1239 2498 1481 2537 ecclesiasticae,
1500 2497 1676 2531 saeculares
1697 2505 1726 2530 et
1749 2494 1878 2540 rebgio-

1127 2561 1192 2591 sae,
1215 2556 1381 2594 exemptae
1402 2555 1433 2582 et
1457 2559 1517 2581 non
1536 2555 1709 2592 exemptae,
1731 2543 1768 2578 ad
1793 2556 1878 2590 prae-

1128 2598 1295 2633 stationem
1332 2609 1387 2631 seu
1429 2595 1617 2631 solutionem
1659 2593 1851 2627 decimarum
1869 2620 1877 2631 ,

1129 2647 1345 2690 collectarum,
1360 2645 1533 2685 tallearum,
1552 2643 1786 2686 subsidiorum,
1810 2654 1879 2689 pro·

1886 271 1935 297 An.
1950 270 1977 296 (ἶ.
2000 271 2065 297 1439

1897 335 1920 356 Ει
1949 338 2012 357 etiam
2042 337 2066 357 ab

1884 370 1938 388 omni
1979 370 2066 394 prolui.»

1885 403 1903 418 et
1926 402 2067 420 enutrit-uum

1886 436 1910 450 n„

1897 1467 1926 1488 De
1937 1468 2071 1488 observantia

1888 1499 1976 1520 huiusce
1994 1500 2073 1519 consti-

1889 1530 1983 1551 tutionis,
