2281 3251
102 262 150 288 An.

168 262 198 288 C.
218 262 283 288 ¹507

101 1850 226 1876 amitasque
235 1855 275 1868 nm-

93 1886 131 1901 nes

94 1912 144 1932 licui

94 1943 110 1962 §i
134 1948 158 1961 co

92 1972 223 1992 cont-oduntt.
244 1972 276 1992 ei-
292 1992 298 1997 ,

92 2004 138 2023 ‹lem

92 2034 143 2053 linui

93 2065 152 2084 brusa

157 1885 277 1905 congrega·

160 1910 276 1930 cassinen-

162 1947 231 1961 uccss.
255 1944 277 1961 et

158 2007 277 2026 congreca-

155 2032 219 2052 Yallis
229 2031 277 2052 Um-

156 2069 166 2083 c
182 2069 276 2084 commu-

93 2095 156 2114 nient:

955 259 1060 281 lllLll‘S
1084 261 1104 281 Η
1131 261 1174 280 ΙἸ“.

1723 246 1791 277 »ἰῖᾷῖ

301 314 473 351 modolibet
500 313 638 349 innodati
663 312 812 357 existunt,
841 313 876 348 ad
901 313 1048 348 ellectum
1091 314 1126 347 lis
1152 314 1176 347 U
1182 313 1323 347 mbr-osae
1348 311 1528 345 buiusmotli
1548 310 1619 365 illis,
1638 310 1758 357 absque
1781 310 1840 344 ult·

299 365 459 400 dumtaxat
475 363 686 411 praesentium
703 363 976 410 consequendum,
992 363 1050 397 ha-

299 426 366 449 rum
377 413 457 448 serie
470 413 669 448 absolventes
683 420 713 447 et
725 412 885 447 absolutos
902 413 965 447 fore
981 424 1048 447 ceu-

297 471 412 503 sentes;
436 474 556 497 necnon
587 462 834 508 privilegiorum,
856 461 1047 501 libertatum

298 512 532 546 immunitatum
546 519 575 546 et
590 511 866 556 indultorum,tam
881 524 935 558 per
948 511 1048 545 dictos

296 561 572 608 praedecessores,
595 573 689 608 quam
714 560 934 607 imperatores,
959 572 1049 606 rogos

296 620 326 646 et
354 610 431 644 alios
453 610 614 657 principes
636 609 812 644 saeculares
834 622 870 644 ac
897 610 1048 656 praelatos

295 671 516 706 quoscumque
531 659 650 693 eisdem
667 658 842 693 Ordinibus
860 667 889 692 et
908 671 1048 705 congre-

295 708 488 754 gationibus,
514 720 549 743 ac
579 708 702 743 illorum
720 708 928 752 monasteriis,
952 709 1046 747 locis,

297 758 387 793 bonis
400 765 431 793 et
443 759 589 804 personis
605 769 826 792 concessorum
843 764 977 797 tenores,
992 758 1046 804 qui

297 807 584 854 praesentibusnon
600 815 673 841 suut
686 807 806 850 inserti,
818 807 887 841 acsi
904 806 942 841 tle
955 807 1047 841 verbo

295 856 333 891 ad
357 857 485 892 verbum
510 857 723 891 insererentur
738 856 855 890 eisdem
874 857 1046 901 praeseuti-

296 906 366 950 bus,
381 918 437 953 pro
456 906 614 952 expressis
631 905 793 949 babentes,
808 906 980 951 privilegia,
997 905 1046 938 in-

295 955 400 999 dulta,
426 956 638 990 imt'nunitates
668 963 698 989 et
733 955 889 989 libertates
917 954 1046 988 Ordinis

294 1017 348 1039 seu
385 1005 637 1051 congregationis
660 1003 756 1038 Vallis
790 1003 963 1038 Umbrosae
992 1015 1047 1050 per

296 1054 565 1100 praedecessores,
587 1066 621 1088 ac
648 1061 821 1103 quatenus
823 1052 885 1086 sint
908 1052 991 1087 licita
1016 1061 1044 1087 et

295 1103 437 1144 honesta,
462 1116 516 1150 per
536 1103 752 1150 imperatores,
775 1113 864 1147 reges
884 1109 913 1136 et
928 1101 1046 1148 princi—

295 1164 350 1199 pes
381 1160 411 1187 et
434 1152 587 1199 praelatos
610 1151 787 1207 praedictos
809 1162 982 1191 concessa,
1011 1163 1045 1185 ac

292 1209 384 1248 prout
401 1209 599 1236 concernunt
614 1201 719 1235 onmia
741 1209 771 1234 et
792 1199 960 1246 singulam
975 1178 1045 1234 lite-

291 1251 332 1284 ris
348 1251 545 1297 pontificum,
559 1251 797 1297 imperatorum,
808 1261 915 1295 regum
926 1249 1046 1296 etprin-

291 1299 395 1346 cipum
424 1299 633 1334 saecularium
661 1307 691 1334 et
719 1298 928 1346 praelatorum
954 1310 1046 1345 prae-

291 1348 446 1385 dictorum
470 1349 608 1396 desuper
635 1347 787 1383 confectis
809 1355 967 1389 contenta,
996 1348 1046 1382 in-

291 1410 456 1443 novamus,
478 1398 692 1445 approbamus
711 1405 740 1432 et
756 1397 993 1442 confirmamus,
1009 1409 1044 1432 ac

290 1449 467 1495 praesentis
483 1448 590 1494 scripti
607 1447 780 1495 patrocinio
796 1446 1044 1486 communimus,

291 1497 475 1545 supplentes
502 1509 613 1532 ornnes
631 1506 661 1532 et
683 1496 826 1544 singulos
846 1496 1000 1541 defectus,
1019 1497 1044 1531 si

291 1547 345 1594 qui
367 1547 471 1582 forsan
496 1547 524 1581 in
546 1546 717 1593 privilegiis
746 1558 799 1593 per
826 1547 1043 1593 imperatores,

292 1608 380 1642 reges
402 1605 431 1631 et
453 1596 613 1644 principes
635 1595 813 1631 saeculares
832 1603 862 1630 et
891 1596 1045 1642 praelatos

291 1645 471 1692 praedictos
498 1646 656 1681 concessis
679 1645 915 1689 intervenerint,
931 1645 1045 1691 illaque

290 1696 407 1739 omnia,
423 1695 541 1730 eisdem
559 1695 654 1730 modo
669 1704 698 1730 et
716 1694 827 1735 forma,
843 1694 959 1742 quibus
973 1707 1045 1729 con-

290 1756 376 1780 cessa
396 1754 480 1789 sunt,
503 1745 541 1779 de
565 1757 646 1779 novo
668 1744 882 1779 concedimus.

339 1797 400 1838 §AE
423 1793 554 1829 Necnon
578 1793 683 1829 literas
705 1793 840 1839 Eugenii
860 1801 891 1828 et
903 1793 1043 1828 Alexan-

290 1842 338 1878 dri
362 1843 587 1890 infr-ascriptas,
610 1855 646 1878 ac
660 1843 788 1890 quasvis
803 1843 880 1878 alias
904 1843 1043 1889 ipsorum

291 1905 326 1928 ac
347 1905 625 1940 quorumcumque
652 1893 784 1928 aliorum
818 1892 1045 1940 praedecesso-

291 1954 361 1977 rum
395 1950 576 1978 nostrorum
605 1942 710 1977 literas
738 1942 922 1977 huiusmodi
950 1950 981 1976 et
1012 1942 1043 1975 in

291 1991 352 2026 1ttis
375 1999 534 2033 contenta;
558 2004 682 2027 necnon
707 1992 879 2039 privilegia,
897 1992 1044 2026 immuni-

291 2047 383 2083 tates,
406 2041 618 2088 indulgentias
632 2049 662 2076 et
678 2041 812 2083 indulta,
826 2053 1045 2088 quaecumque

292 2102 322 2130 et
349 2095 592 2142 qualiacumque
612 2095 685 2137 sint,
712 2095 950 2142 congregationi
963 2094 1045 2130 San-

292 2157 360 2184 ctae
381 2149 521 2184 Iustinae
538 2156 569 2183 et
593 2148 678 2183 illius
701 2149 844 2184 monacis
866 2148 1045 2196 praedictis,

292 2211 353 2237 tam
389 2215 446 2250 per
473 2202 575 2237 dictos
605 2215 698 2250 quam
727 2214 946 2250 quoscumque
968 2203 1046 2238 alios

291 2256 456 2292 Romanos
483 2256 654 2291 Pontifices
676 2256 915 2304 quomodolibet
938 2258 968 2291 in
991 2269 1046 2303 ge-

291 2322 366 2346 nere
395 2322 564 2346 concessas
585 2317 616 2345 et
637 2322 797 2353 concessa,
822 2322 857 2345 ac
881 2310 910 2344 in
939 2318 1045 2357 poste-

290 2377 359 2399 rum
384 2363 605 2399 concedendas
628 2372 659 2399 et
681 2363 900 2407 concedenda,
921 2364 960 2398 ad
983 2363 1046 2398 Or-

293 2419 401 2454 dinem
429 2427 460 2454 et
482 2418 761 2465 congregationem
784 2417 880 2452 Vallis
908 2417 1046 2453 Umbro—

292 2484 344 2507 sae
382 2483 418 2506 ac
455 2471 538 2506 illius
565 2472 753 2507 monasteria
794 2479 825 2506 ct
860 2472 1043 2506 monialium

291 2526 358 2560 loca
375 2537 411 2559 ac
433 2536 584 2572 personas
600 2534 629 2560 et
651 2525 732 2560 bona
750 2524 918 2572 praedicta,
937 2525 1044 2560 eadem

291 2578 487 2623 auctoritate,
515 2577 733 2623 extendimus,
759 2591 795 2614 ac
822 2579 990 2613 statuimus
1016 2588 1045 2613 et

291 2631 474 2667 ordinamus
497 2631 581 2679 quod
597 2631 684 2666 Ordo
701 2641 729 2667 et
753 2632 955 2679 congregatio
976 2632 1046 2667 Val-

370 2689 443 2719 Bull.
463 2689 538 2719 Rom.
561 2689 614 2719 tol.
638 2689 666 2718 l'.
889 2690 926 2717 ,38

1091 363 1216 409 penitus
1239 362 1424 405 (lill'etentia,
1442 361 1498 401 uti
1524 360 1615 408 potiri
1638 367 1668 395 et
1690 359 1840 406 gaudere

1089 424 1189 459 caque
1211 412 1316 446 omnia
1339 418 1369 445 ct
1392 411 1514 457 singula
1539 410 1618 444 iuter
1646 409 1732 456 ipsos
1754 421 1841 443 com-

1089 474 1195 496 munia
1224 473 1315 499 csse,
1350 468 1379 494 et
1406 461 1452 494 cis
1478 458 1641 505 suffragari
1670 458 1814 493 debere
1809 472 1838 491 m

1088 510 1238 545 omuibus
1265 518 1295 543 et
1322 522 1378 556 per
1399 509 1517 553 omnia,
1542 508 1671 555 perinde
1694 519 1729 542 ac
1747 508 1772 541 si
1791 507 1838 540 itt..

1088 559 1208 594 cistlem
1225 558 1335 592 Ortliui
1353 566 1382 592 et
1405 557 1640 604 congregationi
1657 556 1754 591 Vallis
1767 555 1841 590 Um

1089 609 1199 643 brosae
1221 608 1434 643 communiter
1461 620 1476 641 a
1507 606 1662 654 principio
1690 617 1837 640 concessi

1089 658 1220 692 fuissent
1244 666 1273 692 et
1301 658 1331 690 iu
1362 657 1501 691 futurum
1528 655 1789 690 concederentur.

1136 707 1156 750 g
1179 710 1210 741 5.
1233 705 1301 740 Non
1321 705 1518 740 obstantibus
1535 704 1703 751 praemissis
1716 717 1752 739 ac
1770 716 1839 738 con-

1087 755 1301 790 stitutionibus
1324 764 1352 790 ct
1375 755 1630 789 ordinationibus
1643 754 1837 801 apostolicis

1088 817 1209 839 necnon
1233 805 1515 850 congregationum
1528 812 1557 838 et
1572 803 1729 838 Ortlinum
1748 815 1839 850 prae-

1087 854 1254 893 dictorum,
1283 854 1478 897 iuramento,
1501 853 1739 888 confirmatione
1760 865 1838 899 apo-

1086 904 1193 938 stoliea
1220 903 1264 938 vel
1288 903 1397 950 quavis
1419 903 1565 937 firmitate
1587 902 1644 936 alia
1673 902 1840 945 roboratis,

1086 953 1212 988 statutis
1239 961 1269 987 et
1286 952 1581 995 consuetudinibus,
1604 963 1639 986 ac
1668 951 1838 998 privilegiis

1086 1010 1115 1037 et
1150 1002 1280 1036 indultis
1319 1001 1496 1036 Ordinibus
1519 1013 1554 1035 ac
1577 1001 1839 1046 congregationi—

1086 1052 1143 1086 bus
1171 1051 1351 1098 praedictis,
1374 1050 1477 1085 forsan
1503 1050 1562 1084 sub
1580 1050 1837 1096 quibuscumque

1086 1100 1259 1141 tenoribus,
1282 1099 1453 1143 concessis,
1470 1099 1600 1146 quibus,
1623 1107 1748 1133 tenores
1776 1098 1837 1133 bu-

1086 1149 1221 1184 iusmodi
1245 1148 1464 1195 praesentibus
1488 1160 1543 1195 pro
1571 1147 1762 1182 sufficienter
1781 1160 1838 1182 ex-

1087 1199 1202 1246 pressis
1224 1198 1388 1239 habentes,
1412 1198 1472 1231 illis
1494 1197 1598 1232 alias
1593 1210 1622 1231 m
1645 1209 1703 1231 suo
1726 1196 1838 1231 robore

1086 1248 1323 1296 permansuris
1351 1247 1408 1281 bac
1432 1247 1496 1281 vice
1524 1246 1710 1290 dumtaxat,
1727 1246 1836 1280 barum

1085 1310 1178 1352 serie,
1205 1297 1383 1343 specialiter
1404 1305 1434 1331 et
1462 1308 1609 1343 expresse
1636 1295 1838 1341 derogamus,

1085 1348 1263 1394 ceterisque
1285 1347 1448 1381 contrariis
1470 1345 1739 1392 quibuscumque.

1134 1397 1154 1443 g
1177 1398 1210 1430 6
1238 1396 1301 1430 Et
1296 1407 1436 1442 insuper,
1459 1395 1671 1442 quiadtslicile
1694 1394 1771 1429 foret
1785 1401 1837 1428 etc

1134 1431 1218 1480 Nulli
1246 1457 1322 1492 ergo
1349 1453 1401 1479 etc.

1134 1496 1169 1531 Si
1197 1495 1268 1542 quis
1291 1503 1392 1530 autem
1422 1502 1475 1528 etc,

1134 1545 1248 1580 Datum
1274 1544 1392 1579 Romae
1415 1543 1498 1591 apud
1527 1544 1559 1578 S.
1590 1544 1732 1581 Petrum.
1755 1556 1838 1577 anno

1085 1594 1311 1629 Incarnatiouis
1341 1593 1518 1628 dominicae
1548 1593 1715 1627 millesimo
1745 1593 1840 1640 quin-

1085 1644 1261 1691 gentesimo
1275 1643 1421 1690 septimo,
1438 1642 1542 1677 idibus
1567 1642 1646 1686 iulii,
1670 1643 1840 1689 pontifica-

1087 1703 1135 1728 tus
1163 1694 1261 1728 nostri
1285 1705 1369 1727 anno
1391 1699 1515 1739 quarto.

1135 1760 1195 1790 Dat.
1215 1760 1261 1790 die
1282 1759 1319 1789 15
1338 1759 1403 1789 iulii
1424 1759 1509 1795 1507,
1529 1758 1629 1796 pontis,
1653 1766 1730 1787 anno
1752 1766 1790 1788 1v.

1376 1936 1461 1972 xvu
1483 1938 1541 1984 (¹¹)-

1088 2021 1204 2054 Contra
1225 2020 1405 2052 occultantes
1431 2019 1476 2051 vel
1493 2018 1650 2051 retinentes
1672 2018 1840 2062 scripturas

1135 2070 1177 2103 ad
1200 2069 1408 2102 Reverenctam
1429 2068 1588 2101 Cameram
1615 2074 1789 2111 spectantes.

1356 2145 1571 2176 SUMMARIUM

1085 2214 1178 2244 Causa
1204 2214 1292 2244 buius
1312 2212 1540 2243 constitutionis.
1562 2229 1600 2234 —
1622 2212 1646 2241 1.
1668 2211 1840 2242 Excommu-

1125 2258 1232 2288 nicatio
1252 2257 1445 2288 detinentium
1466 2256 1557 2286 libros
1580 2260 1608 2286 ct
1629 2258 1791 2295 scripturas
1807 2256 1838 2285 P..

1126 2302 1204 2332 Cam.
1237 2302 1366 2341 Apostol.
1394 2318 1433 2323 —
1454 2301 1481 2330 ⁶2.
1511 2301 1545 2330 Et
1567 2301 1595 2330 iu
1627 2300 1757 2331 futurum
1790 2311 1839 2332 eas

1126 2347 1324 2377 amoventium
1342 2350 1369 2376 et
1387 2355 1444 2375 non
1461 2345 1685 2384 reportantium.

1138 2418 1224 2446 Iulius
1240 2418 1310 2453 Papa
1326 2417 1347 2445 ll
1365 2418 1398 2445 ad
1415 2416 1541 2445 futuram
1560 2417 1601 2445 rei
1617 2417 1784 2446 memoriam.

1135 2484 1239 2527 Cum,
1262 2485 1343 2519 sicut
1364 2484 1569 2530 accepimus,
1593 2484 1624 2518 in
1648 2490 1752 2517 nostra
1775 2483 1839 2518 Ca-

1088 2546 1170 2569 mera
1193 2512 1374 2581 Apostolica
1399 2545 1492 2580 saepe
1515 2533 1675 2579 contingat
1698 2541 1731 2566 ut
1753 2529 1877 2574 libri,

1121 2609 1159 2644 (1)
1181 2609 1208 2635 ln
1230 2609 1305 2634 Rom.
1327 2608 1395 2634 Edit
1415 2608 1478 2635 baec
1499 2608 1586 2635 bulla
1578 2608 1628 2634 ub
1645 2615 1838 2635 numeroxvm

1087 2651 1192 2685 ponitur
1209 2651 1247 2684 (n.
1269 2650 1306 2677 τ.)

1858 255 1905 280 An.

1868 720 1983 740 contram*
1999 719 2039 739 de-

1855 756 1921 777 rogat.

1854 1407 1874 1428 f·
1879 1410 1914 1428 des
1931 1412 1989 1429 tran:
2000 1415 2036 1429 ‘mr

1926 255 1952 279 C.
1974 255 2037 280 3²5o7

1855 1444 1881 1466 pt
1886 1447 1935 1460 1111111

1873 2492 1898 2508 t'

1889 2525 1936 2543 ;1111

1929 2492 2016 2511 :buius

1942 2527 2026 2543 ultonis-
