2281 3251
83 273 133 301 Ᾱη.
151 273 179 300 C.
199 271 264 300 1507

99 1069 219 1090 Protocnlla
233 1073 269 1088 no-

87 1099 268 1124 tutior-defunct„

87 1133 148 1152 etiam
169 1131 268 1154 uonna..

87 1168 128 1182 non
151 1162 270 1181 habentium

88 1193 141 1214 titius
177 1193 271 1212 notarios

87 1226 221 1249 assignentur
250 1224 269 1243 in

87 1255 187 1276 archivio.

114 2316 191 2343 ltegist.
204 2320 223 2337 et
236 2322 281 2343 pro-

101 2354 156 2368 cess.
174 2354 282 2368 tensarum

101 2380 120 2399 in
136 2378 196 2399 Cin-ia
214 2379 284 2399 [inita—

102 2421 145 2434 rum
165 2415 188 2434 ad
214 2414 285 2434 arrhi-

103 2447 156 2465 vium
167 2449 284 2472 portentur.

929 267 1035 290 murs
1065 268 1085 289 ΙΙ
1117 267 1164 290 ΡΡ.

279 323 336 359 alia
351 322 501 371 publicari
525 320 695 366 noluerint,
709 320 762 356 scd
783 331 900 356 secreta
919 323 1028 363 teneri,

279 385 343 420 quo
364 383 438 407 casu
468 371 532 405 fieri
561 370 671 405 debeat
705 382 759 417 per
797 371 897 406 dictos
925 383 1030 406 corre—

280 430 381 457 ctores
400 420 479 455 liber
500 427 663 463 secretus,
693 420 720 453 in
745 433 807 467 quo
836 420 910 454 tales
939 429 1029 455 notae

281 470 486 518 registi-entur
514 481 568 515 per
600 470 723 516 aliquos
758 482 794 504 cx
822 469 915 504 dictis
950 470 1029 504 scri-

281 518 423 567 ptoribus
441 530 494 566 per
508 518 635 553 eosdem
653 526 845 553 correctores
868 519 1031 565 eligendos

282 569 382 615 magis
410 568 554 607 idoneos,
579 567 687 602 fideles
709 576 737 602 ct
761 568 964 615 approbatos;
981 569 1032 603 di-

281 626 415 664 ctusque
449 617 525 651 liber
560 625 717 651 remaneat
747 629 844 664 penes
873 630 969 652 unum
994 630 1030 651 ex

281 667 373 702 dictis
395 666 627 701 correctoribus
650 667 744 701 totius
767 666 892 712 collegii
915 667 1032 701 iudicio

281 716 501 763 approbatum,
522 715 581 755 vel,
604 716 628 749 si
653 716 751 762 magis
767 717 843 762 parti
865 716 1032 755 videbitur,

282 766 440 801 deferatur
463 766 499 800 ad
523 765 697 799 archivium
736 773 806 799 nota
842 765 888 800 vel
917 766 1034 800 instru-

283 823 424 850 mentum
453 815 596 849 clausum
622 823 650 849 et
674 814 830 860 signatum
855 827 910 861 per
933 815 1034 850 dictos

281 866 463 913 scriptores,
476 864 699 899 inviolabiliter
715 865 965 898 conservandum
982 877 1034 898 us·

282 927 344 961 que
373 913 410 948 ad
435 921 558 960 tempus
580 925 643 960 quo
672 913 756 947 illius
783 913 950 960 publicatio
970 913 1033 948 lieri

282 963 419 999 debebit.

331 1017 346 1057 ξ
370 1016 401 1047 7.
425 1012 458 1046 ln
487 1025 550 1060 quo
574 1012 665 1046 etiam
694 1011 831 1046 archivio
866 1011 1033 1058 protocolla

285 1063 476 1097 notariorum
494 1062 563 1097 sine
583 1061 654 1095 liliis
671 1068 834 1108 paternum
850 1061 1034 1095 exercitium

285 1111 506 1147 exercentibus
535 1111 580 1145 vel
612 1122 757 1145 exercere
781 1110 957 1144 volentibus
980 1110 1036 1144 de-

286 1161 464 1196 functorum
489 1161 519 1194 in
545 1160 703 1203 futurum,
732 1168 792 1194 tam
816 1167 1034 1193 contractuum

286 1218 316 1245 et
349 1211 529 1244 ultimarum
554 1209 748 1243 voluntatum
773 1221 866 1255 qnam
895 1216 1034 1243 actorum

287 1258 498 1303 iudicialium,
533 1259 659 1293 testium
684 1265 713 1292 et
741 1258 967 1292 sententiarum
1006 1258 1035 1291 in

287 1308 392 1353 Urbe,
417 1316 477 1342 tam
506 1307 721 1342 Romanorum
746 1319 839 1354 quam
870 1307 1035 1342 curialium

286 1357 608 1403 officialium,deponi
630 1364 660 1391 et
687 1356 802 1402 signari
827 1356 962 1391 debeant
980 1368 1037 1403 pro

286 1407 522 1441 conservatione
545 1406 661 1440 iurium
686 1413 714 1440 et
738 1405 944 1440 indemnitate
968 1418 1038 1452 par-

288 1456 377 1500 tium,
392 1463 422 1491 et
441 1468 479 1490 ne
497 1463 601 1502 pereat
617 1455 768 1489 memoria
785 1463 959 1501 gestorum,
971 1467 1037 1501 pos-

287 1506 390 1552 sitque
413 1506 527 1540 veritas
553 1504 822 1551 quandocumque
846 1503 1038 1551 reperiri;de

288 1567 422 1602 quorum
461 1553 706 1601 protocollorum
742 1563 771 1588 et
806 1553 1038 1588 inbreviatura—

290 1617 358 1638 rum
390 1604 486 1638 lucris
519 1612 548 1638 et
581 1602 805 1638 emolumentis
833 1603 904 1637 inde
928 1615 1040 1649 prove-

290 1653 450 1688 nientibus
487 1652 640 1687 medietas
679 1651 866 1686 haeredibus
909 1652 1040 1686 fideliter

289 1703 440 1749 assignari
465 1701 578 1736 debeat
601 1702 677 1737 infra
701 1713 842 1735 mensem
875 1714 930 1748 per
953 1713 1041 1736 rece—

291 1761 410 1800 ptorem
434 1752 506 1785 dicti
531 1751 635 1795 offleii,
657 1751 710 1798 qui
734 1763 789 1797 pro
814 1761 954 1797 tempore
970 1751 1040 1794 erit,

289 1803 314 1836 si
333 1810 453 1836 certum
472 1800 588 1835 habent
611 1800 779 1835 haeredem
796 1800 1039 1835 tales-defuncti.

291 1851 439 1898 Exceptis
469 1859 572 1885 tamen
606 1849 787 1897 protocollis
822 1858 850 1884 et
885 1850 1041 1884 inbrevia-

293 1901 369 1935 turis
397 1912 561 1934 causarum
586 1900 631 1934 vel
656 1911 859 1946 processuum
883 1907 935 1933 ant
967 1911 1041 1933 con-

294 1957 449 1984 tractuum
471 1949 648 1984 officialium
668 1948 872 1992 notariorum,
887 1960 966 1996 quae
983 1961 1041 1983 una

294 2011 365 2033 cum
398 1998 510 2033 officiis
538 1998 628 2033 vendi
657 2006 892 2033 consueverunt
914 2006 944 2033 et
966 2010 1043 2032 ven-

296 2048 358 2082 dita
397 2047 547 2092 suerunt,
584 2059 664 2095 quae
699 2049 728 2081 in
763 2055 922 2095 emptores
948 2047 1044 2082 libere

295 2110 475 2143 transeunt,
498 2109 530 2136 ut
555 2102 654 2149 prius;
677 2111 724 2146 et,
752 2102 857 2148 quoad
880 2102 978 2149 ipsos,
1001 2102 1043 2136 nil

296 2163 443 2190 novatum
475 2155 679 2202 intelligatur,
703 2168 741 2191 ne
764 2156 939 2191 officiorum
968 2168 1045 2191 cou-

297 2209 375 2244 ditio
397 2208 534 2244 deterior
556 2208 607 2243 fiat
632 2221 687 2256 per
710 2210 892 2257 praemissa.

345 2263 366 2310 S
388 2265 420 2298 8.
444 2262 607 2303 Similiter,
619 2275 691 2297 cum
710 2263 738 2297 in
755 2263 834 2297 dicta
851 2262 938 2298 Urbe
954 2263 1047 2298 totius

299 2316 385 2351 orbis
408 2329 519 2352 causae
541 2316 712 2363 agitentur,
735 2317 945 2364 expediatque
967 2317 1050 2352 deci-

298 2382 402 2405 sarum
438 2383 628 2411 causarum,
653 2383 714 2405 una
737 2383 808 2405 cum
848 2370 1049 2418 processibus

299 2424 338 2459 de
374 2424 435 2460 illis
473 2425 588 2460 habitis
623 2433 652 2459 et
689 2424 811 2459 iuribus
844 2424 1050 2470 originalibus

301 2478 472 2525 productis,
487 2479 672 2514 memoriam
696 2477 828 2512 fideliter
851 2480 1050 2519 conservari;

301 2545 371 2568 cum
394 2533 432 2569 de
455 2533 577 2569 illarum
602 2533 774 2580 perditione
794 2533 958 2568 continuae
973 2546 1051 2581 que-

304 2586 383 2622 relae
416 2588 578 2629 oriantur,
607 2595 636 2622 et
664 2587 806 2634 partibus
841 2586 1050 2634 irreparabilia

303 2640 415 2676 damna
442 2641 632 2689 quandoque
667 2640 858 2686 inferantur,
887 2649 1052 2677 teneantur

1704 253 1767 286 srsst

1071 330 1101 355 et
1128 321 1263 355 debeant
1291 332 1402 354 omnes
1431 319 1541 354 notarii
1573 318 1681 353 Palatii
1707 319 1823 354 Curiae

1071 383 1235 405 causarum
1259 369 1413 404 Gamerae
1435 368 1646 415 Apostolicae,
1670 368 1826 413 guberna-

1073 420 1160 464 toris,
1176 419 1292 463 vicarii,
1308 418 1597 454 commissariorum
1622 429 1658 452 ac
1671 417 1825 452 Gamerae

1072 469 1287 516 Apostolicae,
1310 469 1413 503 omnia
1437 476 1467 502 et
1490 467 1613 513 singula
1638 467 1769 513 registra
1796 467 1824 500 in

1072 530 1272 566 quacumque
1296 518 1392 552 forma
1416 529 1596 556 causarum,
1619 528 1698 563 quae
1719 528 1824 550 coram

1073 581 1180 603 eorum
1216 567 1351 602 dominis
1384 575 1413 601 et
1450 566 1647 601 auditoribus
1670 577 1775 600 versae
1797 573 1828 599 ct

1073 618 1206 664 agitatae
1240 617 1386 657 suerunt,
1410 616 1588 650 decisarum
1612 623 1642 649 et
1665 615 1825 650 finitarum

1076 679 1130 713 per
1163 667 1349 701 sententiam
1383 665 1574 699 ‹letiuitivam
1604 674 1633 699 et
1661 665 1825 699 transitum

1076 716 1105 750 in
1146 728 1210 750 rem
1248 715 1413 750 indicatam
1452 713 1702 762 quomodolibet,
1730 725 1827 761 super

1075 765 1191 811 quibus
1213 776 1324 799 causae
1353 764 1561 798 restitutionis
1596 775 1658 798 non
1690 763 1827 810 pendant

1077 815 1121 848 vel
1146 814 1388 853 declarationis,
1412 822 1441 847 et
1465 814 1493 847 in
1517 812 1634 859 quihus
1658 825 1712 859 per
1735 812 1828 846 bien-

1077 863 1163 897 nium
1193 872 1262 910 post
1285 875 1349 897 rem
1374 863 1541 897 iudicatam
1572 862 1617 896 vel
1645 862 1732 896 datas
1755 874 1829 896 exe-

1077 912 1245 947 cutoriales
1269 913 1372 946 literas
1397 912 1438 946 nil
1463 912 1578 946 sactum
1605 911 1776 958 reperiatur
1799 912 1828 945 in

1078 962 1216 1002 iudicio,
1253 962 1313 995 sub
1353 973 1452 1008 poena
1492 961 1829 995 excommunicationis

1078 1011 1156 1045 latae
1179 1012 1365 1051 sententiae,
1382 1023 1396 1044 a
1421 1022 1480 1057 qua
1506 1023 1567 1044 non
1593 1010 1714 1057 possint
1733 1010 1793 1044 nisi
1813 1022 1830 1044 a

1079 1060 1181 1105 nobis,
1210 1060 1332 1107 praevia
1361 1059 1586 1102 satisfactione,
1602 1060 1648 1093 vel
1668 1071 1833 1094 successo-

1079 1109 1164 1143 ribus
1187 1110 1300 1144 nostris
1322 1108 1455 1149 absolvi,
1471 1116 1501 1143 et
1525 1109 1707 1155 privationis
1725 1108 1832 1152 officii,

1079 1159 1107 1192 in
1143 1158 1228 1193 dicto
1255 1158 1395 1193 archivio
1423 1158 1585 1193 Romanae
1608 1157 1724 1192 Curiae
1755 1157 1833 1192 fide-

1079 1208 1148 1242 liter
1159 1207 1373 1242 conservanda
1390 1215 1419 1242 et
1436 1207 1640 1242 custodienda
1661 1207 1832 1254 deponere,

1079 1266 1109 1292 et
1123 1258 1283 1304 assignare
1308 1257 1453 1304 praefatis
1475 1255 1707 1291 correctoribus
1722 1265 1751 1291 et
1764 1256 1833 1291 aliis

1079 1307 1237 1354 deputatis
1264 1306 1460 1341 officialibus.
1488 1306 1535 1340 De
1558 1306 1676 1353 quibus
1703 1305 1832 1353 quidem

1080 1356 1203 1390 iuribus
1225 1364 1255 1390 et
1283 1355 1425 1402 registris
1454 1367 1509 1402 per
1536 1355 1638 1390 dictos
1664 1356 1834 1402 scriptores

1080 1405 1172 1440 fidele
1196 1406 1408 1441 inventarium
1438 1405 1502 1439 fieri
1531 1413 1560 1439 et
1583 1405 1681 1440 teneri
1709 1404 1833 1443 debeat,

1080 1463 1109 1489 et
1142 1455 1179 1489 ad
1209 1455 1391 1489 mandatum
1428 1454 1628 1488 dominorum
1652 1453 1832 1488 auditorum

1081 1503 1127 1538 vel
1149 1504 1282 1538 aliorum
1309 1504 1458 1543 iudicum,
1481 1503 1517 1537 ad
1542 1515 1621 1550 quos
1649 1511 1768 1550 spectat
1796 1515 1832 1537 ex

1080 1553 1195 1594 officio,
1214 1554 1260 1588 vel
1274 1554 1311 1589 ad
1329 1554 1461 1601 partium
1483 1552 1665 1587 habentium
1683 1553 1834 1587 interesse

1082 1603 1274 1643 instantiam,
1297 1603 1416 1650 absque
1438 1602 1540 1649 aliqua
1564 1602 1720 1636 solutione
1737 1614 1752 1636 a
1768 1613 1835 1649 par-

1083 1652 1163 1686 tibus
1186 1653 1353 1698 exigenda,
1369 1652 1468 1686 libere
1497 1659 1525 1686 et
1551 1651 1671 1698 absque
1695 1663 1780 1686 mora
1804 1651 1833 1685 in

1083 1701 1201 1736 iudicio
1224 1702 1271 1735 vel
1294 1709 1378 1736 extra
1404 1701 1580 1736 restituere.

1131 1751 1150 1798 g
1178 1754 1210 1785 9.
1243 1751 1289 1785 Ex
1320 1751 1436 1798 quibus
1473 1750 1601 1798 quidem
1629 1750 1836 1798 scriptoribus

1084 1799 1266 1847 praedictis,
1289 1801 1399 1835 decem
1432 1800 1619 1846 magistros,
1643 1808 1836 1834 correctores

1084 1858 1296 1896 nuncupatos,
1319 1850 1526 1886 instituimus,
1549 1849 1588 1884 de
1610 1861 1745 1895 quorum
1774 1862 1836 1883 nu-

1085 1911 1183 1939 mero,
1201 1900 1320 1933 ratione
1336 1899 1561 1934 iurisdictionis
1577 1898 1753 1933 ordinariae
1767 1898 1835 1932 Ro-

1085 1960 1195 1983 manae
1219 1948 1354 1989 Curiae,
1375 1949 1437 1983 sint
1465 1957 1494 1983 et
1517 1960 1585 1983 esse
1626 1948 1837 1994 intelligantur

1085 1997 1210 2032 auditor
1244 2010 1408 2033 causarum
1444 1998 1596 2032 Gamerae
1635 1997 1835 2044 Apostolicae

1085 2047 1240 2093 generalis
1267 2048 1330 2095 (qui
1359 2048 1452 2082 etiam
1477 2047 1551 2082 dicti
1575 2046 1667 2081 oflicii
1691 2046 1838 2081 defensor

1086 2100 1196 2135 existat
1231 2110 1299 2148 post
1328 2101 1532 2136 camerarium
1560 2108 1589 2135 et
1613 2099 1838 2135 vicecancella-

1089 2154 1168 2188 rium
1191 2164 1328 2200 nostros,
1350 2167 1430 2202 quos
1454 2154 1642 2202 principales
1656 2153 1839 2189 defensores

1088 2215 1118 2242 et
1146 2216 1338 2255 protectores
1365 2209 1439 2244 dicti
1468 2208 1560 2243 officii
1585 2220 1654 2242 esse
1681 2207 1840 2249 volumus)

1090 2273 1145 2308 pro
1168 2270 1311 2310 tempore
1330 2263 1512 2306 existentes,
1528 2262 1552 2296 si
1569 2261 1686 2297 dictum
1701 2261 1839 2296 officium

1090 2327 1236 2352 exercere
1270 2317 1434 2356 voluerint,
1470 2324 1500 2350 et
1536 2328 1616 2351 uuus
1647 2328 1684 2351 ex
1716 2315 1840 2350 dilectis

1091 2369 1163 2404 titiis
1179 2370 1280 2405 dictae
1296 2370 1448 2405 Gamerae
1461 2369 1595 2404 clericis.
1621 2368 1746 2416 Reliqui
1763 2380 1840 2402 vero

1091 2431 1174 2465 octo,
1195 2424 1322 2471 praelati
1344 2424 1442 2458 autin
1460 2423 1612 2470 dignitate
1627 2422 1837 2458 ecclesiastica

1092 2479 1254 2513 constituti
1283 2486 1313 2513 et
1339 2478 1479 2524 graduati
1517 2478 1546 2512 in
1583 2478 1688 2524 aliquo
1724 2476 1839 2511 iurium

1093 2533 1293 2568 ecclesiastici
1322 2533 1468 2573 existant,
1483 2532 1520 2566 ad
1544 2545 1678 2580 quorum
1702 2531 1841 2566 osticium

1093 2595 1213 2635 spectet
1228 2587 1396 2634 scriptores
1408 2588 1495 2634 ipsos
1510 2586 1547 2621 ad
1562 2584 1743 2621 huiusmodi
1760 2596 1841 2619 onus

1095 2641 1301 2677 assumendos
1316 2641 1504 2687 examinare,
1518 2649 1547 2675 et
1562 2639 1756 2687 negligentes
1770 2650 1843 2674 σονξ

1841 264 1891 291 An.
1911 263 1939 289 C.
1956 262 2022 288 ¹507

1865 1760 1899 1780 <jur
1907 1763 1985 1780 rector.

2003 1760 2038 1779 der

1852 1797 1897 1811 «Ἕω
1923 1792 2038 1810 instituun-

1853 1825 1884 1841 tur
1897 1827 1921 1841 ex
1938 1822 2037 1847 praemis

1853 1852 1981 1878 scripturili.‚
2001 1859 2034 1878 qni

1853 1883 1905 1902 alias
1923 1884 2037 1901 admitten-

1853 1916 1889 1934 du?

1853 1950 1875 1965 Mi

1918 1920 1984 1933 exjnn

1988 1917 2038 1933 llt‘ssl
