2281 3251
491 234 560 267 542

441 299 697 346 quingentesimo
710 297 939 341 tertiodecimo,
953 295 1190 344 quartodecimo

442 349 588 385 kalendas
609 348 737 397 aprilis,
762 346 964 395 pontificatus
987 346 1084 381 nostri
1108 358 1191 381 anno

442 411 552 446 primo.

1017 241 1202 265 Βι-ηυιιυιιι
1231 239 1392 264 nonaxon
1998 239 2046 266 An.
2064 237 2093 265 C.
2110 236 2180 265 ¹515

244 245 294 272 An.
310 244 341 273 C.
360 246 427 272 ¹513

1273 294 1391 325 Ordinis
1419 304 1434 325 a
1467 294 1595 334 capitulo
1622 293 1752 333 generali
1778 294 1822 325 vel
1854 293 1889 324 ab
1918 295 1980 335 ipso

1272 340 1401 378 generali
1433 344 1461 370 et
1483 340 1586 370 maiori
1619 344 1699 379 parte
1723 340 1915 371 visitatorum.
1943 358 1983 364 —

1278 386 1319 414 18.
1335 385 1441 424 Sicque
1457 385 1541 415 electi
1558 385 1687 424 praesint
1704 386 1902 422 monasteriis,
1918 386 1982 416 sine

496 460 557 490 Dat.
578 460 624 490 die
642 460 678 490 19
696 459 791 489 martii
812 459 898 495 1513,
915 463 992 499 pont.
1016 468 1092 488 anno
1116 468 1133 488 t.

649 640 661 647 ·
795 626 833 662 11.

443 709 586 743 Reductio
603 715 630 743 el
651 709 725 743 unio
747 708 992 754 conyreyutionis
1010 707 1115 740 Ercnti
1129 708 1191 742 Ca-

488 760 686 794 maldulensis
693 766 718 792 et
728 759 944 804 couqreqatt‘ou
950 759 973 791 is
982 758 1017 792 S.
1031 758 1191 792 Michaelis

489 811 524 843 de
538 810 687 851 Murano,
697 809 914 843 monachorum
933 808 1064 842 Ordinis
1078 808 1113 841 S.
1124 808 1190 842 Be-

487 860 602 893 nedicti
614 887 624 898 ,
653 860 687 893 in
713 871 809 894 unam
835 858 1098 904 couyreqationem
1112 871 1121 896 ,-
1154 870 1191 891 oc

486 910 642 954 plurimae
656 910 864 943 ordinationes
868 921 927 954 pro
937 908 1076 942 electione
1085 914 1110 941 et
1120 920 1190 942 mu-

487 971 556 993 nere
567 961 777 1005 praelatorum
795 966 820 992 et
842 958 988 1003 rcyimine
1007 958 1097 992 totius
1111 970 1190 992 con-

486 1010 684 1054 yreqaciom's,
696 1021 762 1044 cum
777 1009 969 1044 indultorum
978 1015 1004 1042 et
1015 1008 1189 1053 oratiarum

488 1060 672 1094 concessione
691 1062 749 1104 (1).

707 1138 920 1170 SUnnAntun

440 1202 628 1233 l’rooemium.
649 1218 688 1225 —
711 1203 738 1232 1.
761 1202 884 1232 Romani
918 1201 1021 1231 Pontis.
1043 1211 1076 1231 ac
1103 1201 1187 1241 prin-

478 1249 558 1287 cipes
590 1247 701 1277 indulta
721 1246 823 1277 Ordiui
851 1251 1072 1276 concesserunt.
1094 1263 1132 1268 —
1161 1247 1188 1276 2.

479 1292 509 1322 ln
532 1292 661 1331 capitulo
683 1291 823 1330 generali,
844 1291 1009 1321 Florentiae
1027 1295 1100 1327 acto,
1120 1291 1189 1320 unio

479 1337 552 1366 sacta
586 1341 630 1367 est
655 1338 700 1375 (de
727 1346 778 1376 qua
798 1337 828 1366 in
854 1336 988 1374 rubrica).
1023 1353 1058 1358 —
1084 1336 1111 1366 3.
1138 1336 1189 1366 llic

479 1381 609 1411 Pontifex
630 1381 717 1411 modo
740 1381 887 1421 praedicta
907 1381 1003 1411 omnia
1027 1381 1188 1411 confirmat.

477 1443 515 1448 —
535 1427 564 1456 4.
587 1426 678 1456 Dubia
708 1426 737 1456 in
764 1426 925 1466 privilegiis
953 1426 1127 1463 exorienda,
1155 1427 1189 1456 ad

478 1481 579 1502 eorum
609 1471 736 1502 savorem
760 1472 997 1511 interpretentur.
1019 1487 1058 1493 —
1079 1471 1106 1501 5.
1129 1470 1191 1501 Pri-

479 1515 581 1554 vilegia
601 1515 739 1546 omnibus
756 1515 955 1552 monasteriis,
973 1515 1059 1545 etiam
1080 1515 1191 1545 monia-

479 1559 561 1597 lium,
578 1560 636 1591 sint
648 1559 825 1591 communia.
843 1577 882 1582 —-
896 1560 923 1589 o.
935 1559 1067 1589 Monachi
1087 1568 1189 1589 omnes

479 1614 569 1634 unuin
592 1615 699 1644 corpus
723 1609 751 1635 et
772 1614 860 1635 unam
880 1605 1059 1634 constituant
1081 1613 1189 1643 congr„

478 1650 706 1688 nuncupandam
724 1649 821 1680 Eremi
838 1655 866 1680 et.
883 1649 913 1680 S.
932 1649 1093 1680 Michaelis.
1110 1666 1148 1672 —
1162 1649 1188 1679 7.

477 1693 641 1733 Capitulum
673 1694 810 1733 generale
833 1699 940 1724 statuta
970 1703 1022 1734 pro
1047 1695 1190 1732 regimine

477 1737 597 1769 Ordinis
617 1739 743 1769 condere
762 1744 790 1769 et
812 1739 958 1778 corrigere
977 1743 1083 1779 potest.
1103 1756 1142 1762 -
1163 1739 1191 1769 8.

477 1782 512 1813 Et
532 1783 609 1813 iuxta
633 1784 754 1824 capituli
777 1788 894 1822 statuta,
912 1789 982 1814 sunt
1003 1784 1189 1814 reformanda

478 1829 664 1859 monasteria.
692 1846 731 1851 —-
758 1830 786 1859 9.
810 1829 934 1860 Praelati
960 1829 1088 1869 generali
1116 1829 1189 1859 obe-

478 1873 569 1910 diant,
587 1878 616 1904 et
637 1874 772 1904 monachi
793 1874 941 1913 praelatis.
959 1891 998 1896 —
1016 1874 1062 1905 10.
1078 1874 1190 1914 Appel-

477 1917 547 1948 latio
565 1918 601 1948 ab
620 1919 673 1956 eis,
686 1919 771 1949 etiam
795 1919 831 1949 ad
855 1919 960 1949 Sedem
980 1919 1190 1958 Apostolicam,

477 1962 590 2003 absque
608 1963 724 1994 licentia
745 1963 926 2003 prohibetur.
944 1980 983 1985 —
1000 1963 1045 1994 11.
1064 1963 1189 1993 Proces-

478 2016 540 2045 sus,
561 2013 617 2038 tam
645 2007 747 2038 civiles
772 2017 859 2047 quain
884 2008 1063 2045 criminales,
1085 2017 1190 2038 secun-

479 2052 549 2082 dum
579 2062 652 2083 usus
679 2057 708 2083 et
736 2056 841 2083 statuta
876 2052 1048 2083 formentur.
1077 2069 1117 2075 —
1145 2053 1190 2082 ¹12.

477 2096 633 2127 Transiius
656 2097 691 2127 de
709 2097 772 2127 loco
789 2097 825 2127 ad
844 2097 939 2127 tocu1n
959 2098 1075 2137 qnando
1094 2098 1129 2127 de
1151 2097 1190 2127 li-

477 2142 572 2172 centia
593 2141 678 2172 Sedis
700 2142 829 2181 Apostol.
848 2146 894 2171 est
912 2141 1135 2181 permittemlus.
1153 2159 1190 2164 --

479 2187 526 2217 13.
558 2186 683 2226 Fugitivi
713 2196 771 2217 non
794 2187 978 2227 recipiuntur
1008 2197 1022 2217 a
1053 2188 1190 2226 praelatis

479 2232 588 2263 invitis.
601 2232 698 2262 -14,
714 2232 870 2268 Translati,
883 2232 958 2262 iuxta
975 2232 1189 2262 ordinationem

478 2277 610 2316 capituli,
632 2278 666 2308 ad
686 2277 741 2307 alia
763 2277 824 2307 loca
843 2276 971 2311 Ordinis,
990 2285 1090 2306 eorum
1107 2276 1189 2306 loco-

478 2332 542 2353 rum
572 2323 698 2363 professi
721 2327 907 2352 censeantur.
933 2338 973 2343 —
999 2321 1046 2351 15.
1068 2321 1139 2351 Loca
1164 2326 1191 2351 et

479 2376 622 2408 personae
634 2367 773 2398 omnibus
790 2366 1020 2407 proeeminentiis
1037 2366 1190 2403 gaudeant,

480 2413 505 2444 si
523 2413 581 2443 die.
606 2421 742 2452 congreg.
761 2412 902 2443 institutis
924 2421 981 2442 non
1005 2410 1131 2441 obstant.
1153 2428 1191 2433 —

480 2459 526 2490 16.
545 2458 619 2489 Loca
653 2467 710 2488 non
735 2467 826 2487 unum
849 2457 933 2487 alteri
964 2455 1096 2486 subiecta
1124 2465 1191 2485 esse

480 2508 666 2541 censeantur,
688 2503 740 2533 sed
769 2503 803 2532 ad
833 2502 958 2532 invicem
983 2499 1190 2539 suffragentur.

479 2565 518 2572 —
547 2548 594 2578 17.
624 2547 799 2579 Monasteria
833 2546 1022 2577 conserantur
1053 2544 1190 2585 praelatis

475 2611 516 2647 (1)
532 2610 596 2639 vide
612 2611 722 2639 Constit.
744 2617 836 2637 xxviii
854 2608 997 2637 Alexandri
1019 2609 1058 2641 tt.
1077 2607 1138 2634 tomi
1157 2615 1190 2639 n.

441 2664 500 2691 pag.
517 2657 560 2684 ⁴8.

1273 434 1322 458 ete.
1340 446 1379 452 —
1396 429 1441 459 19.
1456 428 1490 459 Et
1511 429 1574 460 loco
1597 429 1764 460 absentium
1785 430 1982 469 praelatorum

1273 475 1321 504 alii
1345 474 1561 505 substituantur
1582 485 1596 505 a
1620 475 1748 516 capitulo
1777 475 1819 505 vel
1844 475 1983 514 generali,

1274 523 1304 548 ut
1322 528 1386 558 sup.
1404 536 1444 542 -
1460 519 1508 550 20.
1527 519 1599 550 Loca
1620 524 1648 550 et
1665 521 1842 550 monasteria
1862 529 1981 559 congre-

1273 564 1398 602 gationis
1422 565 1450 594 in
1470 564 1684 601 commendam,
1707 565 1822 595 titulum
1842 569 1892 595 aut
1908 575 1983 604 peu-

1273 609 1426 639 sidualitcr
1444 610 1507 640 dari
1534 619 1591 639 non
1615 610 1737 648 possint.
1760 626 1799 632 —
1816 609 1863 640 21.
1886 609 1983 640 Bene-

1274 654 1406 684 ficiorum
1426 655 1557 684 omnium
1582 654 1700 684 collatio
1723 654 1814 684 libere
1836 655 1871 685 ad
1894 664 1983 694 prae-

1273 698 1345 729 latos
1367 698 1486 729 Ordinis
1505 699 1641 739 pertinet.
1660 716 1699 722 —-
1718 699 1766 729 22.
1786 699 1982 739 impedientes

1272 752 1331 780 eos,
1353 744 1404 782 qui
1426 744 1565 774 Ordinem
1585 744 1698 783 ingredi
1716 744 1829 781 volunt,
1855 745 1914 774 sint
1935 753 1984 774 ex-

1272 789 1491 818 communicati.
1513 806 1552 811 —
1570 788 1617 819 23.
1636 788 1768 819 Monta-tii
1787 798 1802 818 a
1825 797 1985 827 congrega-

1273 831 1350 861 tione
1380 833 1459 863 nullo
1489 838 1637 873 praetextu
1666 833 1846 863 divertantur
1872 838 1923 862 etc.
1944 849 1984 855 —

1271 875 1318 906 ⁶24.
1342 876 1488 915 vagantes
1508 884 1586 908 extra
1605 878 1744 914 claustra,
1766 888 1781 908 a
1804 877 1934 916 generali
1957 882 1985 908 et

1271 922 1408 961 praelatis
1427 923 1546 953 Ordinis
1565 928 1766 961 coerceantur,
1784 923 1983 963 quibuscum-

1271 976 1327 1006 que
1349 977 1407 997 non
1425 968 1622 998 obstantibus.
1640 985 1679 990 —
1696 968 1744 998 25.
1762 966 1912 1007 Exemptio
1930 966 1985 997 Or-

1271 1012 1349 1042 dinis
1372 1012 1408 1042 ab
1428 1013 1643 1043 ordinariorum
1661 1017 1689 1043 et
1707 1013 1832 1042 aliorum
1850 1012 1986 1052 superio-

1270 1056 1372 1094 ritate,
1395 1057 1599 1088 iurisdictione
1629 1062 1655 1087 et
1677 1057 1854 1088 visitatione.
1875 1073 1915 1079 —
1936 1056 1984 1087 ⁶26.

1270 1100 1394 1132 l'raelati
1411 1106 1439 1132 et
1454 1103 1590 1133 monachi
1607 1112 1663 1132 non
1680 1106 1823 1140 cogantur
1840 1102 1984 1131 interesse

1270 1146 1421 1183 conciliis,
1444 1146 1638 1183 funeralibus,
1669 1145 1914 1186 processionibus
1933 1149 1984 1175 etc.

1269 1207 1308 1212 —
1323 1191 1370 1221 27.
1387 1191 1566 1222 Testimonia
1583 1196 1697 1232 patrum
1718 1191 1748 1221 in
1767 1200 1868 1221 eorum
1885 1190 1984 1220 causis

1271 1235 1400 1273 legitima
1425 1241 1504 1266 sunt.
1522 1253 1560 1258 —
1586 1236 1633 1266 28.
1655 1235 1805 1274 Exemptio
1827 1234 1863 1264 ab
1886 1234 1984 1274 impo-

1271 1280 1430 1310 sitionibus
1453 1281 1660 1311 saecularium.
1679 1297 1718 1302 —
1735 1280 1782 1310 29.
1801 1279 1951 1318 Exemptio
1969 1288 1984 1308 a

1270 1324 1392 1355 decimis
1415 1330 1442 1355 et
1461 1335 1647 1365 quacumque
1671 1324 1867 1364 praestatione
1889 1323 1984 1354 danda

1271 1370 1407 1409 praelatis
1427 1375 1477 1399 cte.
1499 1387 1538 1392 —
1559 1370 1606 1401 30.
1631 1370 1779 1409 1⁴]xeinptio
1802 1379 1854 1409 pro
1873 1368 1985 1398 relictis

1271 1419 1299 1444 et
1317 1415 1420 1453 legatis
1444 1414 1557 1446 Ordini.
1575 1433 1614 1438 —
1633 1416 1681 1445 31.
1700 1414 1849 1454 Exemptio
1871 1413 1906 1443 ab
1930 1413 1984 1442 im-

1271 1459 1468 1498 positionibus
1487 1459 1571 1490 Sedis
1586 1459 1779 1499 ¹Apostolicac,
1794 1475 1833 1480 —-
1848 1457 1896 1487 32.
1913 1456 1988 1487 Cen-

1271 1504 1355 1533 sibus
1387 1509 1449 1542 etc„
1471 1504 1627 1534 occasione
1650 1503 1836 1533 visitationis.
1868 1518 1908 1524 —
1926 1501 1986 1541 ¹33.

1272 1548 1420 1588 l⁴Ixemptio
1440 1550 1572 1579 omnium
1589 1549 1810 1589 possessionum
1827 1556 1900 1587 quas
1917 1546 1987 1576 colit

1271 1594 1333 1631 ipsa
1357 1594 1554 1633 congregatio.
1582 1611 1621 1617 —
1646 1593 1692 1623 34.
1717 1592 1852 1623 Monachi
1877 1599 1984 1622 succe-

1273 1639 1347 1669 dunt
1368 1639 1397 1668 in
1422 1639 1653 1670 haereditatibus
1675 1647 1727 1678 pro
1750 1647 1850 1668 eorum
1879 1646 1985 1667 mona-

1274 1684 1382 1714 steriis.
1404 1701 1443 1707 —
1465 1685 1512 1714 35.
1533 1684 1855 1714 Praesc.00a1morum
1874 1686 1984 1712 tantum

1272 1728 1357 1758 datur
1387 1734 1486 1760 contra
1513 1728 1665 1759 Ordinem.
1691 1745 1732 1751 —
1758 1729 1805 1759 36.
1835 1727 1985 1758 Interdicti

1274 1777 1419 1813 tempore,
1442 1779 1540 1815 patres
1559 1773 1710 1804 celebrare
1739 1773 1863 1813 possint,
1889 1772 1986 1803 ianuis

1273 1818 1394 1848 clausis.
1423 1836 1462 1841 —
1493 1819 1539 1849 37.
1562 1818 1768 1848 Ordinationes
1795 1827 1848 1857 per
1878 1826 1985 1857 quem-

1273 1872 1400 1902 cumque
1429 1863 1588 1893 antistitem
1619 1863 1684 1892 {ieri
1707 1867 1842 1903 possunt.
1870 1879 1909 1884 —
1937 1861 1984 1892 38.

1272 1906 1424 1937 Generalis
1441 1911 1469 1937 ct
1484 1907 1604 1947 praelati
1619 1909 1777 1937 auctoritas
1794 1905 1986 1947 dispensandi

1273 1961 1339 1981 rum
1357 1952 1420 1981 suis
1439 1952 1603 1982 monacbis.
1621 1969 1660 1974 —
1675 1951 1722 1981 30.
1742 1951 1907 1989 Religiosos
1926 1958 1988 1980 om-

1275 2005 1325 2025 nes
1344 1996 1379 2026 ad
1398 1996 1537 2026 Ordinem
1558 1996 1730 2026 admittendi
1745 2001 1796 2026 cte.
1810 2012 1850 2018 —-
1865 1995 1913 2026 40.
1930 1994 1988 2024 Mo-

1273 2041 1358 2070 naclii
1383 2042 1587 2071 consessiones
1614 2041 1745 2070 omnium
1763 2040 1865 2071 audire
1883 2043 1912 2069 et
1935 2038 1988 2069 ab·

1273 2085 1386 2115 solvere
1405 2090 1433 2115 et
1451 2090 1511 2115 vota
1534 2090 1715 2115 counnutare
1733 2089 1866 2123 possunt.
1885 2083 1987 2114 -41,

1272 2129 1373 2159 Patres
1420 2139 1476 2160 non
1513 2135 1581 2159 sunt
1624 2129 1868 2159 excoinu‘zunicati
1889 2151 1896 2165 ,
1928 2128 1985 2158 nisi

1272 2174 1439 2214 specialiter
1465 2174 1693 2204 denuncientnr.
1727 2191 1766 2196 —
1785 2174 1834 2204 42.
1861 2173 1984 2203 Praelati

1272 2229 1338 2249 cum
1369 2221 1521 2250 monachis
1544 2229 1577 2250 ex
1600 2220 1729 2258 legitima
1748 2228 1835 2249 causa
1863 2222 1986 2257 possunt

1273 2264 1446 2304 dispensare
1472 2275 1486 2294 a
1510 2265 1681 2295 recitatione
1711 2264 1797 2294 olticii
1821 2263 1922 2293 divini.
1947 2279 1986 2285 —

1272 2309 1319 2339 43.
1339 2309 1495 2348 Sepultura
1519 2310 1548 2340 in
1565 2310 1752 2340 monasteriis
1770 2309 1908 2339 omnibus
1931 2313 1983 2339 etc.

1272 2371 1310 2376 -
1336 2354 1384 2384 tt.
1414 2354 1548 2385 Facultas
1577 2355 1773 2394 praelatorum
1802 2359 1983 2384 contractum

1273 2401 1394 2431 ineundi
1427 2410 1516 2440 super
1537 2400 1724 2431 monasteriis
1757 2410 1848 2431 novae
1870 2405 1984 2430 erectae

1273 2450 1520 2489 congregationis.
1533 2467 1586 2477 .—
1603 2450 1650 2480 45.
1673 2449 1808 2480 Defectus
1827 2450 1856 2480 in
1875 2449 1912 2480 iis
1935 2449 1983 2479 in-

1274 2500 1449 2530 tercedentis
1472 2499 1610 2529 validitati
1634 2508 1691 2529 non
1714 2499 1925 2538 praeiudicant.
1946 2514 1985 2520 —

1272 2551 1319 2580 to.
1349 2549 1501 2589 Privilegia
1523 2549 1612 2579 liuius
1639 2549 1875 2587 congregationis
1897 2557 1983 2578 revo-

1275 2603 1337 2628 cata
1357 2609 1412 2629 non
1432 2603 1590 2629 censentur
1604 2602 1654 2628 ete.
1672 2615 1711 2620 —
1728 2597 1774 2627 47.
1800 2596 1983 2634 Indulgentia

1276 2649 1303 2677 in
1333 2649 1434 2678 mortis
1458 2648 1582 2679 articulo
1601 2647 1732 2687 patribus
1760 2646 1852 2677 «landa
1873 2656 1886 2676 a
1911 2655 1984 2676 cou-
