2281 3251
490 245 535 277 54

489 312 504 351 ἓ
540 311 571 342 7.
599 307 755 355 Quodque
793 316 852 342 tam
889 305 1054 353 praepositi
1091 316 1184 350 quam

244 359 426 412 ,Ρζζᾞζῦὲξ
442 367 596 394 rectorum
624 358 693 406 (qui
730 357 954 398 nihilominus,
979 355 1002 389 si
1033 353 1122 387 utiles
1156 362 1184 387 et

244 398 426 449 ..iuii‘pri-er-
442 408 528 443 robis
557 408 635 455 grati
664 407 780 442 suerint
802 415 831 441 et
857 406 995 452 accepti,
1020 416 1074 450 pro
1101 415 1184 437 anno

243 454 392 481 ⁴¹''‘¹⁹⁶'⁰¹''
439 458 585 505 sequenti
618 466 646 493 et
668 457 792 504 quotics
825 455 911 490 robis
945 453 1109 501 placuerit,
1145 451 1182 486 ad

441 508 565 555 propria
589 507 738 554 regimina
762 516 789 541 et
811 504 1055 551 gubernationes
1077 501 1182 547 reeligi

438 566 467 592 et
483 557 624 604 deputari
642 556 778 604 possint)
800 554 897 589 officia
922 553 950 586 in
970 552 1103 599 singulis
1125 552 1184 597 pri-

439 606 568 643 mordiis
598 606 793 652 singulorum
823 603 1031 650 capitulorum
1071 602 1183 636 liuius-

438 656 522 692 modi
556 656 686 692 omnino
717 665 839 690 cessare
874 661 903 688 et
936 651 1079 699 expirare
1108 663 1183 686 een-

437 714 574 742 scantur.

485 756 506 803 S
521 758 553 790 8.
569 755 730 790 Praeterea
747 753 776 786 in
797 752 913 787 eisdem
934 751 1092 797 capitulis,
1111 750 1183 785 sub-

436 805 591 842 stantialia
609 803 763 851 praedicta
779 801 959 836 nullatenus
976 800 1182 842 immutando,

436 866 665 902 quaecumque,
695 860 910 900 quotcumque
932 860 961 886 et
983 850 1182 898 qualiacum-

435 916 496 952 que
511 912 624 939 statuta
640 912 669 937 ct
691 901 904 937 ordinationes
920 901 999 936 inter
1017 913 1069 935 ros
1087 899 1180 935 edere

435 964 463 989 et
486 953 620 989 condere
643 965 697 988 seu
726 951 838 994 lacere,
864 963 899 986 ac
920 963 1029 985 eorum
1059 949 1180 997 singula

436 1005 465 1038 in
489 1012 552 1039 toto
577 1003 623 1039 vel
655 1002 683 1037 iu
716 1009 818 1049 parte,
845 1001 971 1048 quoties
1005 999 1092 1034 robis
1123 1012 1181 1046 op-

436 1063 607 1101 portunum
629 1051 794 1090 videbitur.
817 1051 984 1096 corrigere,
1004 1051 1180 1088 immutare,

433 1103 559 1142 addere,
576 1102 688 1149 illaque
711 1102 813 1136 oninia
838 1109 868 1134 et
889 1100 1011 1145 singula
1033 1112 1086 1146 pei·
1104 1111 1180 1133 cen-

433 1165 524 1188 suras
545 1151 772 1187 ecclesiasticas
798 1159 825 1184 et
848 1150 906 1184 alia
931 1150 1008 1184 iuris
1030 1148 1179 1187 remedia,

435 1211 553 1238 tantum
578 1202 653 1236 iuris
675 1200 818 1249 apicibus
841 1208 869 1234 et
892 1199 1046 1238 terminis,
1066 1198 1180 1232 litium-

434 1265 496 1300 que
517 1251 709 1286 anfractibus
733 1262 793 1284 nou
823 1249 964 1292 sei-vatis,
988 1247 1180 1295 irrefragabi-

434 1302 503 1337 liter
516 1301 672 1336 observari
696 1300 796 1335 facere
817 1308 847 1334 et
876 1298 1023 1333 mandare
1042 1297 1178 1345 possitis.

481 1351 556 1398 59.
592 1350 720 1385 Necnon
748 1361 843 1396 super
878 1348 953 1395 ipsis
984 1348 1179 1395 praepositus

249 1404 264 1440 ’ἶ
293 1410 343 1427 ⁷0¹⁶
372 1411 417 1442 ,ω’
432 1413 486 1435 seu
515 1401 598 1448 prior
630 1412 702 1434 cum
737 1399 1010 1446 quibuscumquc·,
1044 1405 1180 1432 rectores

234 1436 418 1494 ζῗιΪ-εηιὴαῖᾝξέἶ
434 1463 506 1485 rero
529 1449 679 1497 praedicti
701 1461 772 1484 cum
797 1448 826 1482 in
850 1447 1000 1482 domibus
1022 1460 1076 1482 seii
1102 1448 1180 1493 prio-

233 1503 293 1521 “'‘²
432 1499 551 1535 ratibus
577 1498 635 1534 sibi
658 1497 835 1533 commissis
861 1497 1050 1543 degentibus
1077 1497 1180 1532 fratri-

432 1549 555 1593 bus‚'in
580 1557 644 1584 toto
667 1548 711 1584 vel
736 1547 765 1582 in
790 1555 887 1595 parte.
911 1555 1001 1594 prout
1025 1546 1070 1582 eis
1094 1547 1179 1583 ride-

431 1600 527 1640 bitur,
549 1598 742 1647 dispensare.

479 1649 571 1696 8¹0·
595 1650 641 1683 Ac
669 1647 867 1695 praepositus
891 1646 936 1681 vel
961 1646 1045 1693 prior
1069 1659 1180 1682 omnes

247 1701 331 1724 ''⁸¹¹‘'
366 1708 416 1723 '‘¹“
431 1707 461 1734 et
475 1698 630 1746 singulos,
652 1706 788 1733 rectores
810 1709 882 1732 vero
906 1696 1056 1744 praedicti
1073 1697 1102 1731 in
1121 1697 1178 1731 sibi

233 1736 335 1759 ngsiiton
392 1734 416 1754 ad
539 1748 545 1754 .
584 1748 590 1754 .
706 1748 711 1753 .
919 1747 924 1752 .
999 1747 1004 1752 .

235 1765 328 1786 eim-21.
352 1765 417 1786 nan-
431 1761 610 1784 commissis
628 1747 778 1783 domibus
800 1759 855 1781 seu
879 1746 1069 1794 prioratibus
1091 1759 1180 1782 coin-

234 1801 284 1817 ὀη
295 1799 315 1818 οι
331 1797 414 1823 pinum

244 253 292 279 An.
311 254 339 280 C.
361 254 421 280 tuat

433 1806 592 1833 morantes
619 1797 742 1841 fraires,
766 1796 918 1843 Regulam
943 1796 1039 1842 ipsam
1057 1796 1179 1844 profes-

431 1860 496 1892 sos,
519 1859 612 1894 vagos
638 1856 667 1882 ct
702 1847 865 1893 fugitivos,
887 1858 943 1881 seu
967 1846 1044 1881 alios
1078 1846 1180 1881 delin-

431 1906 578 1946 quentes,
600 1897 684 1944 quod
700 1897 737 1931 ad
754 1896 923 1931 claustrum
948 1896 1075 1930 redeant
1097 1906 1126 1931 et
1147 1909 1181 1931 se

431 1946 622 1991 emendent,
658 1959 713 1994 per
748 1958 900 1981 censuras
937 1945 1117 1981 liuiusmodi
1151 1954 1181 1981 et

431 1997 507 2033 alias
534 2008 670 2043 poenas,
697 1996 841 2031 invocato
868 1995 958 2030 ctiam
987 1995 1024 2030 ad
1049 1995 1120 2039 lioc,
1155 1995 1179 2030 si

432 2059 512 2095 opus
533 2046 637 2091 suerii,
654 2046 772 2081 auxilio
794 2045 913 2080 brachii
935 2045 1116 2091 saecularis,
1126 2057 1181 2081 co-

432 2108 517 2144 gere,
539 2107 653 2143 capere
674 2104 704 2131 et
726 2096 932 2130 incarcerare.

481 2151 501 2199 S
517 2153 571 2186 11.
588 2150 728 2186 Novitios
742 2162 881 2198 quoque,
897 2150 1051 2197 professos
1067 2157 1097 2185 et
1110 2161 1179 2185 con-

235 2208 420 2268 dffiiswssm‘ffg
434 2218 540 2242 versos
561 2205 662 2240 dictae
685 2205 838 2252 Regulae,
862 2204 892 2238 in
917 2204 1057 2251 ipsorum
1077 2204 1182 2239 domi-

234 2257 420 2302 mini-ioue.»-
435 2260 494 2296 bus
515 2273 571 2296 seu
594 2260 782 2308 prioratibus
806 2258 866 2294 illis
880 2258 1065 2299 servientes,
1088 2259 1180 2294 etiam

235 2307 331 2332 '⁰¹'⁸'⁰³
433 2314 611 2350 saeculares
637 2314 807 2362 quoslibet,
831 2322 1009 2361 praesentes
1025 2321 1055 2347 ct
1079 2321 1183 2360 poste-

435 2381 496 2409 ros.
513 2370 663 2417 quotiens
684 2369 729 2404 eis
750 2376 964 2416 oppurtunum
985 2367 1087 2410 suerit,
1103 2367 1184 2414 ipso·

435 2436 504 2458 rum
527 2422 780 2459 confessionibus
804 2422 972 2468 diligenter
986 2420 1112 2460 auditis,
1129 2434 1184 2468 pro

434 2477 614 2513 commissis
637 2490 692 2525 per
713 2489 767 2512 eos
801 2477 829 2510 iu
853 2475 1022 2513 omnibus.
1046 2483 1184 2522 praeter·

434 2544 529 2580 quam
548 2530 624 2567 Sedi
640 2531 840 2579 Apostolicae
864 2530 1027 2565 reservatis
1046 2528 1184 2570 casibus,

436 2585 572 2622 debitam
600 2585 828 2621 absolutionem
858 2583 1039 2631 impendere
1070 2591 1100 2619 et
1129 2584 1185 2618 in-

436 2641 570 2689 iungere
592 2639 818 2689 poenitentiam
842 2638 1022 2674 salutarem.

1017 249 1199 273 numnius!
1223 247 1382 271 ROMANUM

1986 245 2037 272 Aa.
2048 245 2077 272 C.
2098 245 2163 272 ttint

1273 308 1288 345 g
1316 304 1367 336 ¹2.
1391 300 1520 336 Necnon
1544 300 1753 336 ecclesiastica
1776 309 1969 335 sacramenta
1998 310 2022 332 ει
2049 312 2080 332 ei·
2105 312 2169 332 mim-

1227 353 1403 386 ministrare
1427 350 1545 385 valeant
1570 358 1732 398 perpetuo.
1985 346 2053 364 “¹⁸¹⁹
2100 348 2160 364 *κ’*

1273 406 1288 443 ,ξ
1321 403 1372 435 15.
1397 400 1435 434 Ei
1457 401 1584 447 insuper
1608 400 1693 448 qnod
1721 399 1854 434 dilectus
1887 399 1970 435 lilius
1999 412 2155 434 t’rotessioum

1227 450 1356 485 lacubus
1380 459 1497 484 restrae
1519 451 1678 485 societatis
1705 450 1916 497 praepositus,
1940 451 1968 485 in
1985 449 2036 495 {52⁰
2051 450 2168 502 ssssnssssssffi

1227 499 1411 535 venerabilis
1433 499 1533 534 fratris
1557 500 1652 534 nostri
1676 499 1805 534 Antonii
1830 501 1969 547 episcopi
1985 509 2010 544 οι,
2027 506 2123 532 ‘ruwet
2144 511 2170 526 0-

1225 550 1457 590 Hosticnsisgac
1467 549 1708 597 subsequenter,
1725 558 1888 596 postquam
1905 549 1972 597 ipse
1985 542 2075 560 'mum

1226 600 1358 634 lacubus
1381 599 1464 633 illam
1486 599 1637 639 emiserit,
1661 611 1725 639 vos,
1748 599 1858 634 fratres
1887 611 1972 634 nunc

1224 650 1403 688 existentes,
1433 649 1462 682 iu
1486 649 1585 695 ipsius
1607 649 1709 684 lacobi
1734 648 1880 683 inanibus
1904 662 1973 695 pro-

1225 699 1392 734 fessionem
1411 698 1594 733 huiusmodi
1617 699 1759 733 emittere
1783 698 1921 740 valeatis,
1943 707 1972 733 et

1223 750 1387 797 episi-opo,
1417 749 1440 782 si
1469 749 1573 783 dictus
1596 748 1742 791 lacobus,
1777 760 1900 782 necnon
1925 747 1972 782 ta-

1223 799 1302 834 cnlio
1325 798 1497 846 praedicto,
1519 798 1543 832 si
1565 810 1617 833 vos
1639 798 1731 833 etiam
1755 797 1897 832 emittere
1917 811 1971 831 vo-

1224 849 1366 892 lueritis,
1397 849 1480 896 quod
1523 848 1749 894 professionem
1790 847 1970 882 liuiusmodi

1224 899 1364 946 recipere
1402 908 1430 932 et
1465 899 1630 933 admittere
1663 899 1783 943 possint
1811 897 1908 932 libere
1942 907 1970 933 et

1223 949 1327 991 licite,
1347 949 1528 984 auctoritate
1550 948 1738 994 apostolica,
1761 955 1868 982 tenore
1885 960 1971 994 prac-

1222 999 1386 1041 sentium,
1425 998 1463 1033 dc
1505 997 1632 1045 speciali
1677 997 1772 1043 gratia
1815 997 1970 1032 concedi-

1223 1061 1294 1082 mus
1328 1049 1445 1094 pariter
1480 1056 1511 1082 et
1549 1047 1770 1093 indiilgeinus3
1800 1046 1970 1082 venerabi—

1222 1098 1260 1132 lis
1295 1097 1398 1132 fratris
1427 1098 1522 1132 nostri
1546 1097 1685 1145 episcopi
1710 1096 1875 1134 chulani.
1897 1108 1970 1132 cae-

1222 1155 1424 1195 terorumque
1458 1147 1713 1186 ordinariorum,
1750 1158 1871 1181 necnon
1915 1158 1971 1192 pa-

1222 1197 1407 1232 roctiiatium
1442 1196 1676 1236 Ecclesiarnm,
1699 1209 1735 1230 ac
1758 1195 1972 1243 quorumlibet

1221 1247 1352 1281 aliorum
1370 1247 1490 1282 iuribus
1506 1248 1535 1281 in
1556 1247 1704 1281 omnibus
1725 1258 1852 1293 semper
1867 1245 1969 1281 salvis.

1269 1296 1289 1344 S
1309 1301 1360 1331 1-1.
1383 1296 1451 1331 Non
1473 1296 1670 1332 obstantibus
1695 1295 1972 1331 constitutionibus
1991 1305 2124 1327 obsianum
2134 1303 2170 1326 do-

1221 1356 1249 1381 et
1272 1346 1523 1381 ordinationibus
1545 1347 1739 1393 apostolicis,
1763 1358 1886 1380 necnon
1909 1337 2075 1380 Or·¹⁰⁸⁸'¹⁰'

1221 1397 1303 1430 dinis
1325 1395 1358 1430 S.
1383 1397 1551 1442 Augustini
1582 1397 1768 1430 iurauit-nto.
1791 1394 1873 1430 Nulli
1897 1407 1972 1442 ergo

1221 1455 1274 1481 etc.
1294 1445 1327 1480 Si
1351 1447 1422 1494 quis
1443 1455 1549 1481 autem
1572 1455 1624 1480 etr.

1270 1495 1384 1531 Datum
1411 1496 1604 1540 Florentiae,
1631 1509 1714 1530 anno
1746 1495 1973 1530 incarnationis

1220 1546 1397 1581 dominicae
1432 1548 1534 1586 1441,
1561 1546 1698 1592 septimo
1732 1544 1881 1580 kalendas
1916 1557 1973 1580 au-

1220 1597 1323 1644 gusti,
1353 1596 1552 1644 pontificatus
1579 1596 1676 1631 nostri
1704 1607 1788 1630 anno
1809 1607 1857 1630 ιι.

1274 1658 1334 1689 Dat.
1357 1659 1404 1689 die
1420 1658 1458 1689 25
1477 1658 1540 1689 iulii
1559 1658 1644 1693 1411,
1664 1657 1765 1697 pontif.
1784 1666 1861 1687 anno
1879 1665 1917 1687 xi.

1543 1817 1656 1853 xxvi.

1225 1896 1346 1929 Fratres
1385 1898 1420 1930 S.
1453 1894 1610 1929 Ambrosii
1629 1895 1684 1928 sub
1714 1904 1775 1928 una
1805 1905 1974 1939 conqreya-

1271 1946 1350 1979 tione
1378 1946 1570 1990 redi'quntui·,
1605 1946 1727 1989 ei'usque
1748 1951 1838 1989 capnt
1867 1955 1974 1977 mona-

1270 1996 1395 2029 sterium
1416 1995 1451 2030 S.
1473 1995 1632 2029 Ambrosii
1651 1995 1694 2028 ad
1715 1994 1830 2028 Nemus
1854 1994 1975 2028 Medio-

1271 2046 1391 2079 lanense
1412 2045 1618 2082 constituitur,
1646 2056 1756 2078 ninnus
1773 2044 1976 2090 proelatorum

1269 2095 1453 2141 praefinitur
1474 2102 1499 2129 et
1520 2095 1683 2139 pri‘vt'leqi'a
1697 2095 1902 2128 conceduntur
1918 2096 1974 2137 (1).

1495 2173 1710 2205 SUMMAIttUM

1224 2237 1390 2268 Exordium.
1419 2255 1457 2260 —
1482 2238 1505 2267 t.
1535 2236 1567 2267 Hi
1591 2236 1696 2266 fratres
1717 2236 1830 2266 diversa
1859 2236 1920 2266 loca
1946 2237 1974 2266 in

1265 2282 1344 2312 ltalia
1374 2283 1588 2322 acquisierunt,
1615 2286 1642 2311 et
1673 2280 1830 2310 virtutibus
1854 2281 1882 2310 in
1912 2281 1975 2311 dies

1265 2326 1450 2365 multiplicati
1467 2331 1544 2356 sunt.
1557 2325 1634 2355 -·2.
1652 2324 1708 2355 Eos
1724 2325 1821 2365 itaque
1842 2326 1869 2355 in
1888 2335 1975 2356 unam

1265 2372 1371 2410 redigit
1399 2371 1655 2410 congregationem
1684 2369 1848 2409 Eugeniu53
1880 2387 1919 2393 --
1948 2368 1991 2401 3.'

1265 2415 1394 2455 Eiusque
1422 2421 1509 2454 capnt
1537 2425 1603 2446 esse
1628 2415 1688 2445 vult
1710 2416 1922 2445 monasterium
1947 2414 1977 2446 S.

1266 2460 1412 2491 Ambrosii
1432 2461 1468 2490 ad
1487 2459 1607 2490 Nemus.
1628 2476 1667 2482 —
1688 2460 1716 2490 4.
1735 2459 1867 2498 Capitula
1891 2468 1977 2498 gene·

1266 2505 1336 2534 ralia
1356 2505 1482 2544 singulis
1503 2505 1637 2535 trienniis
1657 2504 1718 2534 sieri
1744 2504 1871 2534 mandat.
1890 2520 1928 2527 —
1945 2504 1974 2535 5.

1267 2547 1296 2578 ln
1310 2549 1418 2589 quibus
1430 2554 1535 2579 statuta
1543 2547 1671 2587 [legulae
1683 2558 1740 2578 non
1752 2549 1898 2578 contrariu
1913 2548 1977 2579 fieri

1263 2610 1302 2645 (t)
1319 2610 1395 2638 Hisce
1411 2611 1536 2638 fratribus
1551 2610 1643 2638 similia
1660 2611 1790 2638 concessit
1805 2609 1913 2646 Gregor.
1926 2609 1976 2643 Xl,

1227 2649 1339 2678 Constit.
1357 2657 1429 2685 xxii,
1451 2650 1528 2678 liuius
1548 2650 1615 2677 Butt.
1635 2654 1699 2678 tom.
1718 2658 1755 2683 tr,
1773 2658 1832 2686 pag.
1849 2650 1911 2679 578.
1930 2679 1935 2685 ,Α
