2281 3251
232 251 283 276 An.
304 250 332 276 C.
351 251 418 278 1505

482 240 550 273 ‚1⁸20

1023 249 1209 272 nummum!
1238 248 1399 272 nostrvm!

429 314 488 348 est,
517 304 678 343 mulctare,
703 304 826 351 punire,
853 311 883 339 et
905 303 964 338 sub
992 304 1100 350 poenis
1123 318 1178 350 pe-
1198 312 1202 363 ἰ
1222 304 1282 346 dis,
1297 303 1531 347 confirmandis,
1546 303 1760 350 approbandis
1775 313 1803 339 et
1818 303 1972 338 innovan-

428 355 578 389 cuniariis
609 363 638 388 et
660 354 804 388 censuris
831 354 1061 393 ecclesiasticis;
1088 362 1130 398 et,
1152 355 1176 387 si

427 405 473 438 eis
499 404 666 443 videbitur,
702 416 756 450 per
783 411 956 443 tormenta,
979 414 1123 437 carceres
1149 412 1174 436 rt

427 454 503 488 alios
531 454 686 500 legitimos
714 452 825 487 modos
874 454 1032 486 veritatem
1069 464 1177 486 eruet-i·

428 513 576 549 possunt.
607 503 706 536 taliter
737 502 822 549 quod
851 515 943 548 opera
974 501 1174 536 tenebrarum

427 554 668 598 malignantium
685 552 852 586 calumniis
867 561 895 585 et
917 551 1084 586 diabolicis
1108 565 1176 585 vcr-

425 604 515 636 sutiis
535 616 594 636 non
621 602 775 647 legantur,
795 601 849 636 sed
871 601 951 636 bene
965 602 1087 648 cognita
1105 601 1175 635 sun-

424 653 508 686 ditus
527 652 736 685 eradicentur.

473 702 492 748 (ξ
514 704 546 735 4.
566 701 751 735 Mandautvs
778 701 902 747 legalis,
918 701 1107 747 vicelegatis,
1122 714 1174 747 gir

348 768 363 779 »ι
386 768 400 778 ν
425 751 642 786 bernatoribus
670 759 698 785 et
729 751 993 795 locatenentibus,
1016 750 1176 797 archivpi—
1196 771 1197 779 i

372 800 408 812 ⁴“'‘
422 802 538 848 scopis,
562 801 734 847 episcopis,
761 801 900 847 gentium
932 813 1091 836 armorum
1122 814 1176 835 ca—

424 851 568 897 pitaneis,
593 851 809 889 thesaurariis,
833 850 1016 891 baronibus,
1038 851 1174 893 vicariis,

421 905 608 945 domicellis,
637 905 838 945 marescallis,
869 904 1032 943 barisellis,
1070 918 1174 939 armo-

421 972 489 994 rum
512 958 713 1003 ductoribus,
738 958 908 1002 iudicibus,
936 959 1175 993 communitati-

421 1013 479 1048 bus
500 1022 529 1048 et
552 1013 701 1048 omnibus
733 1014 802 1048 aliis
829 1013 966 1061 publicis
995 1022 1024 1048 et
1049 1013 1174 1060 privatis

420 1068 574 1114 personis,
605 1067 909 1115 quomodocumque
925 1069 1128 1116 nuncupatis,
1145 1078 1171 1103 et

418 1122 553 1169 singulis
587 1123 753 1157 antedictis
794 1131 825 1158 et
861 1124 1001 1170 ipsorum
1033 1123 1172 1163 cuilibet,

421 1176 449 1210 in
471 1177 584 1212 virtute
606 1185 733 1211 sanctae
756 1177 968 1222 obedientiae,
993 1187 1025 1213 ut
1051 1178 1170 1213 eisdem

418 1230 533 1266 clerico
557 1231 748 1279 praesidenti
778 1232 823 1266 vel
843 1231 967 1266 clericis
992 1232 1173 1278 praesiden-

419 1284 514 1329 tibus,
542 1285 704 1332 deputato.
727 1285 886 1332 deputatis
909 1285 956 1320 vet
980 1285 1171 1333 deputandis

417 1340 616 1384 assistant,et
627 1352 753 1374 omnem
769 1339 980 1375 obedientiam
992 1340 1172 1384 exhibeant,

418 1393 551 1441 eiusque
578 1394 723 1429 mandata
753 1394 974 1429 inviolabiliter
992 1394 1172 1439 observem,

418 1458 447 1482 et
471 1449 510 1483 ab
532 1449 612 1493 aliis,
648 1457 740 1496 prout
773 1449 921 1484 iusserint
942 1462 998 1484 seu
1033 1451 1172 1494 iusserit,

417 1501 574 1538 observari
612 1503 736 1543 saciant,
768 1503 863 1550 eique
898 1504 944 1538 vel
969 1503 1026 1545 eis,
1050 1504 1089 1539 de
1114 1517 1173 1551 op-

418 1558 562 1604 portunis
585 1557 755 1597 favoribus,
777 1558 902 1593 auxiliis
929 1567 959 1593 et
996 1559 1172 1606 pracsidiiS,

417 1613 563 1647 assistant
585 1621 616 1647 et
639 1611 834 1659 provideant.

465 1666 486 1713 g
512 1668 544 1700 5.
568 1666 752 1701 praemissis
774 1678 809 1700 ac
832 1666 1112 1702 constitutionibus
1145 1677 1172 1701 et

296 1738 299 1749 ι
343 1737 360 1749 n·
379 1720 668 1755 =1··or‹linationil)ns
690 1721 882 1767 apostolicis,
902 1733 1024 1755 necnon
1048 1724 1172 1756 statutis

378 1770 388 1779 ''
419 1783 448 1808 et
463 1775 602 1809 locorum
624 1775 870 1821 municipalibus
886 1776 1173 1811 consuetudinilius

418 1837 448 1863 et
468 1828 780 1876 praescriptionibus,
802 1841 836 1862 ac
859 1829 1024 1876 quibusvis
1049 1831 1172 1877 privile-

417 1883 488 1929 giis,
504 1882 636 1917 indultis
654 1891 684 1917 et
713 1883 980 1927 immunitatibus,
1003 1886 1174 1932 exemptio-

419 1937 526 1978 nibus,
553 1936 826 1977 concessionibus,
853 1937 1117 1984 dispositionibus
1145 1948 1170 1973 et

419 1991 527 2033 literis,
541 1999 602 2026 tam
618 2003 672 2038 per
687 2003 906 2038 quoscumque
919 1991 1080 2027 Romanos
1095 1993 1172 2028 Pon-

420 2046 519 2080 tifices
533 2046 578 2080 vel
593 2045 709 2081 Sedem
726 2045 953 2093 Apostolicam,
967 2047 1025 2081 sub
1040 2047 1174 2094 quibus-

421 2101 466 2133 vis
488 2100 654 2135 verborum
683 2099 792 2134 formis
814 2108 844 2134 et
871 2100 1021 2134 clausulis
1038 2129 1045 2140 ,
1079 2102 1171 2137 etiam

420 2154 684 2201 derogatoriarum
709 2154 926 2200 derogatoriis,
950 2155 1083 2202 aliisque
1106 2156 1171 2191 sor-

421 2208 564 2254 tioribus,
576 2208 805 2244 efficacioribus
821 2217 852 2243 ct
875 2209 1019 2249 insolitis,
1043 2211 1174 2245 irritan—

422 2263 567 2311 tibusque
593 2263 740 2304 decretis,
763 2265 857 2299 etiam
872 2276 909 2298 ex
934 2273 1018 2298 motu
1045 2265 1171 2311 proprio

422 2325 452 2351 et
474 2329 509 2351 ex
537 2325 618 2352 certa
642 2318 788 2362 scientia,
816 2325 845 2352 et
872 2318 1060 2364 apostolicae
1084 2327 1174 2365 pote-

421 2371 509 2406 statis
536 2371 744 2419 plenitudine,
766 2381 796 2406 et
817 2384 854 2407 ex
878 2371 1052 2419 quibusviS,
1080 2373 1172 2407 etiam

423 2427 568 2461 maximis
590 2435 621 2460 et
646 2427 876 2473 urgentissimis
895 2427 998 2462 causis
1016 2435 1046 2461 et
1065 2440 1174 2462 neces-

423 2480 579 2525 sitatibus,
592 2481 802 2516 communiter
819 2482 863 2515 vel
880 2481 1004 2516 divisim
1021 2481 1174 2517 hacteuus

424 2535 594 2576 concessis,
617 2535 718 2579 sactis,
732 2535 936 2573 confirmatis,
951 2535 1133 2582 approbatis
1145 2545 1173 2569 et

425 2589 588 2630 innovatis,
603 2589 1174 2637 nominatim,specialiteretexprvsse

424 2651 453 2678 ct
472 2644 499 2678 in
517 2651 676 2690 posterum
698 2644 800 2679 forsan
818 2643 1040 2685 concedendis,
1057 2644 1174 2679 sacien-

1220 358 1280 399 d.s,
1296 358 1422 403 quibus,
1445 358 1501 390 etsi
1524 371 1578 402 pro
1600 370 1706 392 eorum
1732 358 1899 391 sul'lirienti
1917 356 1972 390 di·-

1222 420 1393 455 rogationo,
1416 411 1454 444 de
1483 411 1542 444 illis
1564 423 1739 458 eorumque
1761 411 1836 446 totis
1851 412 1972 446 tenori-

1221 465 1278 499 bus
1315 467 1462 512 specitica
1495 475 1525 500 et
1558 478 1701 512 expressa
1736 478 1772 501 ac
1813 466 1970 500 individua

1220 520 1340 554 mentio
1366 519 1510 555 habenda
1533 520 1621 565 foret,
1639 520 1867 568 praesentibuS,
1889 533 1924 556 ac
1946 521 1970 556 si

1219 572 1257 607 de
1276 574 1371 609 verbo
1384 574 1421 609 ad
1443 574 1571 609 verbum
1593 575 1817 616 insererentur,
1832 588 1887 623 pro
1904 576 1972 611 sus-

1219 628 1360 663 ficis-nter
1381 629 1540 677 expressis
1566 629 1730 674 habentes,
1753 630 1855 677 quoad
1880 642 1972 677 prae-

1220 682 1312 717 missa
1329 683 1502 728 dumtaxat,
1517 683 1626 718 harum
1643 684 1862 729 serie,eis‹lem
1885 693 1970 720 motu

1218 745 1248 771 ‹rt
1263 738 1406 782 scientia,
1428 740 1608 786 specialiter
1624 748 1652 773 et
1668 751 1816 786 expresse
1836 739 1971 787 deroga-

1219 804 1299 836 mus,
1321 801 1351 827 et
1366 793 1415 827 illa
1440 793 1556 828 nemini
1580 793 1685 840 aliquo
1714 805 1862 840 umquam
1887 802 1969 829 tem-

1219 858 1291 891 pore
1325 848 1487 894 suffragari
1527 847 1670 882 volumus
1697 855 1729 882 et
1754 847 1971 889 decernimus,

1217 902 1410 948 caeterisque
1436 903 1602 937 contrariis
1630 902 1895 950 quibuscumque.

1264 956 1284 1002 g
1307 957 1338 989 6.
1360 955 1515 991 Volumus
1536 965 1641 991 autem
1665 957 1748 1004 quod
1774 966 1970 1005 transumpto

1218 1008 1246 1042 in
1263 1009 1393 1045 Camera
1409 1011 1590 1058 Apostolica
1606 1011 1686 1046 sacto
1702 1011 1886 1046 adhibeatur
1903 1012 1970 1059 ple-

1217 1075 1252 1097 na
1270 1064 1359 1109 fides,
1382 1065 1652 1112 quemadmodum
1680 1066 1815 1113 propriis
1830 1066 1970 1113 origina-

1217 1117 1307 1153 libus.

1265 1173 1379 1208 Datum
1402 1174 1523 1210 Romae
1545 1175 1629 1223 apud
1652 1175 1801 1210 Sanctum
1826 1175 1970 1220 Petrum,

1215 1227 1274 1262 sub
1283 1229 1399 1263 annulo
1408 1229 1593 1271 piscatoris,
1605 1230 1654 1265 die
1669 1230 1816 1276 vigesima
1831 1230 1969 1265 secunda

1217 1282 1295 1326 iulii,
1310 1283 1477 1318 millesimo
1493 1284 1746 1331 quingentesimo
1762 1293 1851 1320 sexto
1862 1313 1869 1325 ,
1889 1297 1969 1332 pon-

1217 1336 1350 1371 tificatus
1372 1338 1468 1372 nostri
1493 1350 1574 1373 anno
1603 1338 1707 1373 tertio.

1266 1398 1328 1428 Dat.
1344 1400 1390 1429 die
1413 1400 1450 1429 22
1474 1400 1537 1430 iulii
1560 1401 1642 1435 1500,
1664 1400 1857 1439 po11tis.anno
1877 1409 1918 1430 ιιι.

1573 1587 1628 1622 XI.

1220 1676 1333 1710 Contra
1347 1678 1471 1712 clericos
1489 1685 1515 1711 et
1528 1679 1683 1712 ministros
1692 1679 1766 1713 Rev.
1783 1679 1866 1713 Cam.
1882 1680 1970 1725 Apo-

1264 1732 1346 1775 stol„
1360 1734 1584 1777 quomodolibet
1600 1734 1632 1766 i'n
1653 1735 1855 1768 contractibus
1868 1745 1968 1768 rerunt

1265 1788 1462 1821 cameralt'uni
1483 1788 1714 1832 participantes.

1486 1866 1699 1897 SUMMARJUM

1216 1931 1309 1961 (lausa
1335 1933 1421 1961 huius
1451 1932 1668 1971 prohibitionis.
1692 1951 1730 1955 —
1759 1934 1784 1963 Ἰ.
1809 1933 1970 1963 Prohibitio

1257 1977 1449 2016 participandi
1475 1978 1502 2006 in
1527 1977 1727 2007 contractibus
1755 1987 1853 2008 rerum
1874 1987 1970 2008 came-

1256 2021 1372 2050 ralium.
1394 2038 1432 2042 —
1450 2021 1477 2051 Ξ).
1504 2021 1597 2051 Poena
1620 2022 1775 2052 scientium
1796 2027 1823 2052 et
1841 2031 1898 2052 non
1918 2031 1968 2051 re-

1257 2066 1426 2095 velantium.

1294 2141 1381 2170 lulius
1401 2142 1542 2178 episcopus
1559 2149 1655 2172 servus
1679 2149 1820 2171 servorum
1831 2143 1894 2176 Dei.

1442 2193 1518 2220 motu
1544 2192 1665 2228 proprio.
1690 2193 1745 2221 etc.

1266 2263 1471 2311 Pei-cepimus
1493 2277 1508 2299 a
1533 2265 1592 2300 [ide
1606 2265 1711 2312 dignis
1725 2277 1761 2299 ac
1779 2265 1896 2312 pluries
1913 2266 1942 2300 in
1954 2287 1968 2292 -

1218 2318 1339 2353 formati
1356 2318 1472 2354 suimus
1493 2319 1575 2366 quod
1593 2320 1622 2353 in
1638 2319 1763 2367 appaltu
1779 2319 1969 2366 aluminum,

1216 2372 1349 2408 Sanctae
1375 2372 1539 2408 Cruciatae
1567 2373 1612 2408 vel
1644 2374 1885 2409 concessionum
1912 2374 1970 2409 do-

1218 2427 1386 2472 hanarum,
1401 2428 1615 2463 thesaurariae
1636 2440 1672 2462 ac
1689 2427 1817 2463 salariae
1839 2437 1869 2463 et
1888 2428 1969 2463 alia—

1218 2495 1284 2517 rum
1309 2495 1426 2523 rerum,
1449 2478 1605 2530 quaeper
1629 2495 1684 2517 nos
1706 2495 1760 2517 seu
1784 2483 1893 2518 ordine
1910 2495 1968 2517 no-

1216 2546 1291 2576 stro,
1320 2550 1374 2584 per
1396 2537 1572 2584 praesideo.
1601 2546 1630 2571 et
1657 2537 1789 2572 clericos
1816 2536 1969 2572 Gamerae

1218 2598 1340 2626 nostrae
1353 2591 1550 2638 Apostolicae
1564 2591 1794 2635 conceduntur,
1813 2591 1850 2626 ad
1869 2604 1925 2626 nos
1939 2601 1968 2626 et

1217 2644 1327 2680 fiscum
1341 2653 1482 2680 nostrum
1503 2653 1656 2693 spectan.,
1673 2645 1814 2680 nonrmlli
1826 2657 1859 2680 se
1878 2646 1968 2680 iutro-

1988 245 2038 272 An.
2056 244 2084 270 C.
2105 245 2170 272 1506

1996 965 2016 984 ὶί
2026 966 2057 985 tos
2066 969 2170 986 transum-

1986 1000 2006 1023 pt
2018 1005 2039 1016 u.
2054 997 2113 1017 huius
2127 999 2169 1018 bul-

2004 2273 2017 2293 (ἶ
2026 2281 2069 2294 ,um
2085 2274 2145 2294 huiufl

1997 2313 2016 2332 ιιι
2024 2307 2152 2326 affinitiones.
