2281 3251
94 288 144 314 An.
162 288 191 314 c.
212 287 276 314 ιιςιες
974 283 1033 306 uzo
1057 284 1073 305 x
1097 283 1143 305 ιψ.
1703 272 1773 307 629
1841 281 1890 308 An
1908 282 1935 309 c.
1954 283 2021 309 ism

291 339 370 384 sitis,
391 350 471 386 quae
492 337 637 394 ambi—gua
660 346 748 379 sunt,
765 350 819 386 per
834 347 957 373 nostrae
980 338 1035 373 de·
1053 343 1059 363 ¹
1077 338 1115 372 sit
1148 349 1215 372 esse
1252 336 1281 371 in
1319 336 1414 372 cboro
1443 337 1472 371 in
1502 337 1650 373 omnibus
1683 338 1769 374 horis
1797 348 1826 374 et
1855 344 1893 364 δε
1898 345 1951 364 ⁰¹¹¹
1967 344 2022 365 dub·

291 388 468 424 clarationis
503 388 725 429 ministerium,
750 388 836 422 vobis
876 388 965 435 plana
1006 396 1035 422 et
1078 399 1249 434 numquam
1265 386 1412 431 descere
1434 387 1600 434 aliqnando
1619 397 1825 436 occupatione
1842 377 2024 433 ²2²251⁹1¹W1²2

291 446 394 486 aperta
417 437 559 483 reddere,
582 438 620 473 de
649 437 839 485 benivnitate
868 437 1034 486 apostolica

108 591 175 612 Prima
196 591 276 612 ‹lutita-

94 623 122 643 tto
146 623 201 643 cti-cu
221 623 276 643 reri-

94 655 194 675 tutionem
213 653 275 673 rttvtni

94 684 169 706 officit:

1078 437 1152 471 satis
1185 436 1261 479 levi,
1294 436 1462 484 aliquando
1502 437 1617 482 taedio,
1658 438 1878 485 3Ιίηιι3ηᾶο““·
1883 437 2023 463 ''¹‘'⁵⁰¹³⁰¹⁰‘³

291 489 505 535 dignaremur.
1079 487 1136 521 alia
1161 486 1349 533 negligentia
1373 494 1401 521 et
1424 487 1592 534 aliquando
1615 500 1669 523 vos
1690 488 1824 536 aliquam

1080 536 1185 570 boram
1215 536 1302 570 vobis
1329 536 1450 582 eligatis
1487 549 1541 583 per
1576 550 1630 572 vos
1663 538 1746 585 ipsas
1775 546 1827 573 aut

1079 599 1150 620 cnm
1185 586 1266 620 socia
1303 585 1394 620 boras
1422 585 1602 621 huiusmodi
1639 587 1826 634 persolvere;

1080 648 1216 682 cumque
1248 635 1380 670 multum
1409 635 1536 671 difficile
1559 636 1598 671 sit
1625 637 1828 672 conscientiis

1080 685 1232 720 timoratis
1255 685 1454 732 interpretari
1478 698 1558 733 quae
1581 687 1620 720 sit
1642 686 1693 722 illa
1717 699 1829 722 neces-

1079 735 1168 775 sitas,
1200 747 1280 781 quae
1308 743 1437 769 excuset
1473 748 1487 770 a
1523 735 1632 777 clior0,
1665 745 1828 784 propterea

1080 792 1186 818 utrum
1211 784 1354 819 monialis
1377 797 1461 825 sana,
1490 785 1548 819 sub
1572 798 1670 832 poena
1699 787 1829 833 peccati,

1082 834 1173 868 boras
1196 834 1226 867 in
1250 833 1346 868 choro
1368 846 1493 881 semper
1517 836 1694 882 persolvere
1721 844 1830 871 tenea-

1081 891 1142 927 tur,
1171 883 1270 930 posito
1313 884 1396 930 quod
1426 884 1455 918 in
1486 884 1582 920 cltoro
1617 885 1737 920 dicatur
1759 886 1830 921 offi-

1081 933 1164 967 cium
1188 933 1358 974 ordinarie,
1373 942 1407 967 ut
1428 942 1612 969 consuetum
1633 944 1691 981 est,
1713 948 1728 970 a
1747 948 1830 971 com-

1083 983 1196 1028 petenti
1227 995 1356 1017 numero
1385 984 1580 1023 monialium,
1600 985 1682 1019 iuxta
1705 987 1828 1033 copiam

1083 1032 1156 1066 inibi
1182 1032 1396 1073 residentium,
1411 1041 1440 1067 et
1455 1033 1536 1081 quod
1554 1043 1731 1090 propterea,
1750 1048 1830 1083 qnae

1083 1081 1111 1114 iu
1142 1082 1238 1116 choro
1275 1094 1335 1116 non
1366 1083 1511 1128 interest,
1545 1096 1606 1118 non
1635 1085 1749 1119 omittit
1777 1098 1831 1132 per

1082 1131 1217 1178 seipsam
1246 1142 1298 1167 ant
1321 1144 1392 1166 cum
1422 1133 1504 1167 socia
1534 1133 1662 1169 omnino
1691 1133 1829 1169 officium

1085 1181 1274 1227 persolvere,
1303 1182 1413 1227 petatis
1440 1182 1602 1217 declarari.

339 537 359 584 S
384 540 412 572 1.
437 537 486 578 Et,
509 537 591 572 sicut
607 537 715 572 eadem
731 537 884 584 expositio
907 537 1036 572 subinn-

290 587 395 634 gebat,
413 588 496 622 circa
519 586 747 622 observantiam
765 587 861 621 divini
878 587 984 631 officii,
999 599 1037 621 ex

293 637 390 684 prima
413 636 533 682 Regula
559 636 595 670 B.
613 636 723 671 Clarae
739 637 937 671 contineatur
953 636 1035 683 qnod

290 699 414 722 sorores
437 686 577 721 literatae
596 686 707 721 faciant
735 687 875 721 divinum
899 686 1036 721 osticium

290 736 465 771 secundum
489 736 753 771 consuetudinem
779 736 907 771 fratrum
935 735 1038 770 Mino-

291 799 372 827 rum‚
396 785 529 832 legendo
557 786 624 820 sine
648 794 753 827 cantu;
773 794 803 820 et
825 798 905 834 quae
931 785 1038 820 literas

291 836 438 871 nesciunt
460 836 562 870 dicant
591 837 684 869 Pater
709 843 820 876 noster,
848 845 877 870 et
906 847 961 882 pro
988 835 1038 869 de·

291 885 406 920 functis
434 886 537 920 dicant
572 885 663 919 etiam
692 886 720 919 in
756 885 893 932 vesperis
916 892 1037 932 septem

294 937 385 970 Pater
411 943 510 969 noster
543 942 572 969 et
601 937 742 980 Requt'cm
777 943 951 975 aeternam
983 946 1038 981 pro

291 985 444 1020 matutino
467 997 533 1025 xm
555 992 586 1019 et
615 997 737 1019 sorores
756 984 894 1020 literatae
916 992 1039 1018 tenean

292 1043 342 1069 tur
363 1035 468 1070 dicere
486 1034 625 1069 osticium
646 1042 860 1068 mortuorum:
885 1041 914 1068 et
937 1046 974 1068 ex
989 1045 1040 1067 se-

292 1084 392 1119 cunda
415 1084 536 1131 Regula
565 1083 694 1118 Ordinis
721 1083 754 1118 S.
778 1082 888 1118 Clarae
925 1083 1038 1117 huius-

293 1134 376 1169 modi
406 1146 460 1181 per
492 1133 542 1168 sel.
566 1146 626 1168 rec.
655 1132 818 1168 Urbanum
847 1133 962 1180 Papam
985 1131 1038 1176 lv,

295 1183 565 1230 praedecessorem
584 1191 736 1224 nostrum,
758 1195 830 1217 cnm
850 1184 948 1228 prima
967 1181 1041 1216 satis

295 1232 426 1268 obscura
449 1233 617 1276 videretur,
644 1231 817 1276 declarata,
843 1232 1041 1266 contineatur

296 1283 378 1329 quod
406 1282 445 1317 de
470 1282 574 1316 divino
596 1281 712 1322 officio,
735 1290 795 1315 tam
820 1282 849 1315 in
878 1281 929 1315 die
945 1293 1039 1328 quam

296 1332 325 1366 in
349 1339 439 1366 nocte
462 1331 600 1366 Domino
628 1330 845 1377 persolvendo,
868 1330 969 1365 taliter
991 1330 1040 1365 ob-

295 1389 445 1416 servetur:
475 1380 616 1415 videlicet
632 1380 713 1427 qnod
739 1380 806 1421 liae,
829 1393 910 1428 qnae
938 1380 1041 1427 legere

295 1438 325 1465 et
351 1442 462 1465 canere
486 1431 639 1470 noverint,
667 1430 840 1464 secundum
864 1439 1041 1465 consuetu-

295 1480 401 1515 dinem
417 1479 545 1514 Ordinis
569 1479 696 1514 fratrum
712 1480 883 1520 Minorum,
899 1479 1040 1514 divinum

295 1530 432 1565 ofticium
451 1529 585 1564 debeant
604 1529 772 1570 celebrare;
792 1529 953 1564 illiteratae
969 1541 1042 1564 vero

295 1579 401 1614 dicant
429 1581 522 1614 Pater
548 1587 657 1620 noster,
680 1587 709 1613 et
738 1592 793 1626 pro
820 1579 976 1614 defunctis
991 1579 1042 1613 di-

296 1638 367 1664 cant
388 1641 434 1664 vn
458 1631 552 1663 Pater
572 1637 672 1664 noster
689 1641 760 1663 cum
782 1630 923 1674 Reqm'em
947 1637 1042 1663 aeter-

295 1692 379 1718 nam:
397 1691 452 1726 pro
476 1679 628 1713 matutino
650 1691 700 1713 xu
722 1680 817 1713 Putet
837 1687 946 1723 noster,
964 1688 1043 1714 tem-

298 1741 372 1784 pore
398 1740 462 1776 quo
489 1740 612 1763 sorores
644 1728 784 1763 literatae
816 1728 932 1762 faciunt
971 1729 1042 1764 offi-

297 1780 378 1813 cium
415 1787 622 1813 mortuorum.
651 1778 691 1813 Et
712 1779 797 1825 quia,
812 1778 903 1812 etiam
928 1791 965 1813 ex
987 1778 1045 1813 de-

297 1828 466 1864 claratione
499 1841 554 1875 pei
583 1828 744 1863 Urbanum
770 1827 1042 1874 praedecessorem

298 1878 478 1914 huiusmodi
506 1877 598 1922 faeta,
620 1886 653 1912 ut
680 1878 866 1925 praefertur,
889 1878 1044 1913 mentibus

298 1929 409 1963 vestris
431 1927 534 1963 adbuc
560 1928 650 1974 plene
682 1927 874 1962 satisfactum
902 1940 962 1962 non
986 1936 1044 1971 est,

299 1990 370 2013 cum
407 1986 467 2012 tam
495 1989 533 2012 ex
562 1977 659 2024 prima
686 1989 779 2024 quam
811 1978 948 2012 secunda
980 1976 1045 2011 Re-

299 2027 369 2074 gula
398 2027 579 2062 huiusmodi
609 2039 733 2062 sorores
756 2026 895 2061 literatae
916 2035 1046 2062 tenean-

300 2086 351 2112 tur
383 2077 486 2111 dicere
512 2077 652 2111 osticium
685 2084 906 2118 mortuorum,
942 2085 1045 2111 tamen

300 2131 380 2166 circa
403 2130 541 2165 officium
566 2140 760 2165 mortuorum
781 2131 961 2165 huiusmodi
978 2143 1047 2166 cer-

302 2194 361 2219 tam
377 2184 633 2225 declarationem,
648 2197 686 2219 an
701 2197 845 2232 vesperas
860 2192 913 2220 aut
928 2185 1048 2231 vigilias

301 2246 497 2274 mortuorum
533 2238 637 2274 dicere
669 2239 699 2273 in
736 2239 832 2274 choro
865 2251 991 2286 semper
1018 2247 1047 2274 et

301 2293 441 2342 quotidie
468 2293 622 2338 debeatis,
655 2305 725 2329 cum
761 2293 872 2329 fratres
910 2294 1048 2329 Minores

301 2348 440 2384 officium
469 2356 666 2383 mortuorum
689 2347 884 2393 huiusmodi,
900 2348 956 2382 nisi
975 2356 1049 2382 tem-

302 2402 435 2451 poribus
461 2415 497 2438 ex
525 2402 694 2437 Ordinario
716 2401 860 2437 Romano
882 2410 911 2437 et
938 2414 1046 2437 eorum

301 2457 580 2493 constitutionibus
607 2456 732 2492 statutis
759 2469 819 2491 non
850 2456 1047 2504 persolvant,

303 2524 365 2547 non
384 2512 505 2547 habetis
524 2519 650 2559 propter
671 2511 756 2559 quod
780 2512 809 2545 in
834 2523 944 2557 magna
971 2523 1047 2546 con-

305 2567 507 2602 scientiarum
531 2566 735 2600 ssuetuatione
760 2574 789 2600 et
812 2566 964 2600 mentium
989 2578 1049 2601 ve—

304 2628 437 2656 strarum
467 2620 699 2668 perturbatione
720 2620 863 2655 existitis.

349 2674 369 2721 S
394 2676 426 2708 2.
449 2674 488 2710 Et
512 2675 654 2722 insuper,
677 2686 750 2710 cum
773 2673 901 2709 difficile
925 2685 1049 2721 semper

1131 1234 1145 1273 ἕ
1170 1234 1201 1264 5.
1226 1230 1486 1276 Praeterea,cum
1510 1241 1666 1267 asseratur
1687 1233 1755 1280 piae
1770 1245 1833 1268 me-

1084 1281 1201 1314 moriae
1224 1280 1444 1315 Innocentium
1474 1281 1535 1316 PP.
1564 1282 1635 1317 tht
1658 1295 1713 1318 seu
1735 1283 1829 1318 alium

1084 1329 1261 1364 Romanum
1281 1331 1475 1376 Pontificem,
1491 1331 1763 1378 praedecessorem
1780 1345 1833 1368 no-

1083 1387 1204 1424 strum,
1237 1380 1274 1414 ad
1312 1380 1465 1415 tollendos
1502 1382 1664 1417 discursus
1701 1382 1831 1418 fratrum

1083 1428 1214 1464 Ordinis
1240 1429 1433 1475 huiusmodi,
1455 1431 1539 1478 quod
1564 1431 1765 1479 fratresipsi,
1782 1432 1833 1466 di-

1084 1478 1185 1513 cendo
1199 1480 1339 1527 quinque
1356 1481 1449 1515 Pater
1470 1488 1570 1515 noster
1591 1493 1662 1516 cum
1684 1483 1749 1516 Ave
1760 1483 1834 1517 Ma—

1082 1529 1132 1563 ria
1154 1541 1257 1563 coram
1281 1529 1486 1565 Sicramento
1513 1531 1642 1572 altaris,
1666 1531 1810 1566 infirmi
1804 1545 1833 1566 in

1085 1577 1221 1633 grabatis
1248 1580 1313 1614 suis
1335 1592 1391 1626 pro
1415 1580 1494 1615 felici
1518 1589 1600 1615 statu
1622 1590 1747 1616 sanctae
1766 1581 1835 1615 Ma-

1086 1629 1141 1661 tris
1162 1627 1323 1663 Ecclesiae
1346 1629 1491 1670 dicendo,
1516 1639 1547 1665 ut
1569 1643 1674 1677 supra
1698 1630 1834 1666 habeant

1085 1677 1296 1712 eamdemnnt
1332 1679 1578 1725 indulgentium,
1601 1693 1682 1728 quae
1704 1689 1751 1716 est
1777 1693 1834 1716 se-

1086 1727 1186 1761 cundi
1215 1728 1265 1762 dir
1301 1729 1422 1774 angusti
1460 1730 1489 1764 in
1525 1730 1638 1765 Sancta
1673 1731 1767 1765 Maria
1796 1730 1834 1765 de

1086 1777 1226 1823 Angelis
1249 1779 1315 1812 sire
1342 1779 1380 1812 de
1407 1778 1610 1814 portiuncula
1639 1780 1721 1827 apud
1745 1781 1836 1815 Assi-

1086 1827 1180 1868 sium,
1217 1836 1307 1875 prout
1342 1828 1392 1862 illa
1428 1828 1478 1862 die
1507 1842 1522 1863 a
1551 1829 1671 1864 devotis
1708 1830 1835 1877 populis

1088 1876 1234 1911 lucratur.
1263 1877 1362 1918 Item,
1390 1878 1473 1924 quod
1510 1879 1646 1914 direndo
1668 1879 1727 1914 alia
1747 1880 1836 1926 quin-

1087 1938 1148 1972 que
1162 1928 1256 1962 Pater
1271 1937 1370 1961 noster
1383 1936 1412 1961 et
1425 1930 1490 1962 Ate
1504 1930 1623 1973 Maria,
1638 1941 1708 1964 cum
1727 1930 1835 1964 Gloria

1088 1977 1207 2010 Patri
1202 1990 1231 2011 in
1261 1977 1321 2011 fine
1349 1977 1517 2012 cuiuslibet
1552 1980 1648 2013 Pater
1673 1987 1783 2019 noster,
1805 1987 1836 2013 et

1090 2026 1146 2071 ipsi
1170 2026 1280 2063 fratres
1301 2027 1452 2062 stationes
1473 2027 1567 2062 Urbis
1581 2056 1589 2072 ,
1612 2028 1836 2074 subiungendo

1089 2088 1186 2110 unum
1210 2078 1303 2111 Pater
1325 2084 1425 2111 noster
1446 2085 1475 2112 et
1498 2079 1561 2111 Ave
1582 2079 1690 2112 Maria
1714 2090 1770 2125 pro
1793 2078 1838 2112 in-

1090 2129 1227 2164 tentione
1254 2130 1374 2165 domini
1403 2131 1622 2174 concedentis,
1650 2141 1679 2167 et
1707 2132 1837 2180 insuper

1091 2183 1157 2229 piae
1173 2185 1342 2219 memoriae
1357 2185 1434 2219 Pius
1450 2184 1489 2229 11,
1503 2186 1595 2220 etiam
1613 2185 1837 2233 praedecessor

1090 2246 1214 2284 noster,
1238 2238 1355 2274 eisdem
1393 2239 1538 2274 fratribus
1570 2239 1836 2285 ultramontanis,

1091 2299 1134 2333 ut,
1147 2292 1276 2340 Septem
1291 2293 1433 2328 psalmos
1448 2293 1836 2329 poenitentialesdieendo

1090 2359 1160 2381 cum
1178 2347 1319 2389 Litaniis,
1334 2348 1546 2395 indulgentias
1559 2348 1726 2383 stationum
1742 2348 1837 2383 Urbis

1091 2401 1242 2437 baberent
1263 2411 1293 2438 et
1314 2410 1594 2450 consequerentur,
1614 2403 1789 2444 indulserit;
1806 2410 1836 2437 et

1092 2456 1166 2503 ipsis
1180 2457 1327 2492 fratribus
1350 2457 1440 2491 toties
1461 2457 1584 2503 quoties
1603 2457 1758 2492 Coronam
1777 2456 1838 2492 Do·

1091 2512 1165 2546 mini
1192 2512 1260 2547 Iesu
1284 2511 1400 2547 Clu-isti
1425 2519 1454 2546 et
1476 2511 1617 2559 Virginis
1643 2511 1759 2546 Mariae
1781 2511 1836 2546 di—

1091 2574 1207 2606 cerent,
1235 2565 1403 2613 plenariam
1428 2565 1577 2601 baberent
1600 2565 1836 2611 indulgentiam,

1091 2631 1276 2655 concessum
1300 2619 1395 2654 fuisse
1423 2627 1590 2655 asseratur.

1138 2675 1211 2721 54.
1244 2674 1370 2717 Quare,
1407 2682 1438 2709 ut
1478 2674 1648 2722 praemissa
1684 2672 1772 2708 vobis
1797 2685 1835 2708 ex

1859 1241 1928 1262 Tertia
1946 1242 2027 1262 dubita-

1847 1274 1874 1293 tio
1890 1274 1945 1293 eirca
1960 1273 2029 1293 intul-

1847 1305 1935 1330 gennas.
