2281 3251
62 339 111 367 An.
127 339 156 366 C.
176 339 238 366 tuat

89 769 200 791 etnunutn

67 799 220 826 duraz-tortu.

115 2341 176 2363 run

55 2375 237 2400 tunnutnptorum.

942 340 1004 363 LEO
1026 339 1048 362 Χ
1072 340 1118 362 ΡΙ).

258 392 460 433 monasteria,
480 391 592 427 domos
615 401 646 427 et
667 393 746 437 loca,
769 406 889 430 necnon
916 395 1007 442 privi-

257 446 355 493 legia,
377 447 600 482 concessiones
626 456 656 482 et
679 448 795 483 indulta
825 449 981 496 praedicta
997 476 1004 487 ,

257 510 287 535 et
321 501 350 535 in
385 502 431 536 eis
458 502 505 536 vel
533 514 641 536 eorum
666 502 771 549 aliquo
798 512 968 547 contenta,
989 515 1005 537 a

257 555 548 601 quoquam,quavis
570 557 755 591 auctoritate
778 556 925 603 fungente
949 569 1004 592 seu

257 608 416 651 functuro⁷
444 608 579 643 scienter
613 609 661 644 vel
699 610 878 657 ignoranter
900 612 1005 646 conti-

255 669 334 707 gerit
355 670 511 697 attentari.

305 715 325 762 S
344 718 376 750 8.
396 715 465 751 Non
480 716 679 752 obstantibus
694 719 870 765 praemissis
884 731 919 754 ac
934 731 1007 753 con-

256 770 473 805 stitutionibus
489 778 518 805 et
537 771 791 806 ordinationibus
812 772 1005 820 apostolicis,

257 836 380 859 necnon
405 823 536 859 Ordinis
563 832 593 858 et
615 824 744 860 militiae
772 826 1004 872 praedictorum

257 878 456 922 iuramento,
491 878 728 913 confirmatione
763 880 930 926 apostolica
959 879 1005 914 vel

255 931 365 978 quavis
385 931 529 966 firmitate
556 932 616 966 alia
653 932 805 967 roboratis
827 934 949 968 statutis
976 942 1006 968 et

255 985 555 1029 consuetudinibus,
577 985 816 1027 stabilimentis,
834 987 944 1022 usibus
976 996 1005 1022 et

256 1040 386 1084 naturis,
399 1052 434 1074 ac
457 1040 622 1087 quibusvis
635 1040 704 1075 aliis
722 1041 894 1088 privilegiis
909 1054 944 1077 ac
964 1042 1006 1076 in-

254 1092 349 1127 dultis
370 1094 553 1140 apostolicis
570 1093 727 1128 Ordinum
743 1094 1004 1130 Cisterciensium

256 1146 456 1191 huiusmodi7
479 1147 538 1181 sub
559 1147 816 1195 quibuscumque
843 1149 1005 1183 tenoribus

254 1208 283 1234 ct
307 1200 473 1241 sormis‚ac
495 1213 566 1235 cum
586 1201 752 1248 quibusvis
768 1202 1004 1246 efficacissimis,

255 1254 406 1295 insolitis,
429 1255 522 1289 etiam
547 1254 814 1301 derogatoriarum
838 1255 1005 1302 derogato-

254 1309 321 1354 riis‚
337 1310 486 1345 clausulis
506 1310 714 1351 irritantibus3
730 1322 824 1357 quam
839 1311 932 1345 etiam
949 1310 1005 1345 de-

253 1364 346 1398 cretis
359 1364 440 1408 aliis,
456 1364 548 1398 etiam
573 1363 691 1398 iteratis
708 1364 827 1398 vicibus
844 1365 1005 1400 concessis

253 1426 282 1451 et
304 1417 515 1462 confirmatis,
537 1417 666 1464 quibus,
689 1426 845 1464 quatenus
867 1418 1004 1459 obstent,

253 1470 347 1505 etiam
372 1471 397 1505 si
421 1471 460 1506 de
482 1471 527 1506 eis
550 1484 724 1518 eorumque
746 1472 817 1506 totis
844 1472 1004 1507 tenoribus

252 1525 419 1572 specialis,
454 1525 598 1572 specifica
628 1525 673 1559 vel
711 1525 872 1559 individua
895 1533 925 1560 et
949 1538 1004 1560 ex-

254 1591 361 1626 pressa
390 1581 509 1615 mentio
543 1579 704 1623 habenda,
738 1587 789 1614 aut
823 1579 927 1626 aliqua
950 1592 1005 1614 ex-

252 1633 368 1679 quisita
397 1632 494 1668 forma
518 1633 554 1668 ad
578 1632 638 1668 hoc
666 1632 817 1668 servanda
847 1633 938 1677 soret,
956 1642 1001 1668 te-

253 1699 345 1722 nores
360 1688 600 1731 tiniusmodi‚ac
615 1688 639 1721 si
655 1688 693 1721 de
704 1688 797 1722 verbo
812 1687 1003 1728 adverbum,

252 1749 281 1774 et
305 1741 404 1776 forma
427 1741 456 1775 in
482 1741 542 1775 illis
570 1741 680 1775 tradita
704 1741 879 1785 observata,
896 1741 1002 1776 inserti

252 1794 371 1839 forent,
395 1795 614 1842 praesentibus
644 1807 699 1841 pro
726 1795 920 1831 sufficienter
942 1808 1003 1830 ex-

253 1848 371 1895 pressis
392 1857 422 1883 et
450 1849 575 1884 insertis
599 1849 761 1888 babentes,
791 1849 849 1883 illis
876 1849 952 1883 alias
973 1850 1002 1884 in

251 1914 310 1937 suo
334 1902 446 1937 robore
475 1903 710 1949 permansuris,
739 1903 796 1937 liac
819 1903 885 1938 vice
908 1903 1003 1937 (lum-

253 1964 347 2001 taxat‚
364 1956 544 2004 specialiter
565 1965 593 1991 et
621 1969 773 2004 expresse
801 1957 1003 2004 derogamus3

253 2023 373 2046 necnon
393 2010 543 2046 omnibus
567 2010 637 2051 illis,
649 2023 728 2058 quae
743 2011 817 2045 dicti
830 2011 1004 2056 Honorius,

251 2065 421 2105 Martinus,
444 2065 554 2099 Sixtus
581 2074 610 2100 et
636 2064 841 2100 Innocentius
870 2066 1004 2111 praede-

251 2131 393 2154 cessores
416 2120 445 2154 in
472 2119 616 2166 praefatis
638 2131 748 2154 eorum
772 2119 872 2154 literis
895 2120 1004 2155 volue-

253 2181 324 2207 runt
360 2186 421 2209 non
457 2173 604 2214 obstare,
632 2186 668 2208 ac
696 2185 896 2220 quacumque
924 2186 1003 2208 con-

251 2227 420 2263 suetudine
444 2228 631 2272 introducta⁷
659 2228 855 2275 caeterisque
878 2237 1004 2263 contra-

253 2282 306 2317 riis
333 2282 598 2329 quibuscumque..

301 2340 315 2379 ἓ
337 2339 370 2371 9.
393 2337 572 2376 Caeterum,
601 2336 680 2383 quia·
702 2335 826 2370 difficile
850 2336 928 2370 foret
950 2344 1001 2370 ecc.

301 2389 385 2425 Nulli
408 2403 484 2437 ergo
505 2398 557 2425 etc.

301 2443 335 2480 Si
363 2445 434 2493 quis
461 2452 564 2479 autem
592 2452 645 2478 etc.

302 2498 417 2534 Datum
440 2498 561 2534 Romae
580 2497 663 2546 apud
687 2497 838 2532 Sanctum
862 2495 1002 2537 Petrum,

253 2565 336 2588 auno
367 2552 596 2588 Incarnationis
625 2551 801 2586 dominicae
836 2551 1003 2585 millefflmo

253 2608 506 2654 quingentesimo
530 2606 800 2653 vigesimoprimo,
816 2605 940 2640 decimo
953 2605 1004 2640 ka-

253 2660 363 2696 lendas
386 2661 472 2702 iulii,
495 2660 696 2708 pontificatus
725 2659 821 2694 nostri
844 2671 927 2693 anno
954 2671 1001 2693 rx.

298 2726 359 2757 Dat.
379 2728 424 2757 die
447 2727 484 2757 ⁹22
500 2727 571 2758 iunii
596 2727 677 2765 ¹521,
701 2726 802 2766 pontis.
821 2735 898 2755 anno
917 2734 953 2755 tx.

1677 330 1747 362 773

1385 395 1435 430 Ll-

1049 477 1199 510 Henricus
1220 484 1353 514 octavus,
1376 488 1432 510 νη
1457 477 1602 520 Αηῃῖίαε,
1629 477 1716 510 tilulo
1744 478 1797 511 de-

1095 527 1223 570 fensoris
1245 527 1429 560 christianae
1450 527 1522 570 fidei
1542 527 1689 564 donatur,
1715 528 1798 571 quod

1097 583 1203 609 contra
1226 576 1400 609 Martinam
1428 576 1592 610 Lutheram
1619 577 1740 621 eiusque
1770 584 1796 609 ee

1096 626 1230 658 aliorum
1261 625 1393 658 haereses
1411 626 1543 669 scripsi&
1571 632 1597 658 et
1623 626 1703 670 ipsos
1724 626 1797 658 hae-

1095 675 1201 708 reticos
1228 686 1389 718 eorumque
1410 686 1547 719 sequaces
1561 675 1703 720 persequi
1720 686 1797 719 pro-

1095 724 1206 768 fitetur.

1314 802 1526 833 stimulantum

1047 866 1235 898 Prooemium.
1260 885 1299 890 —
1321 870 1346 898 1.
1370 868 1512 898 llenricus
1532 868 1638 898 librum
1668 869 1795 909 scripsit,

1086 916 1186 941 contra
1218 912 1387 948 Lutlierum,
1409 917 1437 942 et
1462 913 1529 942 liuic
1552 912 1684 942 Pontifici
1715 913 1795 942 misit

1086 957 1150 985 eius
1173 956 1413 995 approbationem
1437 961 1549 995 petens.
1571 974 1610 979 —
1634 956 1661 986 2.
1683 956 1737 992 Qui
1762 957 1796 986 il·

1087 1000 1146 1028 lum
1177 1000 1326 1039 approbat;
1351 1017 1390 1022 —
1417 1001 1444 1030 3.
1472 999 1600 1030 Titulum
1632 1000 1795 1030 defensoris

1087 1043 1152 1073 fidei
1171 1044 1213 1073 illi
1229 1044 1410 1080 donau—4.
1426 1044 1536 1080 Eidem,
1552 1045 1669 1083 coniugi
1681 1049 1709 1073 et
1725 1044 1794 1074 siliis

1086 1087 1242 1117 benedicit.
1261 1105 1299 1111 -
1318 1088 1435 1118 Sanctio
1458 1089 1601 1128 poenalis.

1045 1162 1094 1190 Leo
1120 1162 1261 1198 episcopus
1281 1169 1375 1191 servus
1403 1170 1542 1192 servorum
1560 1164 1616 1196 Dei.
1654 1164 1796 1193 carissimo

1090 1212 1118 1239 in
1139 1211 1247 1240 Christo
1266 1211 1322 1240 filio
1341 1212 1462 1245 Hem-ico,
1483 1213 1594 1248 angliae
1603 1214 1663 1248 regi
1675 1214 1792 1247 illustri,

1089 1260 1151 1289 fidei
1171 1260 1452 1294 derens0r1,satutem
1472 1263 1501 1290 et
1521 1263 1698 1298 apostolicam
1716 1263 1794 1291 bene·

1087 1310 1242 1338 dictionem.

1096 1381 1141 1416 Ex
1159 1395 1315 1429 supernae
1331 1382 1548 1430 dispositionis
1563 1383 1705 1424 arbitrio,
1722 1385 1794 1421 licet

1046 1431 1219 1478 imparibus
1251 1433 1390 1477 meritis,
1415 1433 1599 1468 universalis
1632 1433 1794 1469 Ecclesiae

1045 1481 1189 1527 regimini
1220 1482 1445 1528 praesidentes,
1472 1482 1510 1517 ad
1535 1482 1594 1517 hoc
1620 1483 1724 1518 cordis
1742 1496 1794 1518 no-

1045 1531 1097 1564 stri
1123 1531 1215 1576 longe
1242 1531 1364 1578 lateque
1386 1531 1595 1566 diffundimus
1628 1534 1792 1579 cogitatus,

1047 1587 1079 1613 ut
1103 1579 1179 1614 fides
1206 1580 1371 1625 catholica,
1394 1582 1463 1615 sine
1478 1593 1538 1628 qua
1562 1593 1654 1616 nemo
1668 1582 1792 1629 proficit

1045 1628 1083 1662 ad
1111 1629 1263 1674 salutem,
1291 1631 1475 1664 continuum
1504 1631 1655 1677 suscipiat
1689 1632 1793 1666 incre—

1048 1686 1201 1719 mentuni;
1223 1687 1253 1713 et
1289 1687 1321 1713 ut
1343 1692 1391 1723 ea,
1413 1692 1504 1726 quae,
1530 1692 1584 1726 pro
1607 1680 1793 1716 cohibendis

1045 1727 1209 1763 conatibus
1229 1728 1311 1763 illam
1334 1729 1511 1776 deprimere
1527 1738 1579 1763 aut
1596 1730 1697 1776 pravis
1710 1743 1794 1765 meu-

1045 1776 1239 1824 dacibusque
1267 1779 1455 1813 commentis
1480 1788 1656 1823 pervertere
1680 1788 1710 1814 et
1736 1780 1794 1814 de-

1046 1827 1167 1872 nigrare
1189 1827 1400 1871 molientium,
1428 1840 1501 1862 sana
1530 1829 1792 1871 christifidelium,

1046 1876 1226 1921 praesertim
1255 1877 1405 1923 dignitate
1446 1877 1538 1924 regali
1579 1878 1792 1924 fulgentium,

1044 1925 1187 1960 doctrina
1215 1935 1290 1961 sunt
1320 1927 1491 1973 disposita,
1514 1927 1672 1962 continuis
1696 1928 1792 1975 prosi-

1044 1982 1127 2009 (nant
1142 1983 1357 2015 incrementis,
1382 1984 1484 2021 partes
1507 1984 1602 2010 nostri
1626 1977 1791 2011 ministerii

1044 2034 1071 2058 et
1096 2036 1223 2070 operam
1248 2025 1462 2071 impendimus
1481 2026 1632 2060 efficaces.
1656 2026 1696 2060 Et
1711 2027 1792 2061 sicut

1043 2073 1093 2107 alii
1116 2074 1252 2109 Romani
1267 2074 1448 2115 Pontifices,
1464 2075 1720 2121 praedecessores
1734 2087 1792 2110 no-

1044 2123 1111 2167 stri7
1134 2123 1305 2158 catholicos
1333 2123 1503 2171 principes,
1525 2133 1616 2170 prout
1641 2137 1745 2160 rerum
1762 2132 1791 2160 ct

1045 2182 1224 2220 temporum
1250 2173 1381 2220 qualitas
1404 2173 1566 2220 exigebat,
1601 2174 1791 2221 specialibus

1045 2221 1201 2257 favoribus
1217 2223 1363 2270 prosequi
1382 2232 1619 2268 consueverant,
1635 2224 1703 2259 illos
1717 2236 1793 2272 prae-

1043 2273 1164 2311 sertim,
1181 2273 1247 2319 qui,
1264 2272 1446 2319 procellosis
1469 2273 1664 2319 temporibus
1687 2282 1715 2308 et
1740 2286 1790 2308 ra-

1045 2321 1114 2356 bida
1138 2322 1407 2356 schismaticorum
1431 2330 1461 2356 et
1484 2322 1711 2357 baereticorum
1729 2323 1791 2357 fer-

1045 2379 1134 2405 vente
1166 2371 1312 2418 perfidia,
1336 2384 1396 2405 non
1425 2371 1526 2405 solum
1556 2372 1584 2406 in
1609 2373 1680 2407 fidei
1703 2384 1790 2407 sere-

1045 2420 1138 2455 nitate
1169 2429 1199 2455 et
1232 2421 1397 2455 devotione
1427 2420 1541 2455 illibata
1575 2431 1790 2457 sacrosanctae

1043 2469 1204 2505 Romanae
1237 2470 1396 2504 Ecclesiae
1432 2470 1609 2506 immobiles
1644 2472 1790 2519 perstite-

1045 2528 1127 2560 runt,
1147 2532 1252 2554 verum
1266 2520 1371 2559 etiam,
1391 2529 1549 2566 tamquam
1569 2521 1664 2567 ipsius
1680 2520 1790 2556 Eccle-

1043 2570 1106 2603 siae
1143 2569 1273 2615 legitimi
1310 2569 1360 2602 lilii
1385 2581 1419 2603 ac
1446 2568 1606 2604 fortissimi
1642 2570 1788 2614 athletae³

1043 2618 1312 2653 schismaticorum
1345 2627 1375 2653 et
1409 2619 1635 2653 baereticorum
1671 2620 1788 2654 insanis

1043 2667 1201 2702 furoribus
1228 2667 1430 2714 spiritualiter
1461 2677 1489 2702 et
1519 2669 1731 2715 temporaliter
1753 2681 1786 2703 se

1043 2725 1282 2765 opposuerunt;
1319 2717 1357 2752 ita
1390 2717 1482 2752 etiam
1512 2729 1568 2752 nos
1597 2718 1787 2754 maiestatem

1812 341 1860 365 An.
1879 339 1906 366 C.
1925 340 1988 367 ¹52¹

1835 1396 1966 1417 Pro-ntum.
