2281 3251
82 252 132 280 An.
150 252 178 278 C.
198 251 262 278 ¹5¹2

94 2323 152 2348 Ftaes
180 2326 246 2348 danda

81 2359 212 2385 transumptis
219 2359 258 2380 ltu-

81 2388 112 2408 1115
128 2387 201 2409 buttne.

927 248 1032 271 IULIUS
1054 248 1077 270 lt
1108 248 1155 270 ΡΡ.

278 306 544 349 universitatibuS,
567 303 718 350 collegiis,
741 303 894 349 ecclesiis,
910 315 1022 339 mona-

275 361 389 401 steriis,
416 359 591 395 Ordinibus
613 367 643 393 et
669 357 736 392 aliis
752 357 840 399 locis,
866 357 1022 404 capitulis,

275 414 482 450 conventibus
514 422 543 449 et
577 413 732 461 personis,
759 413 851 447 etiam
881 421 968 447 motu
993 421 1021 446 et

274 469 402 504 scientia
425 468 581 503 similibus
602 476 717 503 etcum
738 467 912 515 quibusviS,
929 467 1020 502 etiam

274 522 540 569 derogatoriarnm
568 521 773 568 derogatoriis
795 521 929 568 aliisque
960 521 1020 555 sor-

275 576 418 621 tioribus,
442 576 670 611 efficacioribus
691 584 721 611 et
744 575 877 610 1115011115
892 575 1020 610 clansa-

273 630 311 665 lis
334 631 591 679 irritantibnsque
613 630 759 675 decretis,
774 630 935 666 concessis
951 630 1021 664 liac-

274 692 365 720 tenus
389 694 418 721 et
442 686 470 720 in
496 694 654 734 posterum
678 685 902 725 coneeitemlis3
924 692 976 720 ant
996 684 1019 719 si

274 740 468 786 patriarchis,
491 741 651 788 episcopis
677 748 708 775 et
735 739 909 775 rectoribus
937 751 1022 787 prae-

273 793 345 828 fatis
377 795 423 830 vel
447 795 612 842 quibusv15
638 794 730 836 aliis,
753 793 944 829 coniunctim
975 792 1019 827 vel

274 849 423 895 divisim,
454 863 469 885 a
492 850 583 885 Sede
604 849 738 898 praefata
772 848 927 883 indultum
956 848 1022 882 exi-

273 912 331 939 stat
354 904 437 951 quod
461 904 632 949 interdici,
652 903 800 951 suspendi
824 902 871 937 vel
894 914 1022 937 excom-

273 959 447 1004 municari,
474 968 528 994 aut
551 958 631 994 ultra
658 958 706 993 vel
733 965 818 993 extra
845 964 928 992 certa
955 957 1021 991 loca

272 1015 309 1049 ad
339 1014 489 1049 iudicium
514 1013 635 1049 evocari
664 1025 725 1048 non
750 1012 883 1060 possint,
904 1023 958 1058 per
977 1010 1021 1045 li—

274 1077 353 1104 teras
372 1069 560 1117 apostolicas
587 1081 647 1103 non
672 1068 822 1103 facientes
848 1067 971 1114 plenam
992 1074 1021 1102 et

273 1135 451 1171 expressam
476 1135 511 1158 ac
537 1123 576 1158 dc
598 1121 692 1157 verbo
711 1122 748 1157 ad
768 1121 896 1157 verbum
920 1122 958 1155 de
978 1120 1022 1155 in-

273 1177 359 1212 dulto
373 1176 557 1212 huiusmodi
574 1176 784 1217 mentionem3
808 1175 945 1223 qnalibet
964 1175 1021 1209 alia

273 1231 374 1267 dictae
400 1231 493 1267 Sedis
515 1231 710 1278 indulgentia
733 1231 870 1278 generali
892 1231 939 1265 vel
953 1242 1022 1277 spe

274 1286 364 1331 ciali,
397 1286 628 1333 cuiuscumque
660 1286 777 1320 tenoris
799 1285 937 1325 existat,
968 1296 1023 1331 per

273 1353 380 1388 qnam,
397 1340 613 1387 praesentibus
631 1352 692 1375 non
716 1351 896 1387 expressam
915 1338 960 1373 vel
980 1347 1023 1373 to-

275 1396 373 1430 taliter
396 1407 457 1430 non
482 1395 651 1436 insertam,
678 1394 807 1429 effeetus
829 1406 936 1429 earum
962 1393 1023 1428 1111-

275 1450 373 1498 pediri
408 1450 504 1485 valeat
531 1449 770 1497 quomodolibet
803 1449 850 1484 vel
883 1449 1022 1492 differri,

273 1505 392 1553 quibus
404 1505 564 1547 omnibus,
578 1504 669 1539 etiam
694 1504 732 1546 si,
755 1517 810 1552 pro
827 1516 935 1539 eorum
952 1503 1022 1539 suf-

275 1560 389 1594 ficienti
413 1559 629 1606 derogatione,
652 1558 691 1594 de
714 1558 775 1593 illis
791 1571 962 1605 eorumque
982 1566 1021 1593 to-

275 1614 312 1648 tis
334 1614 498 1650 tenoribus
519 1614 677 1662 specialis,
695 1613 854 1661 specifica,
876 1626 1022 1660 expressa

272 1678 302 1704 et
325 1668 486 1704 individua
509 1669 627 1704 mentio
661 1681 717 1704 seu
741 1667 871 1715 quaevis
896 1667 953 1702 alia
973 1679 1024 1702 ex-

273 1724 393 1771 pressio
416 1723 558 1759 liabenda
586 1724 678 1769 soret,
700 1736 809 1759 eorum
828 1731 964 1768 tenores,
987 1735 1022 1758 e-

275 1779 347 1813 tiam
371 1779 395 1813 si
418 1778 457 1813 de
481 1778 575 1814 verbo
593 1778 631 1814 ad
656 1778 786 1814 verbum
811 1779 1024 1813 insererentur

274 1832 505 1879 praesentibus,
520 1846 576 1880 pro
590 1833 783 1869 sufficienter
798 1833 958 1880 expressis
972 1832 1024 1867 lia-

274 1887 394 1928 bentes,
423 1887 483 1922 illis
505 1887 581 1923 alias
604 1888 633 1922 in
657 1900 714 1923 suo
737 1887 849 1922 robore
877 1899 1023 1934 perman-

273 1942 367 1981 suris,
389 1942 446 1977 hac
461 1942 527 1977 vice
551 1942 721 1985 dumtaxat,
744 1941 864 1977 eisdem
886 1950 973 1977 motu
995 1949 1023 1976 et

273 1996 417 2041 scientia,
431 1996 608 2044 specialiter
619 2005 648 2031 et
659 2009 805 2044 expresse
823 1996 1024 2043 derogamus,

275 2061 397 2085 necnon
425 2050 575 2085 omnibus
597 2050 668 2093 illis,
691 2063 771 2097 qnae
789 2050 915 2098 praefati
932 2062 1024 2098 prae-

273 2104 455 2140 decessores
483 2104 512 2139 111
536 2105 670 2151 singulis
697 2117 753 2152 per
774 2117 827 2140 eos
854 2116 1025 2151 congrega-

275 2159 348 2194 tioni
367 2159 550 2195 huiusmodi
565 2160 725 2195 concessis
741 2160 837 2195 literis
860 2159 1024 2195 voluerunt

274 2227 334 2248 non
357 2213 495 2260 obstare,
516 2214 694 2262 ceterisque
709 2214 875 2250 contrariis
898 2213 1023 2262 quibus-

274 2281 421 2316 cumque.

321 2328 336 2367 ἓ
359 2326 415 2359 51.
438 2323 478 2360 Et
499 2325 574 2372 quia
595 2324 722 2360 difficile
744 2324 824 2360 soret
845 2332 897 2359 etc.

322 2377 404 2414 Nulli
427 2391 501 2426 ergo
523 2387 577 2414 etc.
600 2379 633 2415 Si
656 2379 728 2426 quis
749 2387 854 2413 antem
874 2385 928 2413 etc.

324 2431 439 2469 Datum
461 2433 580 2470 Romae
602 2433 686 2482 apud
710 2433 862 2468 Sanctum
880 2433 1022 2474 Petrum,

275 2499 356 2522 anno
389 2487 616 2524 Incarnationis
647 2488 823 2524 dominicae
856 2487 1023 2522 millesimo

275 2541 527 2588 quingentesimo
549 2543 759 2588 duodecimo,
789 2549 902 2589 quarto
924 2553 1023 2577 nonas

276 2595 393 2642 aprilis,
420 2597 620 2644 pontificatus
642 2597 742 2633 nostri
765 2609 848 2632 anno
877 2608 970 2631 nono.

315 2657 365 2690 Dat
396 2659 442 2690 die
461 2660 478 2690 ἱ)
497 2660 598 2700 aprilis
620 2660 704 2697 1512,
723 2659 825 2700 pontis.
851 2668 926 2690 anilo
946 2667 982 2689 tx.

1691 238 1760 268 555

1348 300 1520 336 XXXVlll.

1066 385 1239 417 lurisdiceio
1277 391 1302 417 et
1340 386 1498 429 facultates
1538 384 1673 418 iudicum
1701 383 1812 417 Curiae

1115 434 1259 478 Capitolii
1284 435 1364 468 circa
1386 446 1549 468 causarum
1575 434 1662 467 Urbis
1684 434 1812 467 decisio-

1113 496 1178 517 nem
1200 485 1255 526 (l).

1334 553 1548 584 smtttatttmt

1068 613 1089 641 l.
1109 612 1227 642 Abusus
1255 612 1484 651 appellationum
1507 617 1535 642 ct
1557 621 1713 642 causarum
1741 620 1812 641 avo-

1102 658 1225 687 rationis
1245 658 1280 686 :td
1300 658 1412 687 diversa
1433 657 1520 687 Urbis
1541 657 1707 687 trilntnalia.
1730 674 1768 679 -—
1782 656 1811 686 2.

1104 702 1204 738 lnlins,
1223 703 1330 731 civium
1356 702 1553 732 llonmnornm
1587 712 1691 732 causas
1714 702 1748 731 ad
1781 711 1812 731 se

1102 747 1258 783 advocans,
1276 747 1379 776 Curiae
1396 747 1575 786 Capitolinae
1590 747 1813 785 cognoscendas

1103 792 1338 830 decidendasque
1371 792 1507 829 restitnit,
1538 809 1577 814 --
1611 792 1637 821 3.
1669 791 1723 821 Eas
1755 801 1813 821 non

1102 836 1322 866 commissalias
1339 837 1390 866 sed
1410 837 1500 865 ordin.
1497 837 1572 866 trias
1589 845 1654 865 esse
1673 836 1811 866 declarat.

1102 881 1181 911 —t.
1200 880 1332 911 Causas
1327 891 1354 910 1n
1372 881 1393 910 Ιι
1398 886 1441 910 ota
1459 881 1630 920 pendentes,
1647 881 1741 910 eidem
1760 880 1814 910 llo-

1102 931 1146 955 tae
1169 930 1307 955 reservat.
1326 943 1364 947 —-
1382 927 1410 955 ἴ.)
1428 926 1568 955 lnliibitio
1593 935 1679 955 secus
1698 925 1813 963 agendi

1100 987 1139 992 ——
1156 971 1183 1000 O.
1202 970 1419 1000 Contrariorum
1445 971 1604 1009 derogatio.

1106 1039 1191 1067 Iulius
1210 1039 1280 1074 Papa
1297 1039 1331 1072 lt,
1351 1039 1384 1067 ad
1401 1037 1527 1067 futuram
1543 1039 1584 1067 rei
1602 1038 1769 1067 memoriam.

1112 1104 1131 1147 ξ
1160 1105 1191 1136 l.
1214 1102 1258 1137 Ex
1283 1101 1422 1149 querelis
1445 1102 1541 1137 nostri
1560 1102 1728 1149 peculiaris
1751 1102 1812 1138 Ro-

1065 1149 1145 1187 mani
1168 1153 1273 1199 populi
1299 1152 1490 1198 accepimns,
1514 1151 1554 1186 ob
1570 1152 1718 1207 rescripta
1735 1164 1813 1199 apo·-

1063 1202 1171 1237 stolica
1195 1211 1223 1236 et
1246 1215 1291 1247 511Ἶ
1286 1211 1423 1236 mittin-as
1443 1202 1702 1236 commissionum
1727 1214 1812 1237 enor-

1065 1253 1156 1286 mitet
1182 1253 1312 1297 gravari.
1336 1264 1416 1298 quai
1441 1252 1555 1298 passim
1579 1260 1609 1286 et
1632 1251 1810 1286 maximein

1064 1302 1168 1336 medio
1186 1302 1258 1336 litis
1276 1310 1380 1336 contra
1406 1302 1481 1335 111115
1507 1302 1687 1336 communis
1706 1301 1814 1349 (11510-

1063 1352 1224 1396 sitionem,
1247 1340 1337 1396 liunt,
1352 1351 1532 1386 advocando
1547 1364 1563 1385 a
1587 1316 1763 1387 iudicibus¹
1768 1364 1814 1387 or-

1065 1402 1205 1445 dinariis,
1227 1409 1287 1436 tam
1313 1402 1341 1436 in
1367 1401 1466 1448 prima
1490 1414 1583 1448 qnam
1607 1401 1677 1436 aliis
1692 1402 1813 1436 instan-

1065 1452 1125 1492 tiis,
1149 1452 1240 1486 etiam
1271 1464 1326 1498 per
1348 1452 1427 1485 viam
1444 1450 1672 1498 appellationis,
1686 1453 1813 1486 omissis

1065 1502 1177 1536 mediis
1200 1514 1214 1536 a
1240 1502 1328 1536 nobis
1354 1501 1392 1535 ad
1422 1500 1451 1534 id
1481 1501 1618 1535 officinm
1642 1501 1812 1548 deputatis,

1065 1552 1112 1587 vel
1146 1553 1239 1587 etiam
1267 1552 1451 1599 simpliciter
1479 1551 1518 1585 ab
1548 1551 1635 1585 initio
1663 1551 1693 1585 in
1718 1550 1812 1586 Curia

1064 1601 1303 1641 committendo,
1327 1601 1458 1648 perinde
1480 1613 1516 1635 ac
1537 1601 1561 1635 si
1586 1601 1704 1635 indices
1726 1601 1813 1636 ordi-

1064 1653 1168 1688 narios
1194 1665 1256 1687 non
1291 1652 1463 1695 haberent,
1497 1663 1577 1698 qnos
1603 1651 1670 1685 sine
1699 1652 1813 1686 nostris

1065 1702 1226 1750 rescriptis
1248 1701 1335 1737 adire
1358 1710 1497 1749 possent,
1525 1713 1588 1748 qno
1616 1701 1650 1734 fit
1673 1710 1705 1735 ut
1731 1701 1814 1736 cives

1064 1753 1159 1788 nostri
1177 1762 1207 1788 et
1229 1752 1350 1787 incolae
1366 1751 1473 1796 Urbis,
1495 1764 1555 1786 non
1581 1763 1674 1784 unum
1698 1751 1751 1785 sed
1769 1752 1813 1786 in-

1065 1803 1169 1838 finitos
1191 1802 1312 1837 iudices
1326 1810 1356 1837 et
1370 1802 1489 1837 diversa
1509 1800 1675 1835 tribunalia
1699 1800 1814 1836 habere

1064 1853 1239 1894 videantur,
1266 1861 1296 1886 et
1325 1852 1456 1899 proinde
1470 1851 1628 1897 gravibuS,
1649 1851 1745 1885 immo
1764 1851 1813 1884 in-

1065 1902 1283 1938 tolerabilibus
1298 1902 1445 1949 expensis
1458 1908 1638 1947 graventur,
1653 1912 1733 1947 quae
1749 1912 1813 1935 om-

1064 1953 1114 1987 nia
1137 1965 1200 1988 non
1220 1953 1428 1999 impetrantur
1447 1951 1504 1986 nisi
1527 1950 1565 1985 ab
1581 1950 1621 1984 iis
1638 1951 1690 1997 qni
1716 1950 1812 1985 cavil-

1065 2002 1234 2038 lationibus
1257 2002 1395 2042 student,
1424 2001 1471 2036 vel
1508 2000 1644 2048 potentia
1672 1999 1812 2035 favorum

1065 2053 1183 2100 pollent
1204 2051 1242 2087 ad
1267 2051 1439 2099 pulsandos
1471 2051 1499 2085 in
1530 2050 1637 2084 litibus
1663 2049 1813 2084 adversa-

1065 2103 1137 2147 rios,
1162 2111 1194 2138 ut
1216 2114 1296 2149 qnos
1318 2102 1386 2137 iure
1413 2112 1561 2148 superare
1581 2112 1642 2135 non
1667 2109 1811 2155 possunt,

1065 2153 1154 2188 malis
1175 2152 1294 2187 artibus
1316 2160 1345 2188 et
1368 2150 1590 2198 longislitibus
1617 2162 1652 2184 ac
1675 2150 1811 2185 immen-

1064 2203 1105 2237 sis
1126 2202 1301 2251 dispendiis
1318 2202 1503 2248 defatigatos
1531 2208 1559 2235 et
1582 2200 1812 2235 circumventos

1065 2253 1200 2295 vincant,
1223 2252 1382 2287 etmulti
1377 2264 1423 2286 ius
1446 2263 1538 2285 snum
1561 2250 1705 2285 deserere
1721 2263 1812 2297 prop

1065 2312 1146 2338 terea
1169 2311 1242 2338 sunt
1257 2302 1368 2346 coacti,
1392 2300 1586 2348 multiquein
1610 2299 1812 2355 desperatio.-

1065 2365 1135 2388 nem
1159 2353 1264 2395 ducti,
1286 2352 1323 2388 ad
1348 2352 1483 2387 facinora
1519 2351 1679 2396 brigarnm
1710 2363 1812 2397 prosi-

1064 2404 1155 2448 liunt,
1177 2416 1213 2439 ex
1233 2416 1295 2451 quo
1317 2403 1488 2438 seditiones
1511 2410 1541 2437 et
1563 2399 1731 2436 homicidia
1748 2400 1812 2435 l're-

1064 2462 1195 2501 quenter
1216 2453 1374 2494 accidunt,
1394 2452 1528 2500 hincque
1545 2450 1643 2486 sames
1665 2459 1694 2485 et
1713 2462 1812 2485 anno-

1064 2516 1121 2539 nae
1143 2505 1266 2548 caritas,
1283 2504 1367 2551 qnia,
1389 2502 1496 2537 litibus
1518 2501 1683 2549 occupati,
1706 2512 1812 2546 nego*

1063 2554 1208 2589 tiationes
1231 2562 1260 2589 et
1287 2552 1508 2600 agriculturam
1537 2552 1710 2595 deserunt,
1737 2562 1812 2586 evc‹³

1065 2605 1164 2639 niunt.

1097 2662 1136 2697 (t)
1152 2663 1191 2688 E<
1209 2663 1312 2697 Regest.
1334 2662 1357 2687 in
1379 2660 1488 2688 Archiv.
1508 2660 1589 2688 Yatie.

1826 243 1876 270 An.
1895 244 1924 271 C.
1942 244 2008 270 tb'ta

1842 1113 1924 1134 Abusus
1938 1112 2010 1139 appel*

1829 1144 1901 1164 lalit'm.
1923 1148 1942 1164 et
1959 1151 2010 1163 1-111Ἴ

1829 1181 1896 1195 Sarum
1905 1179 1999 1194 avar-vitto

1828 1208 1861 1227 nis
1883 1208 1907 1227 ad
1928 1208 2010 1226 diversa

1830 1237 1889 1273 [abis
1932 1245 1942 1257 Δ1
1961 1245 2000 1257 unt
