<?xml version="1.0" encoding="UTF-8"?>
<!DOCTYPE html PUBLIC "-//W3C//DTD XHTML 1.0 Transitional//EN"
    "http://www.w3.org/TR/xhtml1/DTD/xhtml1-transitional.dtd">
<html xmlns="http://www.w3.org/1999/xhtml" xml:lang="en" lang="en">
 <head>
  <title>
</title>
<meta http-equiv="Content-Type" content="text/html;charset=utf-8" />
  <meta name='ocr-system' content='tesseract 3.04.00' />
  <meta name='ocr-capabilities' content='ocr_page ocr_carea ocr_par ocr_line ocrx_word'/>
</head>
<body>
  <div class='ocr_page' id='page_1' title='image "./bullarumdiplomat05cath_0662.png"; bbox 0 0 2281 3251; ppageno 0'>
   <div class='ocr_carea' id='block_1_1' title="bbox 229 267 410 295">
    <p class='ocr_par' dir='ltr' id='par_1_1' title="bbox 229 267 410 295">
     <span class='ocr_line' id='line_1_1' title="bbox 229 267 410 295; baseline 0.006 -1"><span class='ocrx_word' id='word_1_1' title='bbox 229 267 278 294; x_wconf 84' lang='grc' dir='ltr'>Αιι.</span> <span class='ocrx_word' id='word_1_2' title='bbox 296 267 324 295; x_wconf 85' lang='lat' dir='ltr'>C.</span> <span class='ocrx_word' id='word_1_3' title='bbox 343 268 410 295; x_wconf 70' lang='lat'>¹515</span> 
     </span>
    </p>
   </div>
   <div class='ocr_carea' id='block_1_2' title="bbox 216 1220 398 1278">
    <p class='ocr_par' dir='ltr' id='par_1_2' title="bbox 216 1220 398 1278">
     <span class='ocr_line' id='line_1_2' title="bbox 229 1220 398 1243; baseline 0.012 -2"><span class='ocrx_word' id='word_1_4' title='bbox 229 1220 338 1242; x_wconf 79' lang='lat' dir='ltr'>ctmutn</span> <span class='ocrx_word' id='word_1_5' title='bbox 360 1221 398 1243; x_wconf 73' lang='lat' dir='ltr'>d·-</span> 
     </span>
     <span class='ocr_line' id='line_1_3' title="bbox 216 1253 341 1278; baseline 0.008 -6"><span class='ocrx_word' id='word_1_6' title='bbox 216 1253 341 1278; x_wconf 59' lang='lat' dir='ltr'>roc-tortae.</span> 
     </span>
    </p>
   </div>
   <div class='ocr_carea' id='block_1_3' title="bbox 212 1622 398 1738">
    <p class='ocr_par' dir='ltr' id='par_1_3' title="bbox 212 1622 398 1738">
     <span class='ocr_line' id='line_1_4' title="bbox 220 1622 398 1649; baseline -0.017 -4"><span class='ocrx_word' id='word_1_7' title='bbox 220 1622 338 1645; x_wconf 70' lang='lat' dir='ltr'>Declaratto</span> <span class='ocrx_word' id='word_1_8' title='bbox 348 1627 398 1649; x_wconf 83' lang='lat' dir='ltr'>quo·</span> 
     </span>
     <span class='ocr_line' id='line_1_5' title="bbox 214 1653 397 1675; baseline -0.005 0"><span class='ocrx_word' id='word_1_9' title='bbox 214 1655 239 1675; x_wconf 74' lang='lat' dir='ltr'>ud</span> <span class='ocrx_word' id='word_1_10' title='bbox 247 1653 339 1675; x_wconf 70' lang='lat' dir='ltr'>tuentiut.</span> <span class='ocrx_word' id='word_1_11' title='bbox 348 1659 397 1674; x_wconf 85' lang='lat' dir='ltr'>con-</span> 
     </span>
     <span class='ocr_line' id='line_1_6' title="bbox 212 1685 396 1711; baseline 0 -7"><span class='ocrx_word' id='word_1_12' title='bbox 212 1685 301 1706; x_wconf 75' lang='lat' dir='ltr'>tenet-iu</span> <span class='ocrx_word' id='word_1_13' title='bbox 321 1690 396 1711; x_wconf 71' lang='lat' dir='ltr'>supra-</span> 
     </span>
     <span class='ocr_line' id='line_1_7' title="bbox 213 1717 269 1738; baseline -0.036 0"><span class='ocrx_word' id='word_1_14' title='bbox 213 1717 269 1738; x_wconf 56' lang='lat' dir='ltr'>ducti.</span> 
     </span>
    </p>
   </div>
   <div class='ocr_carea' id='block_1_4' title="bbox 213 2021 394 2045">
    <p class='ocr_par' dir='ltr' id='par_1_4' title="bbox 213 2021 394 2045">
     <span class='ocr_line' id='line_1_8' title="bbox 213 2021 394 2045; baseline -0.011 -1"><span class='ocrx_word' id='word_1_15' title='bbox 213 2023 260 2044; x_wconf 75' lang='grc' dir='ltr'>Διιι</span> <span class='ocrx_word' id='word_1_16' title='bbox 271 2021 394 2045; x_wconf 65' lang='lat' dir='ltr'>net-nuo.</span> 
     </span>
    </p>
   </div>
   <div class='ocr_carea' id='block_1_5' title="bbox 474 256 545 290">
    <p class='ocr_par' dir='ltr' id='par_1_5' title="bbox 474 256 545 290">
     <span class='ocr_line' id='line_1_9' title="bbox 474 256 545 290; baseline 0 0"><span class='ocrx_word' id='word_1_17' title='bbox 474 256 545 290; x_wconf 75' lang='lat'>644</span> 
     </span>
    </p>
   </div>
   <div class='ocr_carea' id='block_1_6' title="bbox 415 319 1173 964">
    <p class='ocr_par' dir='ltr' id='par_1_6' title="bbox 415 319 1173 964">
     <span class='ocr_line' id='line_1_10' title="bbox 424 319 1173 375; baseline -0.003 -18"><span class='ocrx_word' id='word_1_18' title='bbox 424 321 666 369; x_wconf 74' lang='lat' dir='ltr'>arcltiltospitale</span> <span class='ocrx_word' id='word_1_19' title='bbox 688 333 720 355; x_wconf 74' lang='grc' dir='ltr'>ει</span> <span class='ocrx_word' id='word_1_20' title='bbox 725 333 741 354; x_wconf 87' lang='grc' dir='ltr'>ιι</span> <span class='ocrx_word' id='word_1_21' title='bbox 763 321 846 355; x_wconf 88' lang='lat' dir='ltr'>illius</span> <span class='ocrx_word' id='word_1_22' title='bbox 864 319 1027 355; x_wconf 86' lang='lat' dir='ltr'>ecclesiam</span> <span class='ocrx_word' id='word_1_23' title='bbox 1047 320 1173 375; x_wconf 83' lang='lat' dir='ltr'>praedi-</span> 
     </span>
     <span class='ocr_line' id='line_1_11' title="bbox 424 370 1171 425; baseline -0.003 -20"><span class='ocrx_word' id='word_1_24' title='bbox 424 383 518 406; x_wconf 87' lang='lat' dir='ltr'>‹·.tam</span> <span class='ocrx_word' id='word_1_25' title='bbox 533 372 644 406; x_wconf 77' lang='lat' dir='ltr'>diebus</span> <span class='ocrx_word' id='word_1_26' title='bbox 658 370 789 405; x_wconf 68' lang='lat' dir='ltr'>salilitti.</span> <span class='ocrx_word' id='word_1_27' title='bbox 813 372 921 404; x_wconf 87' lang='lat' dir='ltr'>tertiae</span> <span class='ocrx_word' id='word_1_28' title='bbox 945 370 1045 425; x_wconf 78' lang='lat' dir='ltr'>partis</span> <span class='ocrx_word' id='word_1_29' title='bbox 1063 383 1171 404; x_wconf 89' lang='lat' dir='ltr'>tutun-</span> 
     </span>
     <span class='ocr_line' id='line_1_12' title="bbox 424 410 1171 466; baseline -0.003 -11"><span class='ocrx_word' id='word_1_30' title='bbox 424 410 540 455; x_wconf 81' lang='lat' dir='ltr'>etatum</span> <span class='ocrx_word' id='word_1_31' title='bbox 564 422 609 454; x_wconf 71' lang='lat' dir='ltr'>eis</span> <span class='ocrx_word' id='word_1_32' title='bbox 630 420 904 466; x_wconf 26' lang='lat' dir='ltr'>poenitentiatffunt</span> <span class='ocrx_word' id='word_1_33' title='bbox 922 429 951 453; x_wconf 88' lang='lat' dir='ltr'>et</span> <span class='ocrx_word' id='word_1_34' title='bbox 971 420 1023 466; x_wconf 90' lang='lat' dir='ltr'>qui</span> <span class='ocrx_word' id='word_1_35' title='bbox 1040 420 1068 453; x_wconf 89' lang='lat' dir='ltr'>in</span> <span class='ocrx_word' id='word_1_36' title='bbox 1085 420 1171 454; x_wconf 87' lang='lat' dir='ltr'>eius-</span> 
     </span>
     <span class='ocr_line' id='line_1_13' title="bbox 423 468 1170 515; baseline -0.001 -11"><span class='ocrx_word' id='word_1_37' title='bbox 423 471 493 505; x_wconf 86' lang='lat' dir='ltr'>‹lem</span> <span class='ocrx_word' id='word_1_38' title='bbox 517 471 549 506; x_wconf 89' lang='lat' dir='ltr'>S.</span> <span class='ocrx_word' id='word_1_39' title='bbox 574 470 674 504; x_wconf 84' lang='lat' dir='ltr'>lacobi</span> <span class='ocrx_word' id='word_1_40' title='bbox 703 479 732 503; x_wconf 86' lang='lat' dir='ltr'>et</span> <span class='ocrx_word' id='word_1_41' title='bbox 760 468 985 515; x_wconf 77' lang='lat' dir='ltr'>Conceptionis</span> <span class='ocrx_word' id='word_1_42' title='bbox 1007 469 1170 514; x_wconf 69' lang='lat' dir='ltr'>gloriosis-</span> 
     </span>
     <span class='ocr_line' id='line_1_14' title="bbox 422 518 1170 555; baseline 0 -1"><span class='ocrx_word' id='word_1_43' title='bbox 422 522 517 555; x_wconf 85' lang='lat' dir='ltr'>simae</span> <span class='ocrx_word' id='word_1_44' title='bbox 540 519 596 554; x_wconf 82' lang='lat' dir='ltr'>Dei</span> <span class='ocrx_word' id='word_1_45' title='bbox 619 519 788 554; x_wconf 84' lang='lat' dir='ltr'>Genitricis</span> <span class='ocrx_word' id='word_1_46' title='bbox 807 519 921 553; x_wconf 74' lang='lat' dir='ltr'>Mariae</span> <span class='ocrx_word' id='word_1_47' title='bbox 949 518 1170 554; x_wconf 78' lang='lat' dir='ltr'>festititatibus</span> 
     </span>
     <span class='ocr_line' id='line_1_15' title="bbox 422 569 1169 616; baseline -0.001 -11"><span class='ocrx_word' id='word_1_48' title='bbox 422 579 451 604; x_wconf 86' lang='lat' dir='ltr'>et</span> <span class='ocrx_word' id='word_1_49' title='bbox 478 582 583 605; x_wconf 88' lang='lat' dir='ltr'>earum</span> <span class='ocrx_word' id='word_1_50' title='bbox 612 569 764 615; x_wconf 87' lang='lat' dir='ltr'>qualibet</span> <span class='ocrx_word' id='word_1_51' title='bbox 786 581 801 602; x_wconf 89' lang='lat' dir='ltr'>a</span> <span class='ocrx_word' id='word_1_52' title='bbox 826 581 935 616; x_wconf 80' lang='lat' dir='ltr'>primis</span> <span class='ocrx_word' id='word_1_53' title='bbox 951 580 1091 615; x_wconf 67' lang='lat' dir='ltr'>xesperts</span> <span class='ocrx_word' id='word_1_54' title='bbox 1115 582 1169 604; x_wconf 89' lang='lat' dir='ltr'>us-</span> 
     </span>
     <span class='ocr_line' id='line_1_16' title="bbox 421 618 1168 666; baseline 0 -13"><span class='ocrx_word' id='word_1_55' title='bbox 421 632 482 666; x_wconf 87' lang='lat' dir='ltr'>que</span> <span class='ocrx_word' id='word_1_56' title='bbox 504 619 541 653; x_wconf 90' lang='lat' dir='ltr'>ad</span> <span class='ocrx_word' id='word_1_57' title='bbox 566 631 710 653; x_wconf 79' lang='lat' dir='ltr'>occasum</span> <span class='ocrx_word' id='word_1_58' title='bbox 735 619 810 654; x_wconf 88' lang='lat' dir='ltr'>solis</span> <span class='ocrx_word' id='word_1_59' title='bbox 836 618 1029 665; x_wconf 82' lang='lat' dir='ltr'>singularum</span> <span class='ocrx_word' id='word_1_60' title='bbox 1054 618 1168 653; x_wconf 80' lang='lat' dir='ltr'>festivi-</span> 
     </span>
     <span class='ocr_line' id='line_1_17' title="bbox 422 668 1168 711; baseline 0.003 -9"><span class='ocrx_word' id='word_1_61' title='bbox 422 678 518 704; x_wconf 88' lang='lat' dir='ltr'>tatum</span> <span class='ocrx_word' id='word_1_62' title='bbox 546 669 740 711; x_wconf 87' lang='lat' dir='ltr'>earumdem</span> <span class='ocrx_word' id='word_1_63' title='bbox 752 669 911 702; x_wconf 89' lang='lat' dir='ltr'>annuatim</span> <span class='ocrx_word' id='word_1_64' title='bbox 932 668 1043 702; x_wconf 77' lang='lat' dir='ltr'>devote</span> <span class='ocrx_word' id='word_1_65' title='bbox 1066 669 1168 704; x_wconf 82' lang='lat' dir='ltr'>visita-</span> 
     </span>
     <span class='ocr_line' id='line_1_18' title="bbox 421 717 1168 765; baseline 0.003 -13"><span class='ocrx_word' id='word_1_66' title='bbox 421 720 531 762; x_wconf 73' lang='lat' dir='ltr'>verint,</span> <span class='ocrx_word' id='word_1_67' title='bbox 546 726 574 752; x_wconf 92' lang='lat' dir='ltr'>et</span> <span class='ocrx_word' id='word_1_68' title='bbox 598 730 652 765; x_wconf 88' lang='lat' dir='ltr'>pro</span> <span class='ocrx_word' id='word_1_69' title='bbox 679 719 834 752; x_wconf 81' lang='lat' dir='ltr'>dictorum</span> <span class='ocrx_word' id='word_1_70' title='bbox 862 717 1115 764; x_wconf 88' lang='lat' dir='ltr'>arcltiltospitalis</span> <span class='ocrx_word' id='word_1_71' title='bbox 1137 727 1168 754; x_wconf 86' lang='lat' dir='ltr'>et</span> 
     </span>
     <span class='ocr_line' id='line_1_19' title="bbox 419 767 1166 815; baseline 0.004 -14"><span class='ocrx_word' id='word_1_72' title='bbox 419 768 502 802; x_wconf 88' lang='lat' dir='ltr'>illius</span> <span class='ocrx_word' id='word_1_73' title='bbox 520 780 691 815; x_wconf 86' lang='lat' dir='ltr'>pauperum</span> <span class='ocrx_word' id='word_1_74' title='bbox 708 768 861 811; x_wconf 78' lang='lat' dir='ltr'>subsidio,</span> <span class='ocrx_word' id='word_1_75' title='bbox 884 767 1032 802; x_wconf 89' lang='lat' dir='ltr'>alimonia</span> <span class='ocrx_word' id='word_1_76' title='bbox 1046 777 1076 802; x_wconf 93' lang='lat' dir='ltr'>et</span> <span class='ocrx_word' id='word_1_77' title='bbox 1092 782 1166 804; x_wconf 92' lang='lat' dir='ltr'>sus-</span> 
     </span>
     <span class='ocr_line' id='line_1_20' title="bbox 418 817 1165 865; baseline 0.004 -14"><span class='ocrx_word' id='word_1_78' title='bbox 418 818 589 852; x_wconf 69' lang='lat' dir='ltr'>tentatione</span> <span class='ocrx_word' id='word_1_79' title='bbox 604 846 613 863; x_wconf 80' lang='lat'>,</span> <span class='ocrx_word' id='word_1_80' title='bbox 641 827 732 865; x_wconf 90' lang='lat' dir='ltr'>prout</span> <span class='ocrx_word' id='word_1_81' title='bbox 758 829 814 852; x_wconf 87' lang='lat' dir='ltr'>sua</span> <span class='ocrx_word' id='word_1_82' title='bbox 837 817 952 865; x_wconf 89' lang='lat' dir='ltr'>cuique</span> <span class='ocrx_word' id='word_1_83' title='bbox 971 818 1165 854; x_wconf 89' lang='lat' dir='ltr'>conscientia</span> 
     </span>
     <span class='ocr_line' id='line_1_21' title="bbox 417 867 1164 913; baseline 0.003 -12"><span class='ocrx_word' id='word_1_84' title='bbox 417 867 594 905; x_wconf 75' lang='lat' dir='ltr'>dictaverit.</span> <span class='ocrx_word' id='word_1_85' title='bbox 619 880 731 902; x_wconf 93' lang='lat' dir='ltr'>manus</span> <span class='ocrx_word' id='word_1_86' title='bbox 755 869 950 913; x_wconf 69' lang='lat' dir='ltr'>porrexerint</span> <span class='ocrx_word' id='word_1_87' title='bbox 972 868 1164 910; x_wconf 76' lang='lat' dir='ltr'>adiutrices,</span> 
     </span>
     <span class='ocr_line' id='line_1_22' title="bbox 415 917 1163 964; baseline 0.004 -14"><span class='ocrx_word' id='word_1_88' title='bbox 415 918 560 964; x_wconf 83' lang='lat' dir='ltr'>quotiens</span> <span class='ocrx_word' id='word_1_89' title='bbox 596 917 625 951; x_wconf 90' lang='lat' dir='ltr'>id</span> <span class='ocrx_word' id='word_1_90' title='bbox 663 917 817 962; x_wconf 83' lang='lat' dir='ltr'>fecerint,</span> <span class='ocrx_word' id='word_1_91' title='bbox 852 918 965 952; x_wconf 88' lang='lat' dir='ltr'>totiens</span> <span class='ocrx_word' id='word_1_92' title='bbox 993 918 1163 963; x_wconf 80' lang='lat' dir='ltr'>plenariam</span> 
     </span>
    </p>
   </div>
   <div class='ocr_carea' id='block_1_7' title="bbox 415 967 1187 1015">
    <p class='ocr_par' dir='ltr' id='par_1_7' title="bbox 415 967 1187 1015">
     <span class='ocr_line' id='line_1_23' title="bbox 415 967 1187 1015; baseline 0.005 -15"><span class='ocrx_word' id='word_1_93' title='bbox 415 967 554 1001; x_wconf 90' lang='lat' dir='ltr'>omnium</span> <span class='ocrx_word' id='word_1_94' title='bbox 584 977 782 1014; x_wconf 86' lang='lat' dir='ltr'>peecatorum</span> <span class='ocrx_word' id='word_1_95' title='bbox 812 979 955 1007; x_wconf 77' lang='lat' dir='ltr'>suornm,</span> <span class='ocrx_word' id='word_1_96' title='bbox 983 967 1022 1002; x_wconf 89' lang='lat' dir='ltr'>de</span> <span class='ocrx_word' id='word_1_97' title='bbox 1045 969 1187 1015; x_wconf 66' lang='lat' dir='ltr'>quibus,</span> 
     </span>
    </p>
   </div>
   <div class='ocr_carea' id='block_1_8' title="bbox 410 1017 1164 2654">
    <p class='ocr_par' dir='ltr' id='par_1_8' title="bbox 413 1017 1164 1163">
     <span class='ocr_line' id='line_1_24' title="bbox 414 1017 1163 1064; baseline 0.004 -14"><span class='ocrx_word' id='word_1_98' title='bbox 414 1017 508 1052; x_wconf 90' lang='lat' dir='ltr'>corde</span> <span class='ocrx_word' id='word_1_99' title='bbox 535 1018 661 1052; x_wconf 80' lang='lat' dir='ltr'>contriti</span> <span class='ocrx_word' id='word_1_100' title='bbox 684 1026 779 1064; x_wconf 89' lang='lat' dir='ltr'>atque</span> <span class='ocrx_word' id='word_1_101' title='bbox 801 1030 854 1052; x_wconf 87' lang='lat' dir='ltr'>ore</span> <span class='ocrx_word' id='word_1_102' title='bbox 876 1017 1012 1052; x_wconf 76' lang='lat' dir='ltr'>confessi</span> <span class='ocrx_word' id='word_1_103' title='bbox 1036 1018 1163 1060; x_wconf 88' lang='lat' dir='ltr'>fuerint,</span> 
     </span>
     <span class='ocr_line' id='line_1_25' title="bbox 415 1066 1164 1113; baseline 0.004 -13"><span class='ocrx_word' id='word_1_104' title='bbox 415 1066 641 1113; x_wconf 76' lang='lat' dir='ltr'>indulgentiam</span> <span class='ocrx_word' id='word_1_105' title='bbox 665 1076 694 1102; x_wconf 90' lang='lat' dir='ltr'>et</span> <span class='ocrx_word' id='word_1_106' title='bbox 719 1067 936 1102; x_wconf 85' lang='lat' dir='ltr'>remissionem</span> <span class='ocrx_word' id='word_1_107' title='bbox 961 1068 989 1102; x_wconf 91' lang='lat' dir='ltr'>in</span> <span class='ocrx_word' id='word_1_108' title='bbox 1026 1067 1164 1104; x_wconf 92' lang='lat' dir='ltr'>Domino</span> 
     </span>
     <span class='ocr_line' id='line_1_26' title="bbox 413 1116 595 1163; baseline 0 -13"><span class='ocrx_word' id='word_1_109' title='bbox 413 1116 595 1163; x_wconf 82' lang='lat' dir='ltr'>elargimur.</span> 
     </span>
    </p>

    <p class='ocr_par' dir='ltr' id='par_1_9' title="bbox 411 1166 1163 1566">
     <span class='ocr_line' id='line_1_27' title="bbox 461 1166 1163 1213; baseline 0.004 -13"><span class='ocrx_word' id='word_1_110' title='bbox 461 1166 481 1213; x_wconf 65' lang='grc' dir='ltr'><strong>ἓ</strong></span> <span class='ocrx_word' id='word_1_111' title='bbox 505 1168 556 1201; x_wconf 84' lang='grc'>18.</span> <span class='ocrx_word' id='word_1_112' title='bbox 577 1166 645 1201; x_wconf 82' lang='lat' dir='ltr'>Non</span> <span class='ocrx_word' id='word_1_113' title='bbox 665 1166 865 1202; x_wconf 83' lang='lat' dir='ltr'>obstantibus</span> <span class='ocrx_word' id='word_1_114' title='bbox 884 1167 1163 1203; x_wconf 88' lang='lat' dir='ltr'>constitutionibus</span> 
     </span>
     <span class='ocr_line' id='line_1_28' title="bbox 413 1216 1163 1264; baseline 0.004 -14"><span class='ocrx_word' id='word_1_115' title='bbox 413 1224 442 1250; x_wconf 89' lang='lat' dir='ltr'>et</span> <span class='ocrx_word' id='word_1_116' title='bbox 469 1216 721 1252; x_wconf 83' lang='lat' dir='ltr'>ordinationibus</span> <span class='ocrx_word' id='word_1_117' title='bbox 756 1217 963 1264; x_wconf 84' lang='lat' dir='ltr'>apostolicis,</span> <span class='ocrx_word' id='word_1_118' title='bbox 987 1230 1023 1253; x_wconf 87' lang='lat' dir='ltr'>ac</span> <span class='ocrx_word' id='word_1_119' title='bbox 1051 1217 1163 1253; x_wconf 90' lang='lat' dir='ltr'>funda-</span> 
     </span>
     <span class='ocr_line' id='line_1_29' title="bbox 413 1266 1163 1314; baseline 0.004 -14"><span class='ocrx_word' id='word_1_120' title='bbox 413 1266 497 1301; x_wconf 90' lang='lat' dir='ltr'>tione</span> <span class='ocrx_word' id='word_1_121' title='bbox 519 1266 593 1301; x_wconf 91' lang='lat' dir='ltr'>dicti</span> <span class='ocrx_word' id='word_1_122' title='bbox 616 1266 881 1314; x_wconf 79' lang='lat' dir='ltr'>arcltiltospitalis,</span> <span class='ocrx_word' id='word_1_123' title='bbox 900 1268 992 1303; x_wconf 87' lang='lat' dir='ltr'>etiam</span> <span class='ocrx_word' id='word_1_124' title='bbox 1016 1268 1040 1302; x_wconf 93' lang='lat' dir='ltr'>si</span> <span class='ocrx_word' id='word_1_125' title='bbox 1065 1267 1163 1303; x_wconf 79' lang='lat' dir='ltr'>laico-</span> 
     </span>
     <span class='ocr_line' id='line_1_30' title="bbox 413 1316 1163 1360; baseline 0.004 -11"><span class='ocrx_word' id='word_1_126' title='bbox 413 1328 480 1350; x_wconf 90' lang='lat' dir='ltr'>rum</span> <span class='ocrx_word' id='word_1_127' title='bbox 503 1316 559 1360; x_wconf 83' lang='lat' dir='ltr'>sii,</span> <span class='ocrx_word' id='word_1_128' title='bbox 582 1328 617 1350; x_wconf 89' lang='lat' dir='ltr'>ac</span> <span class='ocrx_word' id='word_1_129' title='bbox 639 1316 708 1351; x_wconf 86' lang='lat' dir='ltr'>aliis</span> <span class='ocrx_word' id='word_1_130' title='bbox 735 1317 859 1351; x_wconf 82' lang='lat' dir='ltr'>statutis</span> <span class='ocrx_word' id='word_1_131' title='bbox 887 1326 917 1352; x_wconf 90' lang='lat' dir='ltr'>et</span> <span class='ocrx_word' id='word_1_132' title='bbox 946 1318 1163 1352; x_wconf 87' lang='lat' dir='ltr'>eonsuetudi-</span> 
     </span>
     <span class='ocr_line' id='line_1_31' title="bbox 412 1364 1162 1421; baseline 0.004 -22"><span class='ocrx_word' id='word_1_133' title='bbox 412 1364 505 1400; x_wconf 87' lang='lat' dir='ltr'>nibus</span> <span class='ocrx_word' id='word_1_134' title='bbox 542 1366 791 1421; x_wconf 82' lang='lat' dir='ltr'>arcltiltospitalis</span> <span class='ocrx_word' id='word_1_135' title='bbox 830 1374 860 1401; x_wconf 92' lang='lat' dir='ltr'>et</span> <span class='ocrx_word' id='word_1_136' title='bbox 895 1367 1162 1403; x_wconf 79' lang='lat' dir='ltr'>confraternitatis</span> 
     </span>
     <span class='ocr_line' id='line_1_32' title="bbox 411 1414 1162 1465; baseline 0.004 -16"><span class='ocrx_word' id='word_1_137' title='bbox 411 1414 572 1458; x_wconf 89' lang='lat' dir='ltr'>eiusdem,</span> <span class='ocrx_word' id='word_1_138' title='bbox 596 1416 790 1456; x_wconf 84' lang='lat' dir='ltr'>iuramento,</span> <span class='ocrx_word' id='word_1_139' title='bbox 814 1416 1054 1453; x_wconf 79' lang='lat' dir='ltr'>confirmatione</span> <span class='ocrx_word' id='word_1_140' title='bbox 1077 1429 1162 1465; x_wconf 93' lang='lat' dir='ltr'>apo—</span> 
     </span>
     <span class='ocr_line' id='line_1_33' title="bbox 410 1464 1161 1513; baseline 0.007 -15.007"><span class='ocrx_word' id='word_1_141' title='bbox 410 1465 518 1500; x_wconf 86' lang='lat' dir='ltr'>stolica</span> <span class='ocrx_word' id='word_1_142' title='bbox 544 1464 589 1500; x_wconf 79' lang='lat' dir='ltr'>vel</span> <span class='ocrx_word' id='word_1_143' title='bbox 612 1466 764 1513; x_wconf 80' lang='lat' dir='ltr'>quaviSt</span> <span class='ocrx_word' id='word_1_144' title='bbox 747 1466 892 1501; x_wconf 84' lang='lat' dir='ltr'>firmitate</span> <span class='ocrx_word' id='word_1_145' title='bbox 913 1468 971 1502; x_wconf 87' lang='lat' dir='ltr'>alia</span> <span class='ocrx_word' id='word_1_146' title='bbox 995 1468 1161 1508; x_wconf 82' lang='lat' dir='ltr'>roboratis,</span> 
     </span>
     <span class='ocr_line' id='line_1_34' title="bbox 411 1515 1084 1566; baseline 0.003 -17"><span class='ocrx_word' id='word_1_147' title='bbox 411 1515 604 1562; x_wconf 83' lang='lat' dir='ltr'>caeteiisque</span> <span class='ocrx_word' id='word_1_148' title='bbox 627 1516 793 1551; x_wconf 85' lang='lat' dir='ltr'>contrariis</span> <span class='ocrx_word' id='word_1_149' title='bbox 815 1516 1084 1566; x_wconf 90' lang='lat' dir='ltr'>quibuscumque.</span> 
     </span>
    </p>

    <p class='ocr_par' dir='ltr' id='par_1_10' title="bbox 410 1563 1162 1948">
     <span class='ocr_line' id='line_1_35' title="bbox 460 1563 1161 1614; baseline 0.004 -15"><span class='ocrx_word' id='word_1_150' title='bbox 460 1564 479 1612; x_wconf 71' lang='lat' dir='ltr'>S</span> <span class='ocrx_word' id='word_1_151' title='bbox 503 1566 559 1600; x_wconf 83' lang='lat'>19.</span> <span class='ocrx_word' id='word_1_152' title='bbox 585 1563 739 1600; x_wconf 86' lang='lat' dir='ltr'>Volumus</span> <span class='ocrx_word' id='word_1_153' title='bbox 752 1574 856 1601; x_wconf 86' lang='lat' dir='ltr'>autem</span> <span class='ocrx_word' id='word_1_154' title='bbox 879 1567 963 1614; x_wconf 90' lang='lat' dir='ltr'>quod</span> <span class='ocrx_word' id='word_1_155' title='bbox 987 1567 1161 1608; x_wconf 89' lang='lat' dir='ltr'>confessor,</span> 
     </span>
     <span class='ocr_line' id='line_1_36' title="bbox 411 1614 1161 1662; baseline 0.005 -13"><span class='ocrx_word' id='word_1_156' title='bbox 411 1627 505 1662; x_wconf 91' lang='lat' dir='ltr'>quem</span> <span class='ocrx_word' id='word_1_157' title='bbox 529 1614 661 1661; x_wconf 87' lang='lat' dir='ltr'>quilibet</span> <span class='ocrx_word' id='word_1_158' title='bbox 687 1616 842 1651; x_wconf 82' lang='lat' dir='ltr'>(lictorum</span> <span class='ocrx_word' id='word_1_159' title='bbox 877 1617 1070 1652; x_wconf 89' lang='lat' dir='ltr'>confratrum</span> <span class='ocrx_word' id='word_1_160' title='bbox 1100 1617 1161 1652; x_wconf 92' lang='lat' dir='ltr'>du-</span> 
     </span>
     <span class='ocr_line' id='line_1_37' title="bbox 411 1665 1161 1714; baseline 0.004 -15"><span class='ocrx_word' id='word_1_161' title='bbox 411 1666 491 1699; x_wconf 87' lang='lat' dir='ltr'>xerit</span> <span class='ocrx_word' id='word_1_162' title='bbox 512 1665 709 1711; x_wconf 80' lang='lat' dir='ltr'>eligendum,</span> <span class='ocrx_word' id='word_1_163' title='bbox 731 1666 770 1700; x_wconf 85' lang='lat' dir='ltr'>de</span> <span class='ocrx_word' id='word_1_164' title='bbox 798 1665 858 1707; x_wconf 81' lang='lat' dir='ltr'>liis,</span> <span class='ocrx_word' id='word_1_165' title='bbox 878 1666 916 1702; x_wconf 91' lang='lat' dir='ltr'>de</span> <span class='ocrx_word' id='word_1_166' title='bbox 935 1667 1052 1714; x_wconf 78' lang='lat' dir='ltr'>quibus</span> <span class='ocrx_word' id='word_1_167' title='bbox 1068 1667 1161 1702; x_wconf 88' lang='lat' dir='ltr'>fuerit</span> 
     </span>
     <span class='ocr_line' id='line_1_38' title="bbox 411 1714 1160 1770; baseline 0.005 -22"><span class='ocrx_word' id='word_1_168' title='bbox 411 1714 499 1749; x_wconf 90' lang='lat' dir='ltr'>alteri</span> <span class='ocrx_word' id='word_1_169' title='bbox 538 1714 707 1750; x_wconf 83' lang='lat' dir='ltr'>satisfactio</span> <span class='ocrx_word' id='word_1_170' title='bbox 747 1715 976 1770; x_wconf 86' lang='lat' dir='ltr'>impendenda,</span> <span class='ocrx_word' id='word_1_171' title='bbox 1003 1729 1071 1753; x_wconf 90' lang='lat' dir='ltr'>eam</span> <span class='ocrx_word' id='word_1_172' title='bbox 1099 1718 1160 1752; x_wconf 87' lang='lat' dir='ltr'>sibi</span> 
     </span>
     <span class='ocr_line' id='line_1_39' title="bbox 413 1764 1162 1812; baseline 0.004 -13"><span class='ocrx_word' id='word_1_173' title='bbox 413 1775 470 1811; x_wconf 82' lang='lat' dir='ltr'>per</span> <span class='ocrx_word' id='word_1_174' title='bbox 496 1776 542 1804; x_wconf 88' lang='lat' dir='ltr'>se,</span> <span class='ocrx_word' id='word_1_175' title='bbox 564 1764 590 1799; x_wconf 85' lang='lat' dir='ltr'>si</span> <span class='ocrx_word' id='word_1_176' title='bbox 613 1764 831 1812; x_wconf 79' lang='lat' dir='ltr'>supervixerit,</span> <span class='ocrx_word' id='word_1_177' title='bbox 855 1767 900 1801; x_wconf 71' lang='lat' dir='ltr'>xel</span> <span class='ocrx_word' id='word_1_178' title='bbox 923 1766 1013 1807; x_wconf 88' lang='lat' dir='ltr'>alios,</span> <span class='ocrx_word' id='word_1_179' title='bbox 1041 1767 1066 1802; x_wconf 90' lang='lat' dir='ltr'>si</span> <span class='ocrx_word' id='word_1_180' title='bbox 1084 1767 1162 1803; x_wconf 87' lang='lat' dir='ltr'>forte</span> 
     </span>
     <span class='ocr_line' id='line_1_40' title="bbox 410 1813 1162 1864; baseline 0.005 -16"><span class='ocrx_word' id='word_1_181' title='bbox 410 1814 448 1849; x_wconf 87' lang='lat' dir='ltr'>de</span> <span class='ocrx_word' id='word_1_182' title='bbox 463 1813 520 1849; x_wconf 90' lang='lat' dir='ltr'>ltac</span> <span class='ocrx_word' id='word_1_183' title='bbox 537 1814 595 1849; x_wconf 76' lang='lat' dir='ltr'>vita</span> <span class='ocrx_word' id='word_1_184' title='bbox 619 1815 788 1859; x_wconf 88' lang='lat' dir='ltr'>transierit,</span> <span class='ocrx_word' id='word_1_185' title='bbox 812 1815 986 1851; x_wconf 89' lang='lat' dir='ltr'>faciendam</span> <span class='ocrx_word' id='word_1_186' title='bbox 1007 1818 1162 1864; x_wconf 80' lang='lat' dir='ltr'>iniungat,</span> 
     </span>
     <span class='ocr_line' id='line_1_41' title="bbox 410 1863 1162 1912; baseline 0.005 -14"><span class='ocrx_word' id='word_1_187' title='bbox 410 1875 503 1910; x_wconf 88' lang='lat' dir='ltr'>quam</span> <span class='ocrx_word' id='word_1_188' title='bbox 544 1864 611 1912; x_wconf 87' lang='lat' dir='ltr'>ipse</span> <span class='ocrx_word' id='word_1_189' title='bbox 648 1863 694 1900; x_wconf 73' lang='lat' dir='ltr'>iel</span> <span class='ocrx_word' id='word_1_190' title='bbox 734 1864 777 1899; x_wconf 93' lang='lat' dir='ltr'>illi</span> <span class='ocrx_word' id='word_1_191' title='bbox 815 1864 917 1901; x_wconf 89' lang='lat' dir='ltr'>facere</span> <span class='ocrx_word' id='word_1_192' title='bbox 952 1867 1083 1902; x_wconf 88' lang='lat' dir='ltr'>omnino</span> <span class='ocrx_word' id='word_1_193' title='bbox 1115 1876 1162 1902; x_wconf 87' lang='lat' dir='ltr'>te-</span> 
     </span>
     <span class='ocr_line' id='line_1_42' title="bbox 412 1922 554 1948; baseline -0.008 0"><span class='ocrx_word' id='word_1_194' title='bbox 412 1922 554 1948; x_wconf 88' lang='lat' dir='ltr'>neantur.</span> 
     </span>
    </p>

    <p class='ocr_par' dir='ltr' id='par_1_11' title="bbox 411 1962 1164 2602">
     <span class='ocr_line' id='line_1_43' title="bbox 459 1962 1164 2013; baseline 0.006 -15"><span class='ocrx_word' id='word_1_195' title='bbox 459 1962 480 2010; x_wconf 71' lang='lat' dir='ltr'>S</span> <span class='ocrx_word' id='word_1_196' title='bbox 501 1964 559 1999; x_wconf 75' lang='lat'>20.</span> <span class='ocrx_word' id='word_1_197' title='bbox 581 1963 621 1998; x_wconf 92' lang='lat' dir='ltr'>Et</span> <span class='ocrx_word' id='word_1_198' title='bbox 637 1976 687 2008; x_wconf 90' lang='lat' dir='ltr'>ne,</span> <span class='ocrx_word' id='word_1_199' title='bbox 703 1963 786 2012; x_wconf 89' lang='lat' dir='ltr'>quod</span> <span class='ocrx_word' id='word_1_200' title='bbox 804 1964 896 2006; x_wconf 86' lang='lat' dir='ltr'>absit,</span> <span class='ocrx_word' id='word_1_201' title='bbox 913 1973 1042 2013; x_wconf 89' lang='lat' dir='ltr'>propter</span> <span class='ocrx_word' id='word_1_202' title='bbox 1055 1966 1164 2002; x_wconf 83' lang='lat' dir='ltr'>liuius·</span> 
     </span>
     <span class='ocr_line' id='line_1_44' title="bbox 412 2013 1162 2061; baseline 0.007 -14"><span class='ocrx_word' id='word_1_203' title='bbox 412 2013 495 2047; x_wconf 90' lang='lat' dir='ltr'>modi</span> <span class='ocrx_word' id='word_1_204' title='bbox 512 2013 688 2049; x_wconf 87' lang='lat' dir='ltr'>facultatem</span> <span class='ocrx_word' id='word_1_205' title='bbox 705 2014 842 2061; x_wconf 81' lang='lat' dir='ltr'>eligendi</span> <span class='ocrx_word' id='word_1_206' title='bbox 856 2015 1082 2061; x_wconf 84' lang='lat' dir='ltr'>confessorem,</span> <span class='ocrx_word' id='word_1_207' title='bbox 1097 2017 1162 2052; x_wconf 90' lang='lat' dir='ltr'>red-</span> 
     </span>
     <span class='ocr_line' id='line_1_45' title="bbox 411 2061 1163 2114; baseline 0.008 -18"><span class='ocrx_word' id='word_1_208' title='bbox 411 2061 502 2097; x_wconf 87' lang='lat' dir='ltr'>datur</span> <span class='ocrx_word' id='word_1_209' title='bbox 518 2064 651 2111; x_wconf 87' lang='lat' dir='ltr'>quisque</span> <span class='ocrx_word' id='word_1_210' title='bbox 669 2065 837 2111; x_wconf 82' lang='lat' dir='ltr'>proclivior</span> <span class='ocrx_word' id='word_1_211' title='bbox 859 2064 896 2099; x_wconf 87' lang='lat' dir='ltr'>ad</span> <span class='ocrx_word' id='word_1_212' title='bbox 920 2064 1028 2101; x_wconf 89' lang='lat' dir='ltr'>illicita</span> <span class='ocrx_word' id='word_1_213' title='bbox 1053 2067 1082 2101; x_wconf 95' lang='lat' dir='ltr'>in</span> <span class='ocrx_word' id='word_1_214' title='bbox 1099 2079 1163 2114; x_wconf 86' lang='lat' dir='ltr'>po-</span> 
     </span>
     <span class='ocr_line' id='line_1_46' title="bbox 412 2118 1161 2166; baseline 0.008 -15"><span class='ocrx_word' id='word_1_215' title='bbox 412 2124 529 2152; x_wconf 91' lang='lat' dir='ltr'>sterum</span> <span class='ocrx_word' id='word_1_216' title='bbox 554 2118 790 2163; x_wconf 85' lang='lat' dir='ltr'>committenda,</span> <span class='ocrx_word' id='word_1_217' title='bbox 811 2118 896 2166; x_wconf 87' lang='lat' dir='ltr'>quod</span> <span class='ocrx_word' id='word_1_218' title='bbox 921 2119 963 2153; x_wconf 88' lang='lat' dir='ltr'>illi</span> <span class='ocrx_word' id='word_1_219' title='bbox 983 2132 1020 2154; x_wconf 85' lang='lat' dir='ltr'>ex</span> <span class='ocrx_word' id='word_1_220' title='bbox 1042 2121 1161 2157; x_wconf 88' lang='lat' dir='ltr'>eisdem</span> 
     </span>
     <span class='ocr_line' id='line_1_47' title="bbox 413 2171 1164 2220; baseline 0.009 -16"><span class='ocrx_word' id='word_1_221' title='bbox 413 2171 634 2217; x_wconf 81' lang='lat' dir='ltr'>confratribus,</span> <span class='ocrx_word' id='word_1_222' title='bbox 656 2173 709 2220; x_wconf 92' lang='lat' dir='ltr'>qui</span> <span class='ocrx_word' id='word_1_223' title='bbox 732 2186 748 2208; x_wconf 91' lang='lat' dir='ltr'>a</span> <span class='ocrx_word' id='word_1_224' title='bbox 775 2173 953 2209; x_wconf 79' lang='lat' dir='ltr'>sinceritate</span> <span class='ocrx_word' id='word_1_225' title='bbox 982 2174 1067 2220; x_wconf 82' lang='lat' dir='ltr'>fidei,</span> <span class='ocrx_word' id='word_1_226' title='bbox 1096 2177 1164 2211; x_wconf 92' lang='lat' dir='ltr'>uni·</span> 
     </span>
     <span class='ocr_line' id='line_1_48' title="bbox 413 2226 1163 2265; baseline 0.008 -7"><span class='ocrx_word' id='word_1_227' title='bbox 413 2233 474 2260; x_wconf 86' lang='lat' dir='ltr'>tate</span> <span class='ocrx_word' id='word_1_228' title='bbox 500 2226 602 2261; x_wconf 87' lang='lat' dir='ltr'>dictae</span> <span class='ocrx_word' id='word_1_229' title='bbox 628 2226 791 2263; x_wconf 85' lang='lat' dir='ltr'>Romanae</span> <span class='ocrx_word' id='word_1_230' title='bbox 819 2226 980 2263; x_wconf 84' lang='lat' dir='ltr'>Ecclesiae</span> <span class='ocrx_word' id='word_1_231' title='bbox 1016 2241 1052 2264; x_wconf 87' lang='lat' dir='ltr'>ac</span> <span class='ocrx_word' id='word_1_232' title='bbox 1085 2230 1163 2265; x_wconf 89' lang='lat' dir='ltr'>obe-</span> 
     </span>
     <span class='ocr_line' id='line_1_49' title="bbox 414 2278 1163 2319; baseline 0.008 -6"><span class='ocrx_word' id='word_1_233' title='bbox 414 2278 528 2315; x_wconf 85' lang='lat' dir='ltr'>dientia</span> <span class='ocrx_word' id='word_1_234' title='bbox 550 2289 579 2316; x_wconf 90' lang='lat' dir='ltr'>et</span> <span class='ocrx_word' id='word_1_235' title='bbox 602 2280 766 2316; x_wconf 84' lang='lat' dir='ltr'>devotione</span> <span class='ocrx_word' id='word_1_236' title='bbox 792 2291 898 2317; x_wconf 86' lang='lat' dir='ltr'>nostra</span> <span class='ocrx_word' id='word_1_237' title='bbox 929 2282 976 2318; x_wconf 79' lang='lat' dir='ltr'>vel</span> <span class='ocrx_word' id='word_1_238' title='bbox 999 2295 1163 2319; x_wconf 87' lang='lat' dir='ltr'>successo-</span> 
     </span>
     <span class='ocr_line' id='line_1_50' title="bbox 415 2336 1163 2383; baseline 0.007 -14"><span class='ocrx_word' id='word_1_239' title='bbox 415 2347 482 2370; x_wconf 91' lang='lat' dir='ltr'>rum</span> <span class='ocrx_word' id='word_1_240' title='bbox 499 2336 935 2383; x_wconf 86' lang='lat' dir='ltr'>praedictorumdestiterint,</span> <span class='ocrx_word' id='word_1_241' title='bbox 954 2346 1017 2377; x_wconf 79' lang='lat' dir='ltr'>aut,</span> <span class='ocrx_word' id='word_1_242' title='bbox 1033 2350 1070 2373; x_wconf 84' lang='lat' dir='ltr'>ex</span> <span class='ocrx_word' id='word_1_243' title='bbox 1086 2351 1163 2374; x_wconf 92' lang='lat' dir='ltr'>con-</span> 
     </span>
     <span class='ocr_line' id='line_1_51' title="bbox 415 2389 1164 2427; baseline 0.005 -4"><span class='ocrx_word' id='word_1_244' title='bbox 415 2389 541 2426; x_wconf 83' lang='lat' dir='ltr'>fidentia</span> <span class='ocrx_word' id='word_1_245' title='bbox 569 2393 783 2427; x_wconf 81' lang='lat' dir='ltr'>concessionis</span> <span class='ocrx_word' id='word_1_246' title='bbox 811 2392 856 2427; x_wconf 81' lang='lat' dir='ltr'>vel</span> <span class='ocrx_word' id='word_1_247' title='bbox 882 2393 1077 2427; x_wconf 86' lang='lat' dir='ltr'>remissionis</span> <span class='ocrx_word' id='word_1_248' title='bbox 1103 2393 1164 2427; x_wconf 83' lang='lat' dir='ltr'>ltu-</span> 
     </span>
     <span class='ocr_line' id='line_1_52' title="bbox 415 2443 1162 2492; baseline 0.008 -16"><span class='ocrx_word' id='word_1_249' title='bbox 415 2443 567 2488; x_wconf 79' lang='lat' dir='ltr'>iusmodi,</span> <span class='ocrx_word' id='word_1_250' title='bbox 599 2445 699 2492; x_wconf 90' lang='lat' dir='ltr'>aliqua</span> <span class='ocrx_word' id='word_1_251' title='bbox 727 2446 830 2481; x_wconf 87' lang='lat' dir='ltr'>forsan</span> <span class='ocrx_word' id='word_1_252' title='bbox 854 2447 1095 2487; x_wconf 81' lang='lat' dir='ltr'>commiserint,</span> <span class='ocrx_word' id='word_1_253' title='bbox 1124 2446 1162 2482; x_wconf 87' lang='lat' dir='ltr'>de</span> 
     </span>
     <span class='ocr_line' id='line_1_53' title="bbox 415 2498 1162 2548; baseline 0.005 -16"><span class='ocrx_word' id='word_1_254' title='bbox 415 2498 575 2533; x_wconf 87' lang='lat' dir='ltr'>concessis</span> <span class='ocrx_word' id='word_1_255' title='bbox 588 2507 617 2533; x_wconf 93' lang='lat' dir='ltr'>et</span> <span class='ocrx_word' id='word_1_256' title='bbox 633 2500 771 2535; x_wconf 87' lang='lat' dir='ltr'>remissis</span> <span class='ocrx_word' id='word_1_257' title='bbox 785 2501 965 2547; x_wconf 84' lang='lat' dir='ltr'>praedictis,</span> <span class='ocrx_word' id='word_1_258' title='bbox 979 2500 1083 2548; x_wconf 90' lang='lat' dir='ltr'>quoad</span> <span class='ocrx_word' id='word_1_259' title='bbox 1101 2501 1162 2546; x_wconf 83' lang='lat' dir='ltr'>illa,</span> 
     </span>
     <span class='ocr_line' id='line_1_54' title="bbox 415 2553 1161 2602; baseline 0.003 -16"><span class='ocrx_word' id='word_1_260' title='bbox 415 2561 596 2598; x_wconf 84' lang='lat' dir='ltr'>praesentes</span> <span class='ocrx_word' id='word_1_261' title='bbox 614 2553 722 2589; x_wconf 89' lang='lat' dir='ltr'>literae</span> <span class='ocrx_word' id='word_1_262' title='bbox 739 2554 920 2590; x_wconf 86' lang='lat' dir='ltr'>nullatenus</span> <span class='ocrx_word' id='word_1_263' title='bbox 937 2555 1161 2602; x_wconf 77' lang='lat' dir='ltr'>suffragentur.</span> 
     </span>
    </p>

    <p class='ocr_par' dir='ltr' id='par_1_12' title="bbox 463 2605 1074 2654">
     <span class='ocr_line' id='line_1_55' title="bbox 463 2605 1074 2654; baseline 0.003 -14"><span class='ocrx_word' id='word_1_264' title='bbox 463 2605 546 2641; x_wconf 79' lang='lat' dir='ltr'>Nulli</span> <span class='ocrx_word' id='word_1_265' title='bbox 569 2619 645 2654; x_wconf 83' lang='lat' dir='ltr'>ergo</span> <span class='ocrx_word' id='word_1_266' title='bbox 667 2608 795 2643; x_wconf 90' lang='lat' dir='ltr'>omnino</span> <span class='ocrx_word' id='word_1_267' title='bbox 824 2608 989 2644; x_wconf 85' lang='lat' dir='ltr'>bominum</span> <span class='ocrx_word' id='word_1_268' title='bbox 1017 2621 1074 2643; x_wconf 81' lang='lat' dir='ltr'>ecc.</span> 
     </span>
    </p>
   </div>
   <div class='ocr_carea' id='block_1_9' title="bbox 463 2658 1162 2710">
    <p class='ocr_par' dir='ltr' id='par_1_13' title="bbox 463 2658 1162 2710">
     <span class='ocr_line' id='line_1_56' title="bbox 463 2658 1162 2710; baseline 0.006 -15"><span class='ocrx_word' id='word_1_269' title='bbox 463 2658 578 2696; x_wconf 87' lang='lat' dir='ltr'>Datum</span> <span class='ocrx_word' id='word_1_270' title='bbox 606 2660 726 2697; x_wconf 86' lang='lat' dir='ltr'>Romae</span> <span class='ocrx_word' id='word_1_271' title='bbox 753 2662 836 2710; x_wconf 86' lang='lat' dir='ltr'>apud</span> <span class='ocrx_word' id='word_1_272' title='bbox 853 2661 1006 2698; x_wconf 87' lang='lat' dir='ltr'>Sanctum</span> <span class='ocrx_word' id='word_1_273' title='bbox 1023 2663 1162 2703; x_wconf 79' lang='lat' dir='ltr'>Petrum,</span> 
     </span>
    </p>
   </div>
   <div class='ocr_carea' id='block_1_10' title="bbox 1014 267 1383 292">
    <p class='ocr_par' dir='ltr' id='par_1_14' title="bbox 1014 267 1383 292">
     <span class='ocr_line' id='line_1_57' title="bbox 1014 267 1383 292; baseline 0.011 -4"><span class='ocrx_word' id='word_1_274' title='bbox 1014 267 1072 288; x_wconf 75' lang='lat' dir='ltr'>uu.</span> <span class='ocrx_word' id='word_1_275' title='bbox 1075 267 1092 288; x_wconf 78' lang='grc'>1</span> <span class='ocrx_word' id='word_1_276' title='bbox 1095 267 1198 289; x_wconf 67' lang='lat' dir='ltr'>,tntum</span> <span class='ocrx_word' id='word_1_277' title='bbox 1223 269 1383 292; x_wconf 68' lang='lat' dir='ltr'>ROMANUM</span> 
     </span>
    </p>
   </div>
   <div class='ocr_carea' id='block_1_11' title="bbox 1190 324 1966 471">
    <p class='ocr_par' dir='ltr' id='par_1_15' title="bbox 1190 324 1965 471">
     <span class='ocr_line' id='line_1_58' title="bbox 1190 324 1965 361; baseline 0.004 -3"><span class='ocrx_word' id='word_1_278' title='bbox 1190 329 1296 358; x_wconf 88' lang='lat' dir='ltr'>&#39;anno</span> <span class='ocrx_word' id='word_1_279' title='bbox 1321 324 1547 359; x_wconf 88' lang='lat' dir='ltr'>lncarnationis</span> <span class='ocrx_word' id='word_1_280' title='bbox 1577 325 1756 361; x_wconf 86' lang='lat' dir='ltr'>dominicae</span> <span class='ocrx_word' id='word_1_281' title='bbox 1792 324 1965 361; x_wconf 87' lang='lat' dir='ltr'>millesimo</span> 
     </span>
     <span class='ocr_line' id='line_1_59' title="bbox 1213 374 1966 422; baseline 0.005 -15"><span class='ocrx_word' id='word_1_282' title='bbox 1213 375 1471 420; x_wconf 78' lang='lat' dir='ltr'>quingentesimo</span> <span class='ocrx_word' id='word_1_283' title='bbox 1493 374 1746 422; x_wconf 88' lang='lat' dir='ltr'>decimoquinto</span> <span class='ocrx_word' id='word_1_284' title='bbox 1762 387 1821 410; x_wconf 83' lang='lat' dir='ltr'>xiv</span> <span class='ocrx_word' id='word_1_285' title='bbox 1840 374 1966 412; x_wconf 81' lang='lat' dir='ltr'>kalend.</span> 
     </span>
     <span class='ocr_line' id='line_1_60' title="bbox 1213 424 1890 471; baseline 0.005 -13"><span class='ocrx_word' id='word_1_286' title='bbox 1213 424 1360 470; x_wconf 84' lang='lat' dir='ltr'>augusti,</span> <span class='ocrx_word' id='word_1_287' title='bbox 1384 424 1583 471; x_wconf 87' lang='lat' dir='ltr'>pontificatus</span> <span class='ocrx_word' id='word_1_288' title='bbox 1611 426 1709 461; x_wconf 86' lang='lat' dir='ltr'>nostri</span> <span class='ocrx_word' id='word_1_289' title='bbox 1738 438 1820 460; x_wconf 92' lang='lat' dir='ltr'>anno</span> <span class='ocrx_word' id='word_1_290' title='bbox 1840 438 1890 461; x_wconf 95' lang='grc' dir='ltr'>ιιι.</span> 
     </span>
    </p>
   </div>
   <div class='ocr_carea' id='block_1_12' title="bbox 1260 485 1916 528">
    <p class='ocr_par' dir='ltr' id='par_1_16' title="bbox 1260 485 1916 528">
     <span class='ocr_line' id='line_1_61' title="bbox 1260 485 1916 528; baseline 0.006 -13"><span class='ocrx_word' id='word_1_291' title='bbox 1260 485 1320 516; x_wconf 89' lang='lat' dir='ltr'>Dat.</span> <span class='ocrx_word' id='word_1_292' title='bbox 1344 486 1390 517; x_wconf 90' lang='lat' dir='ltr'>die</span> <span class='ocrx_word' id='word_1_293' title='bbox 1408 487 1444 517; x_wconf 77' lang='lat'>19</span> <span class='ocrx_word' id='word_1_294' title='bbox 1463 487 1527 517; x_wconf 91' lang='lat' dir='ltr'>iulii</span> <span class='ocrx_word' id='word_1_295' title='bbox 1547 487 1633 526; x_wconf 75' lang='lat'>1515,</span> <span class='ocrx_word' id='word_1_296' title='bbox 1655 487 1757 528; x_wconf 80' lang='lat' dir='ltr'>pontif.</span> <span class='ocrx_word' id='word_1_297' title='bbox 1777 498 1852 519; x_wconf 90' lang='lat' dir='ltr'>anno</span> <span class='ocrx_word' id='word_1_298' title='bbox 1875 497 1916 519; x_wconf 93' lang='grc' dir='ltr'>ιιι.</span> 
     </span>
    </p>
   </div>
   <div class='ocr_carea' id='block_1_13' title="bbox 1188 591 1951 638">
    <p class='ocr_par' dir='ltr' id='par_1_17' title="bbox 1188 591 1951 638">
     <span class='ocr_line' id='line_1_62' title="bbox 1188 591 1951 638; baseline 0.007 -15"><span class='ocrx_word' id='word_1_299' title='bbox 1188 610 1191 623; x_wconf 89' lang='grc'><em>.</em></span> <span class='ocrx_word' id='word_1_300' title='bbox 1223 591 1427 636; x_wconf 80' lang='lat' dir='ltr'>Subsequitur</span> <span class='ocrx_word' id='word_1_301' title='bbox 1447 592 1514 626; x_wconf 83' lang='lat' dir='ltr'>alia</span> <span class='ocrx_word' id='word_1_302' title='bbox 1533 592 1768 638; x_wconf 76' lang='lat' dir='ltr'>prt&#39;vt&#39;leqt&#39;orum</span> <span class='ocrx_word' id='word_1_303' title='bbox 1791 595 1951 628; x_wconf 82' lang='lat' dir='ltr'>concessio.</span> 
     </span>
    </p>
   </div>
   <div class='ocr_carea' id='block_1_14' title="bbox 1480 678 1696 711">
    <p class='ocr_par' dir='ltr' id='par_1_18' title="bbox 1480 678 1696 711">
     <span class='ocr_line' id='line_1_63' title="bbox 1480 678 1696 711; baseline 0.005 -1"><span class='ocrx_word' id='word_1_304' title='bbox 1480 678 1696 711; x_wconf 67' lang='lat' dir='ltr'>SUtttitAtttUttt</span> 
     </span>
    </p>
   </div>
   <div class='ocr_carea' id='block_1_15' title="bbox 1210 745 1966 1549">
    <p class='ocr_par' dir='ltr' id='par_1_19' title="bbox 1210 745 1966 1549">
     <span class='ocr_line' id='line_1_64' title="bbox 1210 745 1963 781; baseline 0.007 -5"><span class='ocrx_word' id='word_1_305' title='bbox 1210 745 1399 777; x_wconf 81' lang='lat' dir='ltr'>Procemium.</span> <span class='ocrx_word' id='word_1_306' title='bbox 1421 763 1461 770; x_wconf 91' lang='lat'><strong>—</strong></span> <span class='ocrx_word' id='word_1_307' title='bbox 1487 747 1514 777; x_wconf 86' lang='lat'>1.</span> <span class='ocrx_word' id='word_1_308' title='bbox 1534 746 1700 778; x_wconf 87' lang='lat' dir='ltr'>Summaria</span> <span class='ocrx_word' id='word_1_309' title='bbox 1720 749 1866 780; x_wconf 83' lang='lat' dir='ltr'>enarratio</span> <span class='ocrx_word' id='word_1_310' title='bbox 1889 759 1963 781; x_wconf 87' lang='lat' dir='ltr'>con-</span> 
     </span>
     <span class='ocr_line' id='line_1_65' title="bbox 1249 792 1966 831; baseline 0.006 -10"><span class='ocrx_word' id='word_1_311' title='bbox 1249 796 1392 821; x_wconf 89' lang='lat' dir='ltr'>tentorum</span> <span class='ocrx_word' id='word_1_312' title='bbox 1425 793 1452 822; x_wconf 91' lang='lat' dir='ltr'>in</span> <span class='ocrx_word' id='word_1_313' title='bbox 1477 792 1659 831; x_wconf 88' lang='lat' dir='ltr'>praeinserta</span> <span class='ocrx_word' id='word_1_314' title='bbox 1679 795 1899 825; x_wconf 88' lang='lat' dir='ltr'>constitutione.</span> <span class='ocrx_word' id='word_1_315' title='bbox 1927 812 1966 819; x_wconf 94' lang='lat'><strong>—</strong></span> 
     </span>
     <span class='ocr_line' id='line_1_66' title="bbox 1247 835 1963 877; baseline 0.008 -12"><span class='ocrx_word' id='word_1_316' title='bbox 1247 836 1275 866; x_wconf 61' lang='lat'>⁹2.</span> <span class='ocrx_word' id='word_1_317' title='bbox 1298 835 1459 876; x_wconf 85' lang='lat' dir='ltr'>Hospitalis</span> <span class='ocrx_word' id='word_1_318' title='bbox 1489 837 1652 867; x_wconf 84' lang='lat' dir='ltr'>confratres</span> <span class='ocrx_word' id='word_1_319' title='bbox 1681 839 1757 877; x_wconf 85' lang='lat' dir='ltr'>apud</span> <span class='ocrx_word' id='word_1_320' title='bbox 1791 838 1963 871; x_wconf 82' lang='lat' dir='ltr'>Pontificem</span> 
     </span>
     <span class='ocr_line' id='line_1_67' title="bbox 1248 882 1964 925; baseline 0.007 -15"><span class='ocrx_word' id='word_1_321' title='bbox 1248 882 1403 920; x_wconf 74' lang='lat' dir='ltr'>conquesti</span> <span class='ocrx_word' id='word_1_322' title='bbox 1424 886 1493 911; x_wconf 86' lang='lat' dir='ltr'>sunt</span> <span class='ocrx_word' id='word_1_323' title='bbox 1518 882 1553 912; x_wconf 90' lang='lat' dir='ltr'>de</span> <span class='ocrx_word' id='word_1_324' title='bbox 1573 883 1718 912; x_wconf 88' lang='lat' dir='ltr'>molestiis</span> <span class='ocrx_word' id='word_1_325' title='bbox 1738 883 1781 913; x_wconf 89' lang='lat' dir='ltr'>eis</span> <span class='ocrx_word' id='word_1_326' title='bbox 1801 893 1964 925; x_wconf 83' lang='lat' dir='ltr'>eorumque</span> 
     </span>
     <span class='ocr_line' id='line_1_68' title="bbox 1249 927 1963 968; baseline 0.007 -13"><span class='ocrx_word' id='word_1_327' title='bbox 1249 927 1442 956; x_wconf 72' lang='lat' dir='ltr'>servitoribus</span> <span class='ocrx_word' id='word_1_328' title='bbox 1461 931 1511 956; x_wconf 80' lang='lat' dir='ltr'>etc.</span> <span class='ocrx_word' id='word_1_329' title='bbox 1535 927 1625 957; x_wconf 89' lang='lat' dir='ltr'>illatis</span> <span class='ocrx_word' id='word_1_330' title='bbox 1654 927 1682 956; x_wconf 89' lang='lat' dir='ltr'>in</span> <span class='ocrx_word' id='word_1_331' title='bbox 1706 936 1807 958; x_wconf 89' lang='lat' dir='ltr'>eorum</span> <span class='ocrx_word' id='word_1_332' title='bbox 1828 930 1963 968; x_wconf 86' lang='lat' dir='ltr'>personis</span> 
     </span>
     <span class='ocr_line' id='line_1_69' title="bbox 1248 971 1963 1014; baseline 0.006 -14"><span class='ocrx_word' id='word_1_333' title='bbox 1248 971 1444 1011; x_wconf 80' lang='lat' dir='ltr'>etltospitalis</span> <span class='ocrx_word' id='word_1_334' title='bbox 1470 971 1662 1009; x_wconf 80' lang='lat' dir='ltr'>bonis;—3.</span> <span class='ocrx_word' id='word_1_335' title='bbox 1691 972 1963 1014; x_wconf 81' lang='lat' dir='ltr'>Supplicaruntque</span> 
     </span>
     <span class='ocr_line' id='line_1_70' title="bbox 1247 1017 1962 1057; baseline 0.006 -13"><span class='ocrx_word' id='word_1_336' title='bbox 1247 1025 1297 1052; x_wconf 85' lang='lat' dir='ltr'>pro</span> <span class='ocrx_word' id='word_1_337' title='bbox 1323 1022 1484 1055; x_wconf 80' lang='lat' dir='ltr'>opportuna</span> <span class='ocrx_word' id='word_1_338' title='bbox 1509 1017 1639 1056; x_wconf 86' lang='lat' dir='ltr'>desuper</span> <span class='ocrx_word' id='word_1_339' title='bbox 1661 1018 1840 1057; x_wconf 87' lang='lat' dir='ltr'>provisione.</span> <span class='ocrx_word' id='word_1_340' title='bbox 1868 1035 1907 1042; x_wconf 90' lang='lat'>--</span> <span class='ocrx_word' id='word_1_341' title='bbox 1933 1019 1962 1049; x_wconf 75' lang='lat'>4.</span> 
     </span>
     <span class='ocr_line' id='line_1_71' title="bbox 1247 1059 1963 1101; baseline 0.006 -11"><span class='ocrx_word' id='word_1_342' title='bbox 1247 1059 1299 1090; x_wconf 86' lang='lat' dir='ltr'>Hic</span> <span class='ocrx_word' id='word_1_343' title='bbox 1319 1061 1384 1091; x_wconf 82' lang='lat' dir='ltr'>ideo</span> <span class='ocrx_word' id='word_1_344' title='bbox 1407 1061 1540 1092; x_wconf 81' lang='lat' dir='ltr'>Pontifex</span> <span class='ocrx_word' id='word_1_345' title='bbox 1569 1071 1672 1092; x_wconf 88' lang='lat' dir='ltr'>omnes</span> <span class='ocrx_word' id='word_1_346' title='bbox 1702 1072 1716 1091; x_wconf 85' lang='lat' dir='ltr'>a</span> <span class='ocrx_word' id='word_1_347' title='bbox 1746 1062 1963 1101; x_wconf 88' lang='lat' dir='ltr'>iurisdictione,</span> 
     </span>
     <span class='ocr_line' id='line_1_72' title="bbox 1246 1107 1963 1148; baseline 0.006 -13"><span class='ocrx_word' id='word_1_348' title='bbox 1246 1107 1429 1136; x_wconf 86' lang='lat' dir='ltr'>correctione</span> <span class='ocrx_word' id='word_1_349' title='bbox 1454 1112 1480 1137; x_wconf 90' lang='lat' dir='ltr'>et</span> <span class='ocrx_word' id='word_1_350' title='bbox 1509 1107 1677 1137; x_wconf 77' lang='lat' dir='ltr'>visitatione</span> <span class='ocrx_word' id='word_1_351' title='bbox 1706 1117 1963 1148; x_wconf 74' lang='lat' dir='ltr'>quorumcumque</span> 
     </span>
     <span class='ocr_line' id='line_1_73' title="bbox 1246 1151 1964 1192; baseline 0.006 -12"><span class='ocrx_word' id='word_1_352' title='bbox 1246 1151 1444 1190; x_wconf 87' lang='lat' dir='ltr'>praelatorum</span> <span class='ocrx_word' id='word_1_353' title='bbox 1475 1152 1592 1189; x_wconf 82' lang='lat' dir='ltr'>eximit,</span> <span class='ocrx_word' id='word_1_354' title='bbox 1621 1157 1648 1182; x_wconf 91' lang='lat' dir='ltr'>et</span> <span class='ocrx_word' id='word_1_355' title='bbox 1679 1151 1747 1182; x_wconf 89' lang='lat' dir='ltr'>Sedi</span> <span class='ocrx_word' id='word_1_356' title='bbox 1777 1153 1964 1192; x_wconf 75' lang='lat' dir='ltr'>Apostolicae</span> 
     </span>
     <span class='ocr_line' id='line_1_74' title="bbox 1245 1195 1962 1234; baseline 0.007 -10"><span class='ocrx_word' id='word_1_357' title='bbox 1245 1195 1414 1226; x_wconf 83' lang='lat' dir='ltr'>immediate</span> <span class='ocrx_word' id='word_1_358' title='bbox 1431 1196 1611 1234; x_wconf 88' lang='lat' dir='ltr'>subiicit;—</span> <span class='ocrx_word' id='word_1_359' title='bbox 1626 1197 1653 1226; x_wconf 85' lang='lat'>5.</span> <span class='ocrx_word' id='word_1_360' title='bbox 1666 1196 1870 1228; x_wconf 87' lang='lat' dir='ltr'>Consratribus</span> <span class='ocrx_word' id='word_1_361' title='bbox 1886 1197 1962 1229; x_wconf 84' lang='lat' dir='ltr'>bona</span> 
     </span>
     <span class='ocr_line' id='line_1_75' title="bbox 1246 1240 1963 1278; baseline 0.006 -9"><span class='ocrx_word' id='word_1_362' title='bbox 1246 1240 1400 1278; x_wconf 88' lang='lat' dir='ltr'>hospitalis</span> <span class='ocrx_word' id='word_1_363' title='bbox 1416 1246 1444 1272; x_wconf 89' lang='lat' dir='ltr'>et</span> <span class='ocrx_word' id='word_1_364' title='bbox 1456 1242 1667 1278; x_wconf 89' lang='lat' dir='ltr'>membrorum,</span> <span class='ocrx_word' id='word_1_365' title='bbox 1679 1243 1708 1272; x_wconf 89' lang='lat' dir='ltr'>in</span> <span class='ocrx_word' id='word_1_366' title='bbox 1722 1242 1887 1273; x_wconf 82' lang='lat' dir='ltr'>evidentem</span> <span class='ocrx_word' id='word_1_367' title='bbox 1904 1244 1963 1274; x_wconf 91' lang='lat' dir='ltr'>uti-</span> 
     </span>
     <span class='ocr_line' id='line_1_76' title="bbox 1245 1284 1960 1325; baseline 0.007 -11"><span class='ocrx_word' id='word_1_368' title='bbox 1245 1284 1365 1322; x_wconf 82' lang='lat' dir='ltr'>litatem,</span> <span class='ocrx_word' id='word_1_369' title='bbox 1385 1287 1570 1325; x_wconf 82' lang='lat' dir='ltr'>permutandi</span> <span class='ocrx_word' id='word_1_370' title='bbox 1594 1292 1644 1316; x_wconf 84' lang='lat' dir='ltr'>ctc.</span> <span class='ocrx_word' id='word_1_371' title='bbox 1664 1286 1830 1318; x_wconf 79' lang='lat' dir='ltr'>fucultatem</span> <span class='ocrx_word' id='word_1_372' title='bbox 1849 1297 1960 1318; x_wconf 88' lang='lat' dir='ltr'>conce-</span> 
     </span>
     <span class='ocr_line' id='line_1_77' title="bbox 1244 1328 1961 1367; baseline 0.006 -8"><span class='ocrx_word' id='word_1_373' title='bbox 1244 1328 1296 1367; x_wconf 90' lang='lat' dir='ltr'>dit;</span> <span class='ocrx_word' id='word_1_374' title='bbox 1317 1347 1356 1352; x_wconf 97' lang='lat'><strong>—</strong></span> <span class='ocrx_word' id='word_1_375' title='bbox 1377 1332 1405 1361; x_wconf 73' lang='lat' dir='ltr'>o.</span> <span class='ocrx_word' id='word_1_376' title='bbox 1430 1330 1605 1361; x_wconf 86' lang='lat' dir='ltr'>Executores</span> <span class='ocrx_word' id='word_1_377' title='bbox 1623 1331 1712 1361; x_wconf 81' lang='lat' dir='ltr'>liuius</span> <span class='ocrx_word' id='word_1_378' title='bbox 1732 1331 1832 1362; x_wconf 87' lang='lat' dir='ltr'>bullae</span> <span class='ocrx_word' id='word_1_379' title='bbox 1855 1336 1884 1363; x_wconf 85' lang='lat' dir='ltr'>et</span> <span class='ocrx_word' id='word_1_380' title='bbox 1908 1333 1961 1363; x_wconf 89' lang='lat' dir='ltr'>de-</span> 
     </span>
     <span class='ocr_line' id='line_1_78' title="bbox 1245 1373 1962 1416; baseline 0.006 -13"><span class='ocrx_word' id='word_1_381' title='bbox 1245 1373 1377 1404; x_wconf 78' lang='lat' dir='ltr'>fensores</span> <span class='ocrx_word' id='word_1_382' title='bbox 1400 1375 1503 1406; x_wconf 86' lang='lat' dir='ltr'>horum</span> <span class='ocrx_word' id='word_1_383' title='bbox 1525 1376 1744 1415; x_wconf 81' lang='lat' dir='ltr'>privilegiorum</span> <span class='ocrx_word' id='word_1_384' title='bbox 1772 1376 1902 1416; x_wconf 85' lang='lat' dir='ltr'>deputat;</span> <span class='ocrx_word' id='word_1_385' title='bbox 1922 1393 1962 1401; x_wconf 92' lang='lat'><strong>—</strong></span> 
     </span>
     <span class='ocr_line' id='line_1_79' title="bbox 1245 1418 1962 1460; baseline 0.006 -12"><span class='ocrx_word' id='word_1_386' title='bbox 1245 1418 1272 1448; x_wconf 85' lang='lat'>7.</span> <span class='ocrx_word' id='word_1_387' title='bbox 1301 1418 1463 1451; x_wconf 83' lang='lat' dir='ltr'>Contrariis</span> <span class='ocrx_word' id='word_1_388' title='bbox 1481 1421 1622 1451; x_wconf 89' lang='lat' dir='ltr'>omnibus</span> <span class='ocrx_word' id='word_1_389' title='bbox 1646 1421 1777 1460; x_wconf 77' lang='lat' dir='ltr'>deroga13</span> <span class='ocrx_word' id='word_1_390' title='bbox 1798 1438 1838 1444; x_wconf 92' lang='lat'><strong>—</strong></span> <span class='ocrx_word' id='word_1_391' title='bbox 1855 1421 1883 1452; x_wconf 89' lang='lat'>8.</span> <span class='ocrx_word' id='word_1_392' title='bbox 1905 1420 1962 1452; x_wconf 87' lang='lat' dir='ltr'>Fa-</span> 
     </span>
     <span class='ocr_line' id='line_1_80' title="bbox 1243 1464 1962 1506; baseline 0.004 -12"><span class='ocrx_word' id='word_1_393' title='bbox 1243 1464 1368 1495; x_wconf 82' lang='lat' dir='ltr'>cultates</span> <span class='ocrx_word' id='word_1_394' title='bbox 1381 1471 1622 1496; x_wconf 82' lang='lat' dir='ltr'>conservatorum</span> <span class='ocrx_word' id='word_1_395' title='bbox 1638 1466 1771 1506; x_wconf 88' lang='lat' dir='ltr'>ampliat;</span> <span class='ocrx_word' id='word_1_396' title='bbox 1781 1483 1820 1489; x_wconf 94' lang='lat'><strong>—</strong></span> <span class='ocrx_word' id='word_1_397' title='bbox 1830 1466 1857 1497; x_wconf 81' lang='lat'>9.</span> <span class='ocrx_word' id='word_1_398' title='bbox 1870 1465 1962 1498; x_wconf 86' lang='lat' dir='ltr'>Tran-</span> 
     </span>
     <span class='ocr_line' id='line_1_81' title="bbox 1243 1509 1581 1549; baseline 0.006 -10"><span class='ocrx_word' id='word_1_399' title='bbox 1243 1509 1369 1549; x_wconf 87' lang='lat' dir='ltr'>sumptis</span> <span class='ocrx_word' id='word_1_400' title='bbox 1387 1510 1468 1541; x_wconf 89' lang='lat' dir='ltr'>credi</span> <span class='ocrx_word' id='word_1_401' title='bbox 1490 1510 1581 1541; x_wconf 86' lang='lat' dir='ltr'>iubet.</span> 
     </span>
    </p>
   </div>
   <div class='ocr_carea' id='block_1_16' title="bbox 1185 341 1193 995">
    <p class='ocr_par' dir='ltr' id='par_1_20' title="bbox 1185 341 1193 995">
     <span class='ocr_line' id='line_1_82' title="bbox 1185 341 1193 995; baseline 0 0"><span class='ocrx_word' id='word_1_402' title='bbox 1185 341 1193 995; x_wconf 95' lang='lat' dir='ltr'> </span> 
     </span>
    </p>
   </div>
   <div class='ocr_carea' id='block_1_17' title="bbox 1294 1586 1869 1679">
    <p class='ocr_par' dir='ltr' id='par_1_21' title="bbox 1294 1586 1869 1679">
     <span class='ocr_line' id='line_1_83' title="bbox 1294 1586 1869 1624; baseline 0.002 -8"><span class='ocrx_word' id='word_1_403' title='bbox 1294 1587 1344 1616; x_wconf 84' lang='lat' dir='ltr'>Leo</span> <span class='ocrx_word' id='word_1_404' title='bbox 1363 1588 1504 1624; x_wconf 82' lang='lat' dir='ltr'>episcopus</span> <span class='ocrx_word' id='word_1_405' title='bbox 1528 1594 1626 1617; x_wconf 85' lang='lat' dir='ltr'>servus</span> <span class='ocrx_word' id='word_1_406' title='bbox 1651 1594 1792 1617; x_wconf 82' lang='lat' dir='ltr'>servorum</span> <span class='ocrx_word' id='word_1_407' title='bbox 1807 1586 1869 1621; x_wconf 80' lang='lat' dir='ltr'>net.</span> 
     </span>
     <span class='ocr_line' id='line_1_84' title="bbox 1340 1642 1824 1679; baseline 0.002 -8"><span class='ocrx_word' id='word_1_408' title='bbox 1340 1642 1374 1670; x_wconf 87' lang='lat' dir='ltr'>ad</span> <span class='ocrx_word' id='word_1_409' title='bbox 1405 1643 1567 1679; x_wconf 72' lang='lat' dir='ltr'>perpetuam</span> <span class='ocrx_word' id='word_1_410' title='bbox 1592 1642 1633 1671; x_wconf 83' lang='lat' dir='ltr'>rei</span> <span class='ocrx_word' id='word_1_411' title='bbox 1654 1642 1824 1672; x_wconf 81' lang='lat' dir='ltr'>memoriam.</span> 
     </span>
    </p>
   </div>
   <div class='ocr_carea' id='block_1_18' title="bbox 1180 1714 1960 2711">
    <p class='ocr_par' dir='ltr' id='par_1_22' title="bbox 1204 1714 1960 2662">
     <span class='ocr_line' id='line_1_85' title="bbox 1253 1714 1959 1762; baseline 0 -12"><span class='ocrx_word' id='word_1_412' title='bbox 1253 1714 1300 1750; x_wconf 84' lang='lat' dir='ltr'>De</span> <span class='ocrx_word' id='word_1_413' title='bbox 1315 1727 1472 1762; x_wconf 83' lang='lat' dir='ltr'>supernae</span> <span class='ocrx_word' id='word_1_414' title='bbox 1491 1714 1709 1762; x_wconf 88' lang='lat' dir='ltr'>dispositionis</span> <span class='ocrx_word' id='word_1_415' title='bbox 1723 1715 1866 1757; x_wconf 89' lang='lat' dir='ltr'>arbitrio,</span> <span class='ocrx_word' id='word_1_416' title='bbox 1882 1715 1959 1750; x_wconf 86' lang='lat' dir='ltr'>uni-</span> 
     </span>
     <span class='ocr_line' id='line_1_86' title="bbox 1206 1764 1960 1814; baseline 0 -14"><span class='ocrx_word' id='word_1_417' title='bbox 1206 1765 1334 1801; x_wconf 88' lang='lat' dir='ltr'>versalis</span> <span class='ocrx_word' id='word_1_418' title='bbox 1360 1765 1522 1801; x_wconf 88' lang='lat' dir='ltr'>Ecclesiae</span> <span class='ocrx_word' id='word_1_419' title='bbox 1545 1765 1705 1813; x_wconf 86' lang='lat' dir='ltr'>regimini,</span> <span class='ocrx_word' id='word_1_420' title='bbox 1727 1766 1880 1814; x_wconf 83' lang='lat' dir='ltr'>gregique</span> <span class='ocrx_word' id='word_1_421' title='bbox 1901 1764 1960 1800; x_wconf 91' lang='lat' dir='ltr'>do·</span> 
     </span>
     <span class='ocr_line' id='line_1_87' title="bbox 1206 1815 1960 1863; baseline 0 -13"><span class='ocrx_word' id='word_1_422' title='bbox 1206 1816 1324 1851; x_wconf 88' lang='lat' dir='ltr'>minico</span> <span class='ocrx_word' id='word_1_423' title='bbox 1347 1815 1588 1863; x_wconf 72' lang='lat' dir='ltr'>praesidentes,</span> <span class='ocrx_word' id='word_1_424' title='bbox 1616 1816 1697 1851; x_wconf 88' lang='lat' dir='ltr'>inter</span> <span class='ocrx_word' id='word_1_425' title='bbox 1724 1828 1824 1850; x_wconf 83' lang='lat' dir='ltr'>varias</span> <span class='ocrx_word' id='word_1_426' title='bbox 1850 1827 1960 1851; x_wconf 88' lang='lat' dir='ltr'>curas-</span> 
     </span>
     <span class='ocr_line' id='line_1_88' title="bbox 1204 1865 1959 1914; baseline 0 -13"><span class='ocrx_word' id='word_1_427' title='bbox 1204 1877 1268 1913; x_wconf 91' lang='lat' dir='ltr'>que</span> <span class='ocrx_word' id='word_1_428' title='bbox 1291 1866 1483 1913; x_wconf 87' lang='lat' dir='ltr'>multiplices</span> <span class='ocrx_word' id='word_1_429' title='bbox 1505 1875 1535 1900; x_wconf 87' lang='lat' dir='ltr'>et</span> <span class='ocrx_word' id='word_1_430' title='bbox 1556 1865 1787 1906; x_wconf 86' lang='lat' dir='ltr'>solicitudines‚</span> <span class='ocrx_word' id='word_1_431' title='bbox 1810 1877 1892 1914; x_wconf 89' lang='lat' dir='ltr'>quae</span> <span class='ocrx_word' id='word_1_432' title='bbox 1919 1877 1959 1901; x_wconf 83' lang='lat' dir='ltr'>ex</span> 
     </span>
     <span class='ocr_line' id='line_1_89' title="bbox 1205 1914 1960 1963; baseline 0.001 -13"><span class='ocrx_word' id='word_1_433' title='bbox 1205 1916 1382 1951; x_wconf 86' lang='lat' dir='ltr'>ministerio</span> <span class='ocrx_word' id='word_1_434' title='bbox 1402 1915 1568 1963; x_wconf 88' lang='lat' dir='ltr'>pastoralis</span> <span class='ocrx_word' id='word_1_435' title='bbox 1594 1914 1688 1950; x_wconf 83' lang='lat' dir='ltr'>oflicii</span> <span class='ocrx_word' id='word_1_436' title='bbox 1717 1915 1809 1950; x_wconf 90' lang='lat' dir='ltr'>uobis</span> <span class='ocrx_word' id='word_1_437' title='bbox 1832 1917 1960 1951; x_wconf 85' lang='lat' dir='ltr'>incum-</span> 
     </span>
     <span class='ocr_line' id='line_1_90' title="bbox 1206 1964 1960 2007; baseline 0 -7"><span class='ocrx_word' id='word_1_438' title='bbox 1206 1965 1305 2007; x_wconf 83' lang='lat' dir='ltr'>bunt,</span> <span class='ocrx_word' id='word_1_439' title='bbox 1334 1966 1416 2001; x_wconf 90' lang='lat' dir='ltr'>illam</span> <span class='ocrx_word' id='word_1_440' title='bbox 1448 1967 1519 2001; x_wconf 87' lang='lat' dir='ltr'>totis</span> <span class='ocrx_word' id='word_1_441' title='bbox 1549 1964 1714 2000; x_wconf 85' lang='lat' dir='ltr'>affectibus</span> <span class='ocrx_word' id='word_1_442' title='bbox 1739 1973 1771 2000; x_wconf 89' lang='lat' dir='ltr'>et</span> <span class='ocrx_word' id='word_1_443' title='bbox 1792 1964 1960 2001; x_wconf 89' lang='lat' dir='ltr'>desideriis</span> 
     </span>
     <span class='ocr_line' id='line_1_91' title="bbox 1206 2014 1959 2063; baseline 0 -13"><span class='ocrx_word' id='word_1_444' title='bbox 1206 2015 1341 2051; x_wconf 89' lang='lat' dir='ltr'>libenter</span> <span class='ocrx_word' id='word_1_445' title='bbox 1367 2015 1592 2063; x_wconf 89' lang='lat' dir='ltr'>amplectimur</span> <span class='ocrx_word' id='word_1_446' title='bbox 1607 2043 1616 2060; x_wconf 82' lang='lat'>,</span> <span class='ocrx_word' id='word_1_447' title='bbox 1644 2028 1701 2063; x_wconf 88' lang='lat' dir='ltr'>per</span> <span class='ocrx_word' id='word_1_448' title='bbox 1722 2027 1817 2062; x_wconf 91' lang='lat' dir='ltr'>quam</span> <span class='ocrx_word' id='word_1_449' title='bbox 1839 2014 1959 2051; x_wconf 89' lang='lat' dir='ltr'>Christi</span> 
     </span>
     <span class='ocr_line' id='line_1_92' title="bbox 1207 2065 1960 2113; baseline 0.001 -13"><span class='ocrx_word' id='word_1_450' title='bbox 1207 2065 1399 2113; x_wconf 87' lang='lat' dir='ltr'>pauperibus</span> <span class='ocrx_word' id='word_1_451' title='bbox 1411 2074 1442 2101; x_wconf 90' lang='lat' dir='ltr'>et</span> <span class='ocrx_word' id='word_1_452' title='bbox 1456 2066 1576 2113; x_wconf 80' lang='lat' dir='ltr'>egenis,</span> <span class='ocrx_word' id='word_1_453' title='bbox 1587 2065 1884 2113; x_wconf 88' lang='lat' dir='ltr'>miserabilibusque</span> <span class='ocrx_word' id='word_1_454' title='bbox 1893 2077 1960 2113; x_wconf 87' lang='lat' dir='ltr'>per-</span> 
     </span>
     <span class='ocr_line' id='line_1_93' title="bbox 1206 2114 1957 2163; baseline 0 -13"><span class='ocrx_word' id='word_1_455' title='bbox 1206 2116 1304 2160; x_wconf 88' lang='lat' dir='ltr'>sonis,</span> <span class='ocrx_word' id='word_1_456' title='bbox 1327 2116 1357 2150; x_wconf 88' lang='lat' dir='ltr'>iu</span> <span class='ocrx_word' id='word_1_457' title='bbox 1377 2115 1492 2163; x_wconf 90' lang='lat' dir='ltr'>quibus</span> <span class='ocrx_word' id='word_1_458' title='bbox 1508 2114 1704 2161; x_wconf 83' lang='lat' dir='ltr'>Redemptor</span> <span class='ocrx_word' id='word_1_459' title='bbox 1719 2123 1827 2151; x_wconf 86' lang='lat' dir='ltr'>noster</span> <span class='ocrx_word' id='word_1_460' title='bbox 1841 2114 1957 2150; x_wconf 86' lang='lat' dir='ltr'>summi</span> 
     </span>
     <span class='ocr_line' id='line_1_94' title="bbox 1205 2164 1959 2212; baseline 0 -12"><span class='ocrx_word' id='word_1_461' title='bbox 1205 2164 1309 2201; x_wconf 88' lang='lat' dir='ltr'>Patris</span> <span class='ocrx_word' id='word_1_462' title='bbox 1318 2165 1602 2212; x_wconf 84' lang='lat' dir='ltr'>Unigenituslesus</span> <span class='ocrx_word' id='word_1_463' title='bbox 1611 2164 1757 2200; x_wconf 83' lang='lat' dir='ltr'>Christus</span> <span class='ocrx_word' id='word_1_464' title='bbox 1770 2177 1804 2201; x_wconf 90' lang='lat' dir='ltr'>se</span> <span class='ocrx_word' id='word_1_465' title='bbox 1815 2177 1959 2212; x_wconf 87' lang='lat' dir='ltr'>praesen-</span> 
     </span>
     <span class='ocr_line' id='line_1_95' title="bbox 1206 2215 1959 2262; baseline 0 -12"><span class='ocrx_word' id='word_1_466' title='bbox 1206 2224 1270 2251; x_wconf 91' lang='lat' dir='ltr'>tare</span> <span class='ocrx_word' id='word_1_467' title='bbox 1291 2215 1440 2262; x_wconf 81' lang='lat' dir='ltr'>dignatus</span> <span class='ocrx_word' id='word_1_468' title='bbox 1467 2224 1525 2258; x_wconf 83' lang='lat' dir='ltr'>est,</span> <span class='ocrx_word' id='word_1_469' title='bbox 1558 2215 1681 2262; x_wconf 88' lang='lat' dir='ltr'>inopiae</span> <span class='ocrx_word' id='word_1_470' title='bbox 1709 2224 1739 2250; x_wconf 85' lang='lat' dir='ltr'>et</span> <span class='ocrx_word' id='word_1_471' title='bbox 1767 2215 1959 2262; x_wconf 82' lang='lat' dir='ltr'>indigentiae</span> 
     </span>
     <span class='ocr_line' id='line_1_96' title="bbox 1205 2263 1957 2312; baseline 0.001 -13"><span class='ocrx_word' id='word_1_472' title='bbox 1205 2265 1402 2307; x_wconf 88' lang='lat' dir='ltr'>subvenitur;</span> <span class='ocrx_word' id='word_1_473' title='bbox 1426 2275 1455 2300; x_wconf 91' lang='lat' dir='ltr'>et</span> <span class='ocrx_word' id='word_1_474' title='bbox 1478 2274 1510 2301; x_wconf 91' lang='lat' dir='ltr'>ut</span> <span class='ocrx_word' id='word_1_475' title='bbox 1538 2264 1662 2312; x_wconf 84' lang='lat' dir='ltr'>singula</span> <span class='ocrx_word' id='word_1_476' title='bbox 1685 2265 1734 2312; x_wconf 87' lang='lat' dir='ltr'>pia</span> <span class='ocrx_word' id='word_1_477' title='bbox 1757 2263 1843 2309; x_wconf 84' lang='lat' dir='ltr'>loca,</span> <span class='ocrx_word' id='word_1_478' title='bbox 1863 2276 1957 2312; x_wconf 86' lang='lat' dir='ltr'>prae-</span> 
     </span>
     <span class='ocr_line' id='line_1_97' title="bbox 1206 2313 1957 2363; baseline 0.001 -14"><span class='ocrx_word' id='word_1_479' title='bbox 1206 2316 1312 2350; x_wconf 91' lang='lat' dir='ltr'>sertim</span> <span class='ocrx_word' id='word_1_480' title='bbox 1338 2315 1492 2363; x_wconf 83' lang='lat' dir='ltr'>liospitale</span> <span class='ocrx_word' id='word_1_481' title='bbox 1513 2314 1620 2351; x_wconf 91' lang='lat' dir='ltr'>Sancti</span> <span class='ocrx_word' id='word_1_482' title='bbox 1638 2313 1741 2350; x_wconf 86' lang='lat' dir='ltr'>lacobi</span> <span class='ocrx_word' id='word_1_483' title='bbox 1765 2315 1795 2349; x_wconf 90' lang='lat' dir='ltr'>in</span> <span class='ocrx_word' id='word_1_484' title='bbox 1812 2314 1957 2362; x_wconf 82' lang='lat' dir='ltr'>Augusta</span> 
     </span>
     <span class='ocr_line' id='line_1_98' title="bbox 1207 2364 1957 2413; baseline 0.001 -14"><span class='ocrx_word' id='word_1_485' title='bbox 1207 2365 1245 2399; x_wconf 90' lang='lat' dir='ltr'>de</span> <span class='ocrx_word' id='word_1_486' title='bbox 1273 2365 1373 2411; x_wconf 76' lang='lat' dir='ltr'>L&#39;rbe,</span> <span class='ocrx_word' id='word_1_487' title='bbox 1397 2378 1497 2412; x_wconf 89' lang='lat' dir='ltr'>nuper</span> <span class='ocrx_word' id='word_1_488' title='bbox 1513 2378 1568 2413; x_wconf 90' lang='lat' dir='ltr'>per</span> <span class='ocrx_word' id='word_1_489' title='bbox 1581 2376 1638 2400; x_wconf 91' lang='lat' dir='ltr'>nos</span> <span class='ocrx_word' id='word_1_490' title='bbox 1659 2364 1689 2398; x_wconf 91' lang='lat' dir='ltr'>in</span> <span class='ocrx_word' id='word_1_491' title='bbox 1713 2364 1957 2411; x_wconf 87' lang='lat' dir='ltr'>archiltospitale</span> 
     </span>
     <span class='ocr_line' id='line_1_99' title="bbox 1206 2414 1958 2462; baseline 0.001 -13"><span class='ocrx_word' id='word_1_492' title='bbox 1206 2423 1342 2450; x_wconf 87' lang='lat' dir='ltr'>erectum</span> <span class='ocrx_word' id='word_1_493' title='bbox 1367 2423 1395 2450; x_wconf 92' lang='lat' dir='ltr'>et</span> <span class='ocrx_word' id='word_1_494' title='bbox 1424 2415 1613 2456; x_wconf 83' lang='lat' dir='ltr'>institutum,</span> <span class='ocrx_word' id='word_1_495' title='bbox 1636 2426 1650 2448; x_wconf 89' lang='lat' dir='ltr'>a</span> <span class='ocrx_word' id='word_1_496' title='bbox 1678 2414 1845 2462; x_wconf 84' lang='lat' dir='ltr'>quibusvis</span> <span class='ocrx_word' id='word_1_497' title='bbox 1867 2414 1958 2450; x_wconf 86' lang='lat' dir='ltr'>iuiu-</span> 
     </span>
     <span class='ocr_line' id='line_1_100' title="bbox 1206 2465 1955 2512; baseline 0.003 -14"><span class='ocrx_word' id='word_1_498' title='bbox 1206 2465 1270 2505; x_wconf 73' lang='lat' dir='ltr'>riis,</span> <span class='ocrx_word' id='word_1_499' title='bbox 1289 2465 1442 2500; x_wconf 87' lang='lat' dir='ltr'>molestiis</span> <span class='ocrx_word' id='word_1_500' title='bbox 1460 2475 1490 2500; x_wconf 89' lang='lat' dir='ltr'>et</span> <span class='ocrx_word' id='word_1_501' title='bbox 1505 2465 1673 2508; x_wconf 83' lang='lat' dir='ltr'>violentiis,</span> <span class='ocrx_word' id='word_1_502' title='bbox 1685 2477 1720 2500; x_wconf 87' lang='lat' dir='ltr'>ac</span> <span class='ocrx_word' id='word_1_503' title='bbox 1736 2476 1955 2512; x_wconf 83' lang='lat' dir='ltr'>perversorum</span> 
     </span>
     <span class='ocr_line' id='line_1_101' title="bbox 1205 2514 1957 2558; baseline -0.001 -9"><span class='ocrx_word' id='word_1_504' title='bbox 1205 2515 1370 2550; x_wconf 86' lang='lat' dir='ltr'>conatibus</span> <span class='ocrx_word' id='word_1_505' title='bbox 1399 2523 1645 2558; x_wconf 86' lang='lat' dir='ltr'>conserventur,</span> <span class='ocrx_word' id='word_1_506' title='bbox 1678 2522 1708 2549; x_wconf 90' lang='lat' dir='ltr'>et</span> <span class='ocrx_word' id='word_1_507' title='bbox 1739 2515 1823 2550; x_wconf 80' lang='lat' dir='ltr'>iuxta</span> <span class='ocrx_word' id='word_1_508' title='bbox 1852 2514 1957 2549; x_wconf 90' lang='lat' dir='ltr'>cordis</span> 
     </span>
     <span class='ocr_line' id='line_1_102' title="bbox 1206 2563 1956 2610; baseline 0 -12"><span class='ocrx_word' id='word_1_509' title='bbox 1206 2565 1302 2599; x_wconf 89' lang='lat' dir='ltr'>nostri</span> <span class='ocrx_word' id='word_1_510' title='bbox 1330 2564 1526 2600; x_wconf 76' lang='lat' dir='ltr'>affectionem</span> <span class='ocrx_word' id='word_1_511' title='bbox 1561 2565 1692 2599; x_wconf 87' lang='lat' dir='ltr'>feliciter</span> <span class='ocrx_word' id='word_1_512' title='bbox 1719 2563 1956 2610; x_wconf 79' lang='lat' dir='ltr'>gubernentur,</span> 
     </span>
     <span class='ocr_line' id='line_1_103' title="bbox 1207 2613 1955 2662; baseline 0 -14"><span class='ocrx_word' id='word_1_513' title='bbox 1207 2622 1309 2661; x_wconf 83' lang='lat' dir='ltr'>partes</span> <span class='ocrx_word' id='word_1_514' title='bbox 1332 2623 1466 2658; x_wconf 79' lang='lat' dir='ltr'>nostras,</span> <span class='ocrx_word' id='word_1_515' title='bbox 1481 2623 1636 2662; x_wconf 90' lang='lat' dir='ltr'>quantum</span> <span class='ocrx_word' id='word_1_516' title='bbox 1659 2624 1696 2648; x_wconf 83' lang='lat' dir='ltr'>ex</span> <span class='ocrx_word' id='word_1_517' title='bbox 1715 2614 1778 2648; x_wconf 76' lang='lat' dir='ltr'>alto</span> <span class='ocrx_word' id='word_1_518' title='bbox 1801 2613 1955 2661; x_wconf 84' lang='lat' dir='ltr'>permitti-</span> 
     </span>
    </p>

    <p class='ocr_par' dir='ltr' id='par_1_23' title="bbox 1180 2663 1684 2711">
     <span class='ocr_line' id='line_1_104' title="bbox 1180 2663 1684 2711; baseline 0.002 -14"><span class='ocrx_word' id='word_1_519' title='bbox 1180 2679 1186 2705; x_wconf 53' lang='grc' dir='ltr'>ι</span> <span class='ocrx_word' id='word_1_520' title='bbox 1205 2672 1267 2708; x_wconf 87' lang='lat' dir='ltr'>tur,</span> <span class='ocrx_word' id='word_1_521' title='bbox 1291 2664 1507 2711; x_wconf 88' lang='lat' dir='ltr'>impendimus</span> <span class='ocrx_word' id='word_1_522' title='bbox 1528 2663 1684 2700; x_wconf 82' lang='lat' dir='ltr'>efficaces.</span> 
     </span>
    </p>
   </div>
   <div class='ocr_carea' id='block_1_19' title="bbox 1982 269 2165 298">
    <p class='ocr_par' dir='ltr' id='par_1_24' title="bbox 1982 269 2165 298">
     <span class='ocr_line' id='line_1_105' title="bbox 1982 269 2165 298; baseline 0 -1"><span class='ocrx_word' id='word_1_523' title='bbox 1982 270 2031 298; x_wconf 82' lang='grc' dir='ltr'>Αιι.</span> <span class='ocrx_word' id='word_1_524' title='bbox 2050 269 2080 298; x_wconf 84' lang='lat' dir='ltr'>C.</span> <span class='ocrx_word' id='word_1_525' title='bbox 2096 269 2165 298; x_wconf 67' lang='lat'>¹⁸18</span> 
     </span>
    </p>
   </div>
   <div class='ocr_carea' id='block_1_20' title="bbox 2001 1726 2134 1750">
    <p class='ocr_par' dir='ltr' id='par_1_25' title="bbox 2001 1726 2134 1750">
     <span class='ocr_line' id='line_1_106' title="bbox 2001 1726 2134 1750; baseline -0.008 -1"><span class='ocrx_word' id='word_1_526' title='bbox 2001 1726 2134 1750; x_wconf 70' lang='lat' dir='ltr'>Pro-utun.</span> 
     </span>
    </p>
   </div>
   <div class='ocr_carea' id='block_1_21' title="bbox 2235 0 2281 1141">
    <p class='ocr_par' dir='ltr' id='par_1_26' title="bbox 2235 0 2281 1141">
     <span class='ocr_line' id='line_1_107' title="bbox 2235 0 2281 1141; baseline 0 0"><span class='ocrx_word' id='word_1_527' title='bbox 2235 0 2281 1141; x_wconf 95' lang='lat' dir='ltr'> </span> 
     </span>
    </p>
   </div>
  </div>
 </body>
</html>
