2281 3251
253 236 299 263 An.
323 238 351 264 C.
369 238 433 265 111θῦ

276 2392 408 2415 Prooemmm.

498 228 566 260 558

448 302 507 328 tate
529 295 650 337 conlisi,
678 295 825 329 omnibus
852 303 881 329 et
907 293 1037 340 siugulis
1064 294 1190 329 chtisti—

446 343 590 379 fidelibus
614 344 776 391 utriusque
803 356 911 383 sexus,
935 356 1004 378 ιρι-υ
1028 344 1191 399 poeniten-

447 393 530 429 tibus
545 402 575 428 et
595 394 758 436 confessis,
780 394 832 440 qui
855 393 1017 428 ecelesiam
1043 393 1140 440 ipsam
1161 394 1189 427 in

447 443 554 478 ultima
570 444 725 477 dominica
742 444 859 477 mensis
879 443 1006 477 ianuarii
1022 443 1191 478 cuiuslibet

445 493 530 536 anni,
551 506 566 526 a
591 493 701 539 primis
717 494 853 540 vesperis
873 504 972 539 usque
987 492 1024 526 ad
1044 504 1189 527 occasum

445 543 544 578 solis
539 555 634 588 ipsius
649 542 838 583 dominicae
857 542 968 577 devote
989 542 1190 579 v,isitar·e1int

445 592 603 627 annuatim
617 592 758 626 omnium
784 600 982 641 peccatorum
998 604 1126 627 suornm
1149 604 1191 626 re

445 642 639 680 missionem
666 642 850 676 auctoritate
872 641 1055 688 apostolica
1083 651 1191 676 tenore

446 692 654 739 praesentium
690 691 895 726 concedimus
929 700 957 726 et
999 692 1191 738 elargimur,

445 740 665 788 praesentibus
688 742 849 788 perpetuis
865 741 977 776 futuris
996 741 1192 788 temporibus

446 791 593 826 valituris.
619 790 773 825 Volumus
794 800 897 826 antem
921 791 1004 838 quod
1020 791 1045 825 si
1061 791 1137 826 alias
1154 792 1191 824 ri-

443 840 610 875 sit-antibus
636 840 752 875 dictam
769 841 930 875 ecclesiam
946 841 1050 888 aliqua
1072 841 1130 876 alia
1149 841 1194 874 in—

443 890 602 937 dulgentia
619 918 628 933 ,
657 891 686 924 in
711 899 899 937 perpetuum
928 891 975 924 vel
1009 891 1046 926 ad
1069 899 1189 925 certum

444 949 567 987 tempus
590 940 730 975 nondum
745 940 884 987 elapsum
898 940 1059 979 duratura,
1082 940 1190 975 eadem

443 990 493 1025 die
516 1002 570 1037 per
591 1002 649 1024 nos
671 1002 820 1025 concessa
840 990 944 1029 tuerit,
959 999 1140 1038 praesentes
1155 990 1192 1024 li-

444 1048 527 1075 terae
549 1040 668 1075 nullius
689 1040 751 1075 sint
779 1040 900 1074 roboris
928 1041 973 1075 vel
998 1041 1161 1074 momenti.

491 1088 606 1124 Datum
629 1089 749 1124 Romae
770 1090 853 1137 apud
876 1090 1026 1125 Sanctum
1051 1089 1192 1133 Petrum,

444 1151 528 1174 anuo
563 1139 788 1174 lncarnationis
821 1139 999 1174 dominicae
1026 1139 1192 1174 millesimo

445 1188 758 1236 quadringentesimo
773 1190 976 1236 nonagesimo
989 1197 1087 1228 sextO,
1104 1202 1191 1236 qnar-

446 1247 476 1274 to
498 1238 646 1274 kalendas
659 1239 797 1286 augusti,
812 1239 1013 1286 pontificatus
1030 1240 1127 1274 nostri
1142 1251 1194 1273 an-

445 1300 486 1324 no
504 1297 625 1335 quarto.

493 1351 554 1381 Dat.
575 1352 622 1381 die
639 1352 677 1382 ⁶20
695 1352 759 1381 iulii
782 1352 866 1388 1496,
885 1352 988 1391 pontif.
1011 1362 1087 1382 anno
1106 1362 1141 1382 tv.

779 1540 859 1574 Vlll.

443 1623 648 1668 Priviteqium
677 1624 806 1658 Ordinis
832 1623 969 1668 fratrum
1000 1624 1193 1657 eremitarum

493 1674 602 1706 Sancti
622 1674 801 1718 Auyusti'm',
817 1675 898 1718 quod
913 1674 1047 1718 officinm
1063 1675 1198 1707 sacrarii

494 1724 667 1768 apostolici,
689 1735 742 1768 pei·
769 1736 863 1757 tntum
889 1735 928 1756 ex
945 1725 987 1757 eis
1007 1731 1194 1757 exerceatur.

717 1801 931 1832 SUlthAlllUM

447 1871 635 1902 l‘rooemium.
657 1888 696 1893 —
715 1871 738 1900 l.
757 1870 890 1900 Ollicium
914 1871 1056 1901 sacristae
1079 1872 1196 1910 cappeh

486 1917 531 1946 lae
543 1916 644 1946 Palatii
663 1916 822 1955 Apostolici
843 1915 983 1945 fratribus
1000 1916 1067 1946 Ord.
1085 1918 1196 1946 eremit.

486 1961 584 1991 Sancti
598 1961 755 2000 Augustini
770 1961 880 1990 dudum
894 1961 1020 1990 conterri
1037 1961 1198 1991 consuerit.

486 2024 524 2028 —
542 2005 570 2036 ⁶2.
589 2005 641 2035 llic
660 2006 745 2035 modo
764 2004 896 2035 Pontifex
920 2005 973 2034 lior
995 2005 1140 2034 imlnltum
1159 2006 1198 2034 ei-

487 2052 552 2080 dem
571 2050 673 2080 Ortlini
698 2051 725 2080 in
746 2055 918 2089 perpetuum
943 2050 1088 2079 concedit.
1112 2067 1150 2072 -
1172 2050 1198 2078 3,

487 2094 644 2125 Clausulae
656 2095 744 2124 liuius
757 2094 960 2124 concessionis
969 2095 1198 2133 praeservatirm.

487 2158 525 2163 —
542 2140 570 2170 4.
588 2139 746 2170 Clausulae
769 2139 980 2177 derogator-iac.

493 2218 644 2246 Alexander
663 2217 805 2254 episcopus
828 2223 920 2246 servus
940 2223 1079 2244 servorum
1095 2215 1151 2249 Dei,

584 2268 618 2296 ad
645 2268 806 2303 perpetuam
830 2267 871 2296 rei
897 2265 1065 2294 memoriam.

500 2340 547 2375 Ad
570 2353 690 2376 sacram
713 2340 843 2375 Ordinis
855 2340 983 2374 fratrum
996 2339 1198 2374 eremitarum

450 2390 557 2426 Sancti
590 2390 757 2436 Augustini
793 2389 1014 2436 Religionem,
1045 2402 1137 2435 (piam
1171 2389 1198 2422 in

451 2440 610 2476 eharitatis
639 2440 812 2474 visceribus
829 2440 875 2487 pia
901 2439 1099 2474 veneratione
1115 2451 1200 2471 sem-

452 2503 508 2538 per
530 2491 696 2526 babuimus
718 2498 746 2522 et
776 2489 947 2545 babemus,
971 2497 1093 2523 nostrae
1121 2488 1199 2521 diri-

451 2549 563 2588 gentes
579 2539 841 2575 considerationis
859 2539 1018 2579 intuinmn
1035 2547 1065 2573 et
1083 2546 1201 2572 atte·ntc

453 2591 680 2646 prospicientes
713 2589 796 2636 quod
824 2590 923 2637 ipsius
943 2589 1118 2635 Religionis
1135 2588 1201 2635 pal-

454 2640 545 2676 mites
573 2653 627 2688 pei
651 2639 830 2675 universum
854 2638 972 2674 Orbem
1001 2638 1118 2680 dillusi⁷
1146 2650 1201 2673 co-

1013 239 1110 262 nt'LLA
1117 240 1135 261 ss
1141 241 1147 261 l
1154 239 1196 262 [M
1224 240 1293 262 {10³1
1298 241 1315 261 A
1321 239 1385 262 NCM

1234 307 1302 328 rum
1325 294 1417 329 elaris
1440 295 1582 329 moribus
1605 305 1633 330 et
1668 295 1838 342 exemplari
1869 296 1926 330 vita
1949 309 1983 330 ae

1233 344 1382 390 singulari
1406 344 1546 379 doctrina
1576 346 1604 379 in
1628 358 1703 391 agro
1731 345 1894 380 militantis
1921 344 1983 380 Ec-

1233 394 1345 428 clesiae
1365 394 1484 427 fructus
1506 394 1635 429 lionoris
1657 404 1687 430 ct
1711 395 1883 429 honestatis
1905 408 1984 429 con—

1235 444 1320 477 tinue
1336 444 1469 477 all'eiunt
1485 444 1650 479 silutarts:
1674 445 1819 491 dignum
1840 445 1916 491 quin
1935 457 1983 491 po-

1236 493 1296 526 tins
1339 492 1478 526 debitum
1528 503 1709 540 repat-imus
1744 503 1775 528 ut
1811 494 1984 540 Religionis

1236 543 1334 588 ipsius
1357 542 1421 576 iura
1454 550 1483 576 et
1516 543 1673 589 prixilewra
1702 556 1762 578 non
1791 544 1892 578 solum
1925 543 1982 578 sibi

1234 604 1471 635 conservemus,
1500 604 1605 627 rerum
1629 601 1722 627 etiam
1748 606 1933 628 innovemus
1955 604 1982 627 et

1235 654 1416 687 augeamus,
1439 653 1474 676 ac
1498 650 1621 677 nostrae
1648 642 1869 678 declarationis
1893 643 1985 678 mini-

1234 692 1329 726 sterio
1353 690 1548 737 Religionem
1572 691 1703 727 eandem
1731 692 1835 738 dignis
1858 692 1984 728 lionori-

1236 740 1295 775 bus
1316 740 1505 776 attollamus.

1283 791 1303 835 g*
1328 795 1357 824 t.
1381 790 1476 830 Sane,
1492 791 1561 825 licet
1579 791 1716 826 osticium
1740 792 1888 827 sacristae
1907 804 1983 839 cap-

1237 840 1335 887 pellae
1359 840 1465 874 Palatii
1495 841 1666 887 Apostolici
1691 853 1706 875 a
1737 851 1820 877 tanto
1843 850 1984 888 tempore

1235 891 1323 933 citra,
1350 889 1390 923 de
1413 891 1505 925 cuins
1529 891 1615 926 initio
1640 891 1706 925 sire
1733 892 1888 927 contrario
1917 903 1984 926 me-

1237 941 1330 974 moria
1355 940 1516 975 bominum
1542 954 1602 974 non
1619 941 1736 985 existit,
1755 954 1809 989 per
1824 941 1985 976 Romanos

1235 989 1406 1025 Pontifices
1434 990 1691 1037 praedecessores
1719 999 1865 1036 nostros,
1893 990 1984 1025 alicui

1235 1052 1272 1074 cx
1309 1039 1539 1086 professoribus
1577 1040 1650 1075 dicti
1690 1040 1821 1075 Ordinis
1858 1053 1986 1087 semper

1235 1089 1386 1124 committi
1409 1098 1439 1124 et
1461 1090 1592 1125 concedi
1616 1091 1827 1131 consueverit,
1850 1098 1879 1125 et
1907 1089 1976 1124 dile·

1235 1148 1304 1174 etus
1327 1139 1409 1174 lilius
1432 1139 1565 1174 loannes
1594 1139 1710 1174 Paulus
1725 1140 1763 1174 de
1785 1140 1906 1179 Bessis,
1930 1139 1987 1174 ab-

1237 1189 1290 1223 bas
1327 1190 1506 1224 monasterii
1535 1190 1567 1223 S.
1604 1190 1780 1224 Seliastiani
1809 1200 1893 1224 extra
1923 1202 1988 1224 mu-

1237 1252 1286 1273 ros
1313 1238 1424 1283 Urbis,
1451 1239 1671 1274 Cisterciensis
1702 1239 1833 1275 Ordinis
1850 1268 1858 1280 ‚
1886 1236 1988 1274 dictae

1237 1288 1396 1335 cappellae
1417 1289 1587 1324 modernos
1610 1289 1749 1330 sacrista,
1772 1298 1939 1337 autequam
1957 1289 1985 1323 in

1235 1338 1379 1373 abbatem
1415 1339 1512 1385 ipsius
1540 1339 1720 1374 monasterii
1750 1352 1806 1386 per
1838 1338 1888 1373 fel.
1924 1351 1984 1373 ree.

1236 1387 1358 1422 Sixtum
1388 1388 1506 1436 Papam
1538 1388 1589 1430 lv,
1619 1389 1894 1435 praedecessorem
1930 1400 1988 1422 no-

1237 1447 1347 1482 strnm‚
1372 1440 1603 1485 praeficeretur,
1626 1438 1698 1473 dicti
1715 1438 1845 1473 Ordinis
1871 1439 1988 1473 eremi-

1239 1496 1338 1522 tarum
1365 1488 1520 1534 prosessor
1543 1489 1644 1529 foret;
1668 1498 1784 1528 tamen,
1812 1489 1883 1535 quia
1911 1488 1986 1523 dunt

1238 1538 1276 1572 de
1309 1550 1439 1584 persona
1475 1551 1529 1573 sua
1563 1538 1666 1573 eidem
1697 1538 1886 1574 monasterio
1913 1546 1988 1573 tunc

1238 1596 1323 1623 certo
1346 1587 1440 1623 modo
1453 1588 1571 1623 vacanti
1596 1588 1752 1635 provisum
1777 1588 1844 1629 fuit,
1868 1589 1932 1635 ipse
1949 1588 1987 1623 ad

1239 1638 1356 1672 dictum
1379 1638 1622 1673 Cisterciensem
1645 1638 1800 1673 Ordinem
1819 1638 1988 1673 translatus

1239 1689 1354 1721 extitit:
1372 1689 1526 1732 ucetiam,
1548 1689 1621 1735 quia
1646 1688 1675 1722 in
1703 1696 1788 1723 certo
1811 1688 1890 1723 libro
1917 1699 1990 1723 cae-

1240 1738 1449 1772 remoniarum
1470 1737 1572 1773 dictae
1587 1737 1746 1784 cappellae
1771 1750 1825 1784 pet·
1853 1738 1990 1772 nonnul-

1241 1787 1297 1826 los,
1315 1796 1456 1834 tempore
1480 1789 1546 1834 piae
1571 1800 1664 1822 mem.
1688 1787 1863 1822 Innocentii
1889 1787 1991 1834 Papae

1240 1836 1322 1877 tht,
1339 1837 1589 1884 praedecessoris
1603 1838 1711 1875 nostri,
1726 1837 1905 1883 compilato,
1919 1839 1993 1872 seri-

1242 1895 1328 1934 ptum
1353 1888 1508 1921 inrenitnr
1543 1887 1678 1921 ollieinm
1705 1887 1899 1934 praedictum
1927 1887 1991 1922 ali—

1241 1936 1290 1971 cui
1315 1937 1471 1983 Religioni
1497 1951 1557 1971 non
1586 1936 1706 1977 deberi,
1723 1937 1777 1972 sed
1801 1937 1993 1984 cuicumque

1241 1987 1425 2028 (duinmodo
1448 1987 1604 2034 praelatus
1620 1987 1854 2022 ecclesiasticus
1871 1986 1994 2031 existat)

1242 2036 1376 2071 conferri
1413 2049 1521 2084 posse:
1559 2046 1587 2070 et
1619 2044 1781 2084 propterea
1804 2037 1909 2072 dilecti
1938 2036 1992 2071 filii

1242 2091 1400 2125 Marianus
1423 2091 1461 2125 de
1485 2090 1653 2125 Genezano
1670 2118 1678 2131 ,
1711 2091 1795 2138 prior
1815 2091 1994 2138 generalis,

1243 2145 1401 2192 ceterique
1425 2146 1619 2193 professores
1651 2145 1750 2192 ipsius
1772 2145 1904 2181 Ordinis
1926 2157 1995 2181 ere-

1244 2200 1388 2235 mitarum
1433 2200 1600 2234 formident
1645 2199 1758 2235 dictam
1795 2199 1993 2246 Religionem

1244 2256 1310 2290 inre
1332 2268 1386 2291 sen
1424 2255 1586 2303 privilegio
1609 2254 1770 2290 obtinendi
1798 2267 1833 2290 ac
1863 2255 1991 2302 regendi

1243 2318 1271 2345 et
1295 2310 1489 2357 gubernandi
1518 2310 1636 2345 dictum
1661 2309 1797 2345 ollieium
1827 2310 1856 2344 in
1887 2318 1995 2357 poste-

1244 2378 1312 2399 ιιιιιι
1338 2364 1477 2400 frustrari
1503 2377 1605 2411 posse.

1293 2420 1365 2460 ΕΞ
1395 2418 1478 2459 Nos
1501 2418 1537 2453 ad
1561 2432 1640 2466 quos
1665 2418 1797 2465 pertinet
1822 2426 1882 2453 tam
1907 2418 1994 2453 Reli—

1243 2474 1346 2519 gionis
1374 2473 1482 2520 ipsius
1510 2470 1560 2507 cni
1584 2472 1734 2520 singulari
1763 2472 1930 2508 devotione
1953 2472 1993 2507 af—

1243 2510 1380 2569 iit-imni,
1407 2541 1500 2576 quam
1526 2527 1663 2562 fidelium
1693 2528 1836 2563 omnium
1865 2527 1992 2574 pritile-

1243 2584 1292 2630 gia
1314 2592 1343 2617 et
1367 2583 1431 2618 iura
1453 2594 1639 2618 conservare
1656 2592 1685 2617 et
1701 2583 1792 2623 tueri,
1816 2594 1854 2616 ne
1867 2580 1990 2628 Religio

1245 2640 1310 2686 ipsa
1334 2650 1428 2685 snper
1449 2637 1531 2674 dicto
1554 2637 1656 2673 officio
1678 2637 1707 2672 in
1732 2644 1891 2685 posterum
1919 2648 1990 2672 ιιιο-

1999 241 2047 268 Αιι.
2066 243 2094 269 (Ξ,
2116 243 2181 269 11197

2007 804 2101 825 oilie-ium
2113 806 2182 826 sacri-

1999 840 2045 857 stae
2072 837 2181 864 cappellae

2001 866 2073 887 Palatii
2090 867 2182 893 Aposto-

2001 899 2034 919 lici
2056 899 2114 919 fratr.
2134 899 2183 920 ont.

2000 936 2065 951 erem.
2080 930 2100 950 S.
2114 930 2184 955 Augu-

2000 963 2049 982 >tini
2107 962 2182 982 dudum

2001 992 2092 1013 ronlerri
2129 997 2184 1014 ren-

2001 1027 2076 1045 suerit.

2018 2429 2054 2450 llic
2064 2430 2125 2450 modo
2139 2428 2196 2450 Pon-

2009 2461 2060 2482 titex
2073 2461 2112 2482 hoe
2123 2461 2194 2482 indut-

2008 2497 2050 2514 tnm
2066 2493 2133 2513 cidem
2154 2492 2196 2514 01-

2011 2524 2053 2545 dini
2074 2525 2094 2545 in
2115 2529 2194 2551 perpe-

2016 2562 2063 2576 uum
2082 2555 2188 2576 ‹oncedit-

2260 886 2276 916 «ι

2266 921 2277 1036 i

2269 1044 2277 1070 *J

2269 1074 2277 1102 ι

2267 1105 2277 1130 1⁴
