2281 3251
475 269 546 301 794
1047 272 1200 297 autumi
1227 269 1356 297 aomar

427 332 542 368 Mariae
567 331 626 375 (S.)
649 331 688 365 de
709 329 833 377 Populo
851 337 881 363 et
903 327 937 364 S.
957 328 1060 363 Iaeobi
1085 328 1114 362 in
1139 328 1282 375 Augusta
1311 329 1340 362 in
1369 327 1456 364 Urbe
1478 327 1636 376 hospitale
1659 330 1781 366 dicatur
1803 328 1983 377 specialiter

527 381 661 416 iulii-inis
681 378 1001 416 inem-alitttbnsbsto
1017 380 1045 413 b.
1061 377 1186 420 Quibus
1201 379 1346 424 personis
1367 378 1438 412 eins
1461 379 1600 425 regimen
1621 380 1850 420 committatur,
1866 379 1931 414 641
1951 391 1982 414 a.

526 431 560 466 ln
580 428 822 475 arcliihospitale
837 428 970 474 erigitur
983 437 1012 462 ct
1032 436 1125 475 caput
1141 428 1286 462 omnium
1308 427 1509 475 hospitalium
1529 441 1585 476 pro
1603 429 1846 473 incurabilibus,
1861 430 1937 464 ibid.
1953 430 1982 464 b.

526 480 604 515 Eius
632 478 769 527 sJudicis
795 487 825 513 et
859 477 1072 512 iisitatoiibus
1107 476 1237 512 facultas
1270 477 1362 512 datur
1389 478 1584 525 suscipiendi
1619 479 1811 514 incurabiles
1839 478 1983 526 aliosque

528 530 670 564 infirmos
693 535 842 573 tagantes
865 539 921 574 per
948 526 1066 562 Urbem
1087 535 1117 562 ct
1143 527 1180 562 ad
1204 526 1286 561 varia
1312 527 1476 574 hospitalia
1501 528 1746 569 transmittendi,
1763 530 1835 563 642
1857 541 1887 562 a.
1905 527 1984 563 Exi-

528 580 621 613 mitnr
642 591 657 612 a
680 577 772 612 datiis
786 586 816 612 ct
838 576 980 623 gabellis,
1000 577 1149 612 omnihus
1167 588 1239 611 teto
1261 576 1396 611 donatur
1413 577 1582 624 privilegiis
1605 578 1737 612 aliorum
1761 578 1857 614 Urbis
1875 577 1987 624 hospi-

529 628 735 668 talinm,ibid.
747 627 864 662 Notarii
876 627 1061 662 renunciare
1076 626 1191 661 debent
1205 625 1391 661 officialibus
1400 626 1567 674 hospitalis
1579 636 1681 667 actus,
1698 639 1779 674 quos
1794 629 1986 674 receperint,

529 678 613 712 illius
635 677 799 712 utilitatem
823 685 1064 720 concernentes,
1096 677 1171 711 ibid.
1200 678 1228 711 b.
1256 675 1475 723 Indulgentiae
1502 686 1532 711 et
1566 677 1729 724 privilegia
1761 676 1986 719 confratribus,

528 725 781 762 benefactoribus
816 726 948 773 aliisque
988 737 1163 772 concessa,
1198 727 1271 761 645
1293 739 1313 761 α
1346 734 1376 761 et
1410 728 1437 760 b.
1461 726 1719 774 Archihospitale
1749 734 1780 761 et
1814 725 1987 762 confratres

530 789 706 823 omnesque
731 787 883 823 personae
905 776 1132 823 quoquomodo
1154 775 1193 811 ad
1217 775 1292 810 illud
1322 776 1516 824 pertinentes
1539 777 1616 812 Sedi
1645 776 1847 823 Apostolicae
1872 776 1987 812 inime-

528 827 611 863 diate
638 825 873 867 subiiciuntur,
901 826 972 860 645
996 827 1023 860 b.
1047 824 1207 861 Officiales
1231 825 1331 873 ipsius
1360 835 1504 873 possunt,
1533 826 1562 861 iu
1600 826 1780 862 evidentem
1805 825 1985 866 utilitatem,

531 878 601 912 cius
625 875 704 911 bona
730 883 919 922 permutare,
944 876 1015 910 646
1042 888 1072 910 α.

429 926 679 965 Matrimoniales
702 925 968 971 dispensationes,
989 927 1059 959 577
1079 926 1096 959 b
1119 932 1149 959 et
1169 937 1231 971 seq.

430 976 682 1013 Mendicautinm
700 974 858 1010 Ordinum
888 975 1051 1021 generales
1072 974 1288 1010 omnimodam
1313 974 1564 1010 iurisdietionem
1582 975 1725 1010 habent
1717 987 1748 1010 in
1765 985 1841 1009 suos
1863 973 1988 1022 religio-

530 1039 581 1061 sos
598 1026 634 1060 ad
655 1024 760 1061 studia
777 1011 1022 1059 incumbentes
1017 1038 1046 1059 in
1062 1024 1341 1068 Uniiersitatibus,
1372 1027 1439 1059 144
1463 1038 1493 1059 α.
1518 1024 1706 1060 Huiusmodi
1730 1024 1860 1060 fratrum
1890 1036 1986 1080 opera

531 1088 624 1123 quam
649 1074 807 1110 fructuosa
835 1075 908 1119 sint,
937 1076 1007 1109 685
1031 1087 1061 1109 α.
1087 1074 1207 1108 Eorum
1233 1074 1394 1121 pinile11a
1424 1074 1628 1109 moderantur
1650 1074 1687 1109 ad
1715 1073 1942 1110 concordiam
1936 1087 1986 1108 in-

533 1135 577 1160 ter
599 1137 654 1160 cos
677 1134 707 1160 et
730 1125 912 1172 episcopm,
949 1124 1018 1159 686
1042 1137 1071 1158 α.
1095 1123 1159 1166 Qui
1187 1135 1242 1158 eos
1274 1124 1399 1158 visitant
1433 1132 1464 1159 et
1499 1124 1661 1170 corrigunt
1692 1123 1796 1172 quoad
1824 1123 1990 1171 parochia-

532 1187 643 1210 norum
667 1186 773 1209 curam
797 1183 828 1209 et
849 1182 1121 1209 sacramentorum
1144 1173 1471 1218 administrationem,
1497 1175 1563 1208 i'bid
1589 1176 1617 1208 b.
1657 1173 1803 1221 Quisque
1839 1173 1989 1208 sacerdos

533 1226 563 1259 in
587 1237 697 1260 eorum
725 1223 869 1259 ecclesiis
895 1223 1055 1258 celebrare
1076 1231 1188 1270 potest,
1204 1225 1279 1258 ibid.
1302 1222 1364 1270 Ipsi
1387 1223 1425 1258 ad
1451 1224 1682 1270 processiones,
1706 1223 1865 1271 requisiti,
1901 1232 1986 1263 eunt,

531 1276 606 1309 ibid.
634 1273 703 1308 Non
727 1273 938 1308 admittuntur
960 1273 997 1307 ad
1021 1273 1206 1307 confessarii
1236 1285 1364 1314 munus,
1392 1273 1510 1319 absque
1537 1273 1686 1308 ordinarii
1703 1273 1844 1313 licentia,
1867 1274 1937 1308 687
1952 1285 1986 1308 a.

531 1324 736 1359 Sacramenta
765 1323 940 1357 ministrare
956 1331 1099 1370 possunt,
1121 1323 1196 1357 ibid.
1220 1322 1315 1358 Pacta
1339 1323 1420 1357 inter
1443 1322 1553 1357 fratres
1567 1330 1597 1358 et
1619 1324 1788 1370 episcopos
1805 1329 1984 1367 serventur,

531 1375 605 1408 ibid.
628 1372 846 1408 Mendicantes
875 1384 937 1407 non
962 1372 1192 1418 ingrediantur,
1219 1372 1339 1420 absque
1363 1373 1489 1419 parochi
1515 1373 1735 1412 licentia,eius
1761 1371 1927 1407 ecclesiam
1945 1372 1983 1407 ad

532 1422 662 1457 letanda
688 1422 807 1465 funera,
830 1424 905 1457 ibid.
930 1422 1129 1467 Eligentibus
1155 1422 1351 1468 sepulturam
1376 1422 1404 1456 in
1429 1434 1539 1456 eorum
1568 1422 1722 1466 ecclesiis,
1756 1421 1840 1456 illam
1865 1433 1985 1457 conce-

532 1472 606 1507 dere
634 1472 748 1513 valent,
771 1473 846 1507 ibid.
875 1473 903 1506 b.
932 1471 1069 1506 Ordines
1096 1471 1135 1506 ab
1157 1471 1316 1506 ordinario
1354 1472 1521 1518 recipiunt,
1549 1473 1624 1506 ibid.
1653 1471 1702 1506 Ab
1737 1471 1849 1506 eodem
1881 1471 1986 1506 eccle-

535 1523 596 1557 sias
627 1521 760 1556 Ordinis
781 1522 958 1556 consecrari
982 1528 1105 1565 curent,
1132 1523 1207 1556 ibid.
1236 1520 1380 1567 Sponsos
1403 1533 1463 1556 non
1490 1521 1689 1562 benedicant,
1711 1521 1832 1568 absque
1858 1529 1986 1556 curato-

532 1585 600 1606 rum
625 1583 795 1615 consensn,
822 1573 897 1606 ibid.
921 1571 1128 1617 Campanam,
1152 1570 1202 1605 die
1229 1570 1356 1605 Sabbati
1380 1570 1501 1611 Sancti,
1522 1578 1591 1617 post
1614 1571 1826 1606 cathedralem
1848 1570 1987 1617 pulsent,

532 1623 606 1656 ibid.
629 1620 790 1656 Censuras
812 1620 1046 1655 ordinariorum
1069 1628 1196 1656 servent
1217 1628 1247 1655 et
1266 1620 1443 1668 publicent,
1464 1621 1541 1655 ibid.
1567 1620 1769 1656 Decimarum
1786 1620 1977 1655 solutionem

532 1670 697 1715 suadeant,
724 1672 796 1705 688
817 1683 847 1705 α.
885 1669 1132 1705 Conservatores
1166 1670 1304 1711 habent,
1331 1671 1407 1704 ibid.
1438 1670 1740 1705 Excommunicatos
1772 1669 1809 1704 ad
1837 1669 1984 1716 Religio-

533 1733 604 1755 nem
628 1733 689 1755 non
718 1720 887 1767 recipiunt,
916 1722 994 1755 ibid.
1021 1718 1163 1755 Tertiarii
1193 1719 1329 1767 propriis
1356 1719 1504 1754 domibus
1532 1719 1682 1766 degentes
1705 1719 1750 1754 uti
1779 1719 1850 1754 laici
1885 1731 1985 1767 repu-

533 1779 648 1808 tantur,
670 1771 766 1811 ibid.;
794 1770 817 1803 si
852 1769 1060 1804 claustraliter
1093 1770 1214 1813 vivant,
1243 1769 1354 1804 iisdem
1388 1769 1529 1815 gaudent
1562 1769 1752 1817 privilegiis,
1787 1768 1905 1817 quibus
1932 1768 1987 1804 alii

531 1819 662 1855 Ordinis
684 1819 879 1859 claustrales,
904 1821 976 1854 ibid.
1001 1822 1028 1854 b.
1051 1819 1203 1854 Mulieres
1231 1827 1333 1853 autem
1357 1819 1542 1866 virginalem
1559 1827 1614 1854 aut
1637 1819 1789 1854 caelibem
1814 1818 1907 1853 vitam
1924 1817 1987 1853 du-

531 1877 650 1909 centes,
673 1869 766 1903 ctiam
790 1877 874 1903 extra
897 1869 1031 1903 claustra
1054 1869 1203 1904 omnibus
1229 1867 1418 1915 supradictis
1455 1869 1627 1916 privilegiis
1659 1868 1823 1915 gaudent,
1859 1869 1931 1903 689
1953 1869 1987 1903 b.

528 1918 778 1954 Mendicantiuiri
795 1917 933 1953 Ordines
951 1931 1125 1965 eorumque
1149 1919 1214 1953 loca
1239 1926 1268 1953 et
1291 1929 1444 1964 personae
1468 1918 1701 1965 privilegiorum
1725 1926 1756 1952 et
1771 1917 1987 1964 indulgentia-

531 1981 600 2003 rum
624 1967 849 2003 commuuione
873 1968 953 2002 inter
975 1981 1009 2003 sc
1039 1966 1255 2013 per-fiuuntur,
1279 1970 1348 2002 752
1372 1969 1400 2002 b.
1429 1967 1539 2002 Dictae
1567 1968 1785 2014 indulgentiae
1807 1967 1984 2002 saeculari-

534 2019 592 2053 bus·
616 2030 678 2052 non
702 2018 992 2057 communicantur
1018 2020 1088 2052 755
1112 2019 1140 2052 b.

433 2068 623 2104 Menticntcs
646 2068 675 2101 in
698 2067 811 2101 litteris
825 2067 1006 2114 apostolicis
1022 2067 1348 2106 excommunicantur,
1372 2068 1442 2102 529
1459 2069 1476 2102 b
1489 2075 1520 2101 et
1534 2069 1606 2103 690
1624 2067 1652 2102 b.
1671 2065 1854 2102 Officiales
1847 2079 1877 2102 in
1894 2077 1989 2115 prae-

533 2118 637 2152 missis
657 2117 830 2164 complices
858 2117 907 2151 illa
930 2117 1064 2164 aliisque
1093 2117 1203 2164 poenis
1232 2117 1433 2158 mulctantur,
1462 2118 1534 2152 690
1556 2119 1585 2152 b.

433 2167 638 2202 Messanense
660 2167 901 2202 monasterium.
925 2166 962 2200 V.
990 2166 1161 2202 Salvator-is
1183 2166 1240 2209 (S.)
1274 2166 1491 2202 itlcssaneuse.

433 2217 594 2251 Michaelis
616 2216 672 2260 (S.)
702 2217 939 2251 monasterium.
977 2217 1009 2251 V.
1036 2216 1135 2251 Vallis
1163 2216 1338 2251 Umbrosae
1359 2224 1414 2250 etc.

433 2266 549 2301 Milites
572 2267 600 2301 in
626 2266 714 2301 terris
736 2266 769 2301 S.
794 2266 833 2301 R.
857 2266 894 2300 Ε.
926 2266 1020 2313 recipi
1047 2273 1209 2313 nequeunt
1231 2265 1353 2312 absque
1374 2266 1498 2301 licentia
1526 2264 1617 2300 Sum.
1641 2265 1821 2306 Pontificis,
1844 2266 1914 2301 627
1936 2277 1968 2301 α.

434 2315 566 2351 Militiae
588 2318 627 2350 (le
650 2316 816 2350 Aleantara
846 2314 957 2351 fratres
979 2315 1111 2360 indulta,
1134 2315 1295 2362 privilegia
1318 2324 1347 2350 et
1370 2315 1583 2362 indulgentias·
1605 2315 1749 2352 obtinent
1770 2327 1944 2352 concessas
1957 2323 1989 2351 et

534 2365 759 2401 concedendas
780 2365 894 2400 Ordini
919 2365 1138 2405 cisterciensi,
1163 2367 1232 2399 77⁶2
1255 2378 1285 2399 ci.
1539 2410 1542 2412 η

433 2414 593 2449 Minorum
619 2414 748 2450 fratrum
773 2414 872 2450 Ordo.
904 2417 938 2451 V.
963 2415 1219 2452 praedicatorum
1240 2424 1269 2449 et
1297 2415 1468 2459 Minorum,
1491 2422 1542 2449 etc.

434 2463 563 2499 Missam
587 2464 765 2509 audientes,
790 2465 902 2500 diebus
924 2465 1105 2509 dominicis,
1129 2465 1157 2499 in
1181 2465 1324 2499 eeclesiis
1353 2465 1482 2500 fratrum
1509 2464 1760 2500 Mendicantium
1794 2463 1989 2501 satisfaciunt

535 2514 696 2549 Ecclesiae
721 2524 889 2561 praecepto
911 2515 950 2549 de.
979 2515 1073 2550 missa
1101 2514 1269 2559 audienda,
1294 2517 1363 2550 710
1387 2517 1414 2549 b.

433 2562 578 2598 Monachi
602 2563 805 2599 Casiuenses.
843 2565 875 2599 Γ.
899 2563 1144 2599 Montis-Casini
1175 2563 1413 2599 monasterium.

433 2611 698 2648 Monasteriorum
723 2612 1021 2649 commendatorum
1045 2613 1239 2652 reformatio,
1263 2615 1334 2649 606
1356 2627 1385 2648 α.

434 2661 662 2699 Mouasterium
687 2675 744 2711 pro
772 2663 961 2700 mulieribus
982 2676 1000 2700 a
1023 2664 1104 2712 turpi
1130 2664 1188 2699 rita
1210 2663 1420 2700 redeuntibus
1439 2662 1561 2700 Romae
1587 2663 1736 2712 erigitur,
1759 2665 1829 2699 744
1855 2674 1886 2699 α.
1913 2661 1990 2700 Ab-
