2281 3251
238 251 329 276 Ansss.
353 251 416 276 1507

246 1398 366 1417 ,λι-1111110111
381 1397 415 1417 ha-

232 1429 281 1448 bent
303 1434 322 1449 et
347 1430 415 1449 iocum

232 1460 415 1481 1111’01,111110110-

231 1495 289 1514 gislr.
307 1495 367 1511 natas
382 1498 415 1512 tn-

231 1527 368 1542 >trum-auur.
389 1522 414 1542 ‘d

243 1592 274 1603 1111
294 1593 303 1603 a
326 1585 414 1605 itm-Artis

484 240 554 273 460

1007 248 1038 270 Bt
1050 248 1105 269 Lm
1113 248 1142 269 R!
1150 248 1191 269 [M
1222 246 1384 270 ROMANL‘M

435 304 669 348 existentibus,
701 311 752 337 aut
780 302 819 337 de
853 310 960 337 nostro
984 302 1030 336 vel
1063 302 1188 337 illorum
1209 306 1213 338 Ι
1234 314 1300 335 runi
1325 301 1524 339 substitutos,
1540 313 1595 348 per
1621 312 1731 335 eorum
1761 308 1865 335 tamen
1896 299 1985 347 prin-

436 354 596 398 mandato,
617 353 656 387 de
679 361 783 387 cetero
806 352 1063 399 quibuscumque
1080 363 1190 398 perso-

436 404 495 447 nis,
519 404 748 457 cuiuscumque
776 401 904 447 111-111105,
929 409 1042 444 status,
1070 400 1190 434 01111015

434 462 486 487 ant
512 466 557 500 prz
549 451 768 486 eeniinentiae
791 450 918 494 luerint,
947 463 1001 497 per
1028 450 1125 484 solam
1154 450 1189 483 si-

435 512 598 547 gznaturini
615 500 845 541 conceduntur,
861 512 985 547 propria
1002 512 1110 534 eorum
1129 512 1190 533 nia—

435 564 476 585 nu
501 550 650 586 scribant.

485 602 504 645 g
536 603 567 633 4.
592 600 638 634 Ac
665 611 702 633 eo
730 599 798 645 ipso
826 598 910 645 quod
943 598 980 633 ad
1006 597 1187 632 huiusmodi

357 663 367 675 υ
394 656 419 675 κῑ
435 650 533 684 ollicia
557 649 710 695 assumpti
733 648 861 692 suerint,
883 648 1004 695 absque
1026 648 1083 682 alia
1101 659 1189 682 crea-

436 700 530 738 tione,
546 698 657 733 notarii
681 698 810 743 legitimi
834 698 967 732 existant
990 706 1020 732 ct
1044 710 1100 744 pro
1125 697 1188 731 tali-

436 749 494 782 1105
509 748 694 791 habeantur,
711 748 764 795 qui
789 747 828 782 de
845 747 998 782 omnibus
1020 746 1188 781 contracti-

437 798 496 832 bus
518 806 546 832 et
571 797 691 832 ultimis
707 796 922 831 voluntatibus
943 809 996 843 per
1013 808 1189 844 quoscum-

434 859 496 894 que
519 855 548 881 et
572 847 653 881 inter
674 858 908 894 quoscumque,
935 855 965 880 et
992 858 1088 892 super
1109 846 1188 892 qui—

435 897 542 931 busvis
568 895 787 943 spiritualibus
811 924 820 941 ,
858 895 1097 931 beneficialibus
1135 903 1188 930 aut

435 945 574 993 profanis
596 945 692 980 rebus
714 945 866 992 deinceps
889 945 1052 989 faciendis,
1075 945 1188 992 rogari,

435 1004 464 1029 et
491 1007 586 1042 super
612 995 658 1030 eis
686 995 894 1030 instrumenta
922 995 1079 1030 conticere
1115 1007 1188 1041 pos-

434 1046 509 1089 sint,
545 1056 719 1091 eorumque
747 1045 856 1091 rogitis
888 1044 978 1092 plena
1006 1053 1036 1079 et
1059 1044 1186 1079 indubia

435 1094 514 1129 sides
535 1094 736 1138 adhibeatur,
759 1094 890 1141 perinde
917 1106 953 1129 ac
975 1094 999 1128 si
1024 1093 1186 1140 legitime,

436 1152 468 1178 ut
495 1144 591 1178 moris
612 1152 670 1187 est,
699 1144 810 1178 notarii
833 1144 928 1179 creati
951 1143 1064 1184 forent,
1093 1156 1186 1191 prae-

430 1201 505 1228 stito
529 1206 614 1239 prius
644 1194 822 1228 iuramento
848 1201 1001 1228 consueto
1029 1193 1058 1226 in
1091 1206 1183 1228 manu

430 1242 606 1277 defensoris
629 1242 675 1277 vel
706 1242 801 1276 unius
832 1255 869 1278 ex
893 1242 1124 1278 correctoribus
1147 1243 1185 1277 de

430 1304 468 1326 eo
483 1292 620 1326 fideliter
641 1291 830 1326 exercendo.

480 1342 500 1385 ,S
523 1343 554 1375 5.
584 1340 788 1388 Habeantque
816 1341 991 1376 archivium
1023 1341 1183 1388 publicum

430 1399 459 1424 rt
483 1391 587 1425 locum
604 1390 769 1425 decentem
795 1391 823 1424 in
845 1390 964 1425 Palatio
987 1390 1182 1437 Apostolico.

430 1439 469 1474 Et
497 1441 526 1474 in
542 1452 650 1474 eorum
675 1439 761 1474 libris
783 1440 974 1474 authenticis
997 1452 1184 1475 0111005110-

431 1498 476 1523 tas
491 1489 757 1535 acceptationum,
773 1490 1055 1536 compositionum,
1080 1499 1180 1525 trans-

403 1538 617 1582 -actionum,
645 1546 923 1583 testamentorum,
946 1539 1183 1577 codicillorum,

429 1587 760 1632 i·1·ren‹lamentoruni,
783 1588 991 1633 locationum,
1021 1598 1184 1644 permuta-

430 1638 573 1678 tionum,
599 1637 814 1672 venditionum
829 1639 1183 1684 ,eompromissorum,

428 1665 739 1727 arbitratrientorum,
763 1686 982 1727 donationum,
1012 1700 1184 1734 processu-

430 1749 481 1770 um
501 1745 531 1771 et
556 1736 690 1771 aliorum
713 1743 930 1771 contractuum
946 1737 1184 1772 etinstrumen—

429 1793 546 1830 torum,
568 1786 765 1833 aliarumque
787 1786 1029 1833 scripturarum,
1052 1795 1113 1821 tani
1136 1787 1183 1820 in-

429 1843 477 1869 ter
500 1835 586 1869 vivos
613 1847 706 1882 quam
726 1848 756 1869 tn
781 1834 888 1869 ultima
913 1835 1085 1881 voluntate,
1103 1848 1184 1883 quae

430 1892 490 1918 tarn
515 1896 570 1931 per
591 1896 811 1932 quoscumque
833 1884 912 1919 alios
941 1886 1080 1920 notarios
1098 1894 1128 1920 et
1144 1895 1186 1920 ta-

431 1933 583 1968 belliones
611 1946 640 1968 tn
667 1934 803 1981 praefata
821 1933 963 1968 Romana
984 1934 1079 1969 Curia
1105 1935 1185 1969 inter

429 1983 576 2022 curiales,
602 1983 647 2018 vel
670 1983 805 2018 curiales
821 1991 852 2018 et
871 1982 1034 2018 Romanos
1051 1992 1183 2024 tantuin,

430 2032 522 2066 etiam
552 2045 606 2079 per
629 2032 767 2067 notarios
789 2031 969 2072 Romanos,
993 2033 1032 2068 de
1059 2041 1184 2068 contra-

429 2086 533 2122 ctibus
570 2086 737 2121 curialium
773 2094 908 2133 rogatos.
944 2086 1000 2121 His
1038 2099 1184 2134 expresse

429 2140 591 2175 dumtaxat
617 2140 776 2188 exceptis,
799 2152 880 2187 quae
904 2141 985 2176 inter
1012 2141 1096 2176 cives
1118 2140 1184 2176 Ro-

431 2205 540 2228 manos
562 2194 750 2241 originarios
773 2202 802 2229 et
825 2193 979 2229 Romanis
1002 2194 1185 2241 parentibus

429 2255 526 2288 ortos,
550 2259 612 2282 non
635 2255 738 2282 autem
762 2260 798 2282 ex
823 2247 987 2295 privilegio
1009 2247 1138 2292 ascitos,
1155 2258 1184 2283 et

429 2313 508 2347 quae
532 2301 562 2335 in
590 2301 687 2336 curiis
710 2300 806 2336 Urbis
833 2309 863 2336 et
895 2313 1006 2336 eorum
1035 2301 1184 2337 tribuna-

430 2353 512 2389 libus
527 2354 576 2389 vel
593 2355 751 2390 auditorio
775 2362 883 2390 nostro
904 2363 936 2390 et
958 2354 1110 2390 Gamerae
1126 2367 1185 2390 no-

430 2417 512 2444 strae
536 2421 590 2456 per
607 2409 746 2456 ipsorum
771 2410 911 2445 notarios
930 2419 1111 2458 perpetuos,
1130 2410 1182 2457 qui

430 2463 523 2497 etiam
547 2462 696 2497 officiales
708 2462 803 2497 Sedis
818 2463 1019 2510 Apostolieae
1034 2463 1184 2504 existunt,

433 2517 462 2550 in
479 2515 713 2563 pertinentibus
729 2524 759 2551 et
781 2517 998 2564 spectantibus
1014 2517 1050 2552 ad
1074 2529 1183 2552 eorum

431 2569 584 2611 officium,
597 2570 643 2605 vel
657 2569 741 2617 apud
763 2581 818 2605 eos
837 2578 916 2612 acta,
931 2579 962 2606 et
982 2571 1088 2617 vigore
1103 2582 1185 2606 cau-

432 2635 652 2659 sarumcoram
667 2624 714 2658 eis
735 2625 935 2669 vertentium,
951 2637 1006 2672 per
1024 2637 1057 2659 se
1074 2623 1117 2658 vel
1135 2636 1185 2658 00-

1232 351 1348 396 cipales
1381 351 1517 384 notarios
1539 360 1569 384 01
1597 350 1756 385 auditores
1778 349 1985 397 approbatos,

1232 399 1317 446 quod
1342 411 1452 434 causas
1475 407 1505 433 et
1528 399 1683 434 iudicialia
1706 408 1785 438 acta,
1808 408 1838 434 et
1856 399 1895 434 ab
1911 399 1986 446 ipsis

1232 448 1490 504 dependentibus
1515 456 1647 489 tautum
1672 450 1716 484 101
1739 449 1815 483 alias
1839 461 1893 495 per
1920 449 1986 482 ori—

1232 510 1250 523 ‹
1231 499 1369 539 inarios
1391 499 1530 533 notarios
1554 499 1698 553 proprios
1720 498 1751 532 in
1770 498 1866 533 rebus
1881 505 1911 533 et
1930 509 1986 533 ne-

1231 548 1328 594 gotiis
1349 557 1379 582 et
1403 547 1557 591 materiis,
1589 547 1619 581 in
1643 547 1772 594 quibuS,
1796 548 1916 583 ratione
1937 548 1984 582 sni

1231 597 1323 632 0111011
1348 597 1394 632 vel
1416 597 1505 641 alias,
1529 597 1630 643 rogari
1653 597 1735 632 soliti
1759 606 1833 631 sunt
1855 606 1886 632 et
1907 608 1986 632 con-

1232 655 1418 689 sueverunt,
1442 659 1502 681 non
1527 655 1633 681 autem
1663 646 1692 680 in
1721 646 1855 681 diversis
1877 654 1907 682 et
1936 647 1986 681 in-

1231 697 1343 751 solitis,
1359 709 1393 731 ac
1413 697 1621 735 testamentis
1644 695 1870 731 donationibus
1885 704 1915 730 et
1937 696 1985 730 ul-

1232 746 1315 780 timis
1337 746 1550 780 voluntatibus
1563 745 1834 793 quibuscumque,
1857 745 1896 780 de
1914 746 1986 792 qui-

1232 795 1386 840 11115,51111
1413 803 1573 842 posterum
1590 795 1686 841 rogati
1711 794 1840 838 fuerint,
1862 804 1986 830 tenean-

1232 853 1280 879 tur
1316 853 1440 892 portare
1463 854 1574 889 notas,
1609 852 1643 878 ut
1667 845 1762 879 ceteri
1787 844 1898 879 notarii
1922 856 1984 879 non

1231 894 1379 929 officiales
1401 895 1559 942 perpetui,
1575 893 1692 941 quibus
1711 893 1859 929 officiales
1873 906 1986 941 supra-

1230 944 1332 979 dictos
1355 944 1385 978 in
1415 944 1596 991 praemissis
1611 943 1773 988 omnibus,
1801 943 1838 978 ad
1868 943 1986 978 tollen-

1229 994 1304 1028 dum
1336 1005 1447 1028 causas
1481 993 1704 1040 querelarum,
1737 993 1886 1040 aequales
1920 993 1985 1028 fore

1230 1055 1411 1087 censemus,
1430 1043 1568 1078 scribere
1591 1042 1728 1077 debeant
1747 1051 1776 1078 et
1798 1042 1836 1077 ad
1855 1042 1983 1077 verbum

1231 1093 1420 1139 registrare,
1448 1101 1477 1128 et
1511 1099 1600 1127 notas
1632 1092 1716 1139 ipsas
1743 1091 1914 1139 originales
1940 1092 1986 1127 sic

1230 1143 1410 1188 registratas
1437 1155 1453 1177 a
1482 1150 1568 1188 tergo
1592 1153 1646 1187 per
1668 1149 1863 1177 correctores
1886 1141 1985 1176 infra-

1229 1192 1364 1239 scriptos
1392 1191 1469 1237 parti
1497 1192 1674 1226 restituere.

1277 1246 1291 1284 g
1314 1245 1347 1276 6.
1370 1241 1620 1297 Teneanturque
1643 1252 1754 1276 omnes
1782 1240 1831 1275 alii
1869 1241 1982 1276 notarii

1973 1291 1979 1297 ·
1998 1288 2089 1307 1110111111
2109 1294 2120 1307 a
2137 1288 2183 1307 col-

2042 1326 2053 1337 11
2081 1320 2101 1338 111
2127 1317 2182 1339 Urbe

1997 1351 2137 1370 iustrumenta
2150 1354 2182 1369 ro·

1998 1387 2047 1407 gare
2069 1386 2110 1401 non
2131 1385 2183 1406 pos-

1997 1418 2044 1434 511111

1229 1290 1368 1338 legitime
1396 1292 1493 1326 creati
1510 1299 1539 1325 et
1555 1302 1610 1337 pro
1624 1290 1776 1337 legitimis
1799 1289 1909 1331 habiti,
1925 1303 1979 1338 qui

1230 1341 1259 1374 in
1283 1339 1369 1374 Urbe
1390 1349 1420 1374 et
1442 1340 1537 1375 Curia
1567 1339 1726 1380 existunt,
1748 1339 1982 1387 cuiuscumque

1227 1389 1416 1424 conditionis
1439 1389 1568 1433 suerint,
1594 1389 1649 1435 qui
1671 1388 1808 1424 ollicium
1838 1389 1983 1424 tabellio-

1228 1447 1318 1473 natus
1349 1451 1495 1474 exercere
1527 1438 1719 1479 intendunt,
1747 1438 1864 1485 quibus
1891 1439 1983 1474 licere

1229 1488 1374 1522 volumus
1396 1487 1435 1522 de
1458 1487 1626 1535 quibusvis
1649 1488 1867 1523 instrumentis
1890 1500 1982 1535 posse

1228 1538 1342 1584 rogari,
1365 1537 1541 1572 dummodo
1568 1545 1658 1572 antea
1695 1549 1751 1584 per
1787 1537 1889 1573 dictos
1911 1549 1983 1573 cor-

1227 1596 1364 1622 tectores
1388 1587 1556 1622 examinati
1579 1595 1609 1621 et
1634 1587 1665 1621 iu
1688 1586 1827 1622 archivio
1851 1586 1935 1622 velut
1951 1588 1981 1622 in

1227 1637 1356 1671 materia
1379 1636 1541 1683 descripti,
1564 1644 1593 1671 et
1618 1648 1673 1683 pro
1695 1636 1849 1683 legalibus
1870 1644 1901 1671 et
1927 1649 1983 1671 au-

1228 1686 1377 1721 thenticis
1391 1686 1554 1733 approbati
1572 1685 1699 1720 suerint.
1723 1685 1820 1726 Alias,
1838 1686 1897 1721 nisi
1912 1698 1983 1721 exa—

1227 1736 1355 1780 minati,
1378 1735 1526 1783 descripti
1556 1743 1586 1770 et
1614 1735 1777 1782 approbati
1805 1735 1982 1778 extiterint,

1228 1793 1259 1819 ut
1288 1785 1482 1831 praefertur,
1505 1785 1544 1820 de
1577 1784 1736 1832 aliquibus
1768 1785 1982 1820 contractibus

1227 1835 1256 1868 in
1277 1834 1363 1869 Urbe
1380 1834 1426 1869 vel
1449 1835 1519 1869 eius
1542 1834 1715 1878 suburbiis,
1731 1834 1768 1868 ad
1789 1834 1899 1870 decem
1913 1834 1983 1868 mil-

1227 1884 1313 1918 liaria
1335 1884 1417 1919 eirca
1449 1883 1566 1919 Urbem
1594 1892 1647 1918 aut
1669 1883 1810 1925 Curiam,
1836 1883 1982 1932 praefatis

1227 1934 1327 1979 rogari
1357 1942 1516 1980 nequeant
1542 1941 1588 1974 et,
1616 1933 1641 1967 si
1667 1934 1763 1979 rogati
1787 1933 1924 1978 suerint,
1950 1942 1981 1968 ut

1227 1982 1369 2017 falsarios
1394 1983 1500 2030 puniri
1537 1983 1696 2024 volumus,
1713 1991 1743 2017 et
1765 1994 1876 2018 eorum
1899 1983 1982 2018 notis

1228 2031 1345 2067 nnllam
1375 2032 1468 2067 fidem
1492 2032 1521 2066 in
1556 2032 1681 2067 iudiciis
1703 2040 1755 2067 aut
1781 2041 1867 2068 extra
1889 2032 1982 2068 adhi-

1227 2085 1305 2120 beri.
1329 2085 1410 2120 Insra
1427 2094 1497 2120 octo
1515 2085 1594 2126 dies,
1615 2094 1702 2120 notas
1721 2094 1980 2121 testamentorum

1225 2147 1255 2174 et
1289 2139 1421 2175 aliorum
1446 2140 1733 2175 instrumentorum
1756 2141 1918 2182 omnium,
1941 2139 1980 2174 de

1226 2193 1342 2240 quibus
1367 2193 1464 2240 rogati
1490 2193 1619 2238 suerint,
1641 2205 1658 2229 a
1680 2193 1732 2229 die
1755 2194 1877 2241 rogitus
1912 2206 1980 2229 nu-

1227 2247 1407 2292 merandos,
1430 2260 1523 2283 manu
1546 2260 1656 2283 eorum
1676 2247 1889 2296 subscriptas,
1907 2260 1979 2283 cum

1228 2314 1298 2337 vero
1319 2302 1491 2349 protocollo
1504 2301 1746 2347 concordantes,
1758 2314 1831 2338 cum
1849 2301 1980 2337 testibus

1226 2364 1256 2390 et
1282 2355 1364 2400 loco,
1387 2355 1423 2391 ad
1449 2355 1628 2390 huiusmodi
1652 2356 1821 2402 registrum
1844 2367 1900 2392 seu
1929 2367 1981 2391 at·-

1226 2409 1362 2444 chivium
1400 2409 1521 2445 deferre
1554 2417 1606 2444 aut
1639 2409 1755 2444 deferri
1783 2422 1911 2452 curare,
1948 2418 1978 2445 ut

1226 2475 1428 2511 quocumque
1452 2471 1593 2511 tempore
1616 2463 1729 2498 veritas
1743 2472 1890 2500 constare
1905 2476 1981 2512 pos-

1226 2518 1266 2552 sit
1289 2526 1330 2559 et,
1348 2529 1421 2553 cum
1444 2517 1631 2565 oportuerit,
1650 2517 1689 2553 de
1712 2517 1762 2552 illa
1785 2517 1904 2562 doceri,
1919 2518 1979 2554 uisi

1228 2579 1331 2618 partes
1354 2571 1578 2607 contrahentes
1607 2571 1652 2606 vel
1677 2571 1752 2606 alias
1775 2571 1980 2618 disponentes

1227 2634 1426 2667 contractus,
1459 2633 1642 2661 testamenta
1681 2635 1730 2660 aut
1771 2625 1978 2661 instrumenta

2002 243 2050 271 An.
2069 245 2097 271 C.
2119 242 2184 271 ¹507

2012 1256 2051 1276 Alii
2065 1262 2125 1283 quani
2142 1262 2183 1275 ma-

2270 2654 2273 2683 1.
2264 2441 2275 2627 μὴφκ-ιιῆ
