2281 3251
218 261 268 287 An.
288 261 316 287 C.
333 261 398 287 tiss

239 1717 326 1738 v*troiae
338 1717 410 1738 delun-

226 1748 409 1773 eio,c2tti÷iusttt

227 1779 410 1801 recatusestt‘on-

227 1811 285 1834 titel,
302 1817 344 1837 qut,
363 1817 409 1831 curri

227 1845 285 1862 arsut
309 1848 363 1862 uuu=
385 1843 411 1862 de

227 1874 293 1894 tribus
309 1874 410 1893 cardinal.

228 1906 409 1932 derint-{lisanum

228 1937 411 1957 rantinatenitoco

228 1976 258 1990 «ιιι
275 1969 357 1991 sufficit.

242 2237 359 2262 nabunque
392 2234 412 2253 in

229 2267 363 2288 tonsistoriis
377 2270 413 2285 se-

230 2300 295 2318 »rotis
325 2297 414 2317 relatio-

229 2335 276 2350 nnm
284 2328 414 2349 verificattu-

230 2367 262 2381 nis
278 2362 376 2381 virtutum
394 2362 414 2379 et

230 2392 386 2414 miraculorum.
397 2391 415 2410 i-

230 2424 312 2449 danque
323 2423 346 2442 ad
360 2422 415 2442 utte-

232 2460 287 2474 nora
329 2453 415 2480 pro-:edi

231 2489 299 2508 iuuit.

467 249 534 282 148

1004 258 1190 281 BELLARtt'u
1219 258 1330 282 ROMAN
1336 258 1379 281 [Μ

1969 255 2018 283 An.
2035 255 2063 282 C.
2084 253 2151 282 tubo

415 314 566 354 Francia),
581 313 853 362 archiepiscopum
871 313 1077 348 Tolosanum.
1099 312 1162 359 epi·
1203 312 1274 347 deni
1303 313 1336 346 S.
1365 312 1402 346 R.
1427 311 1462 346 E.
1498 311 1717 351 cardinalium,
1740 310 1777 345 ad
1806 310 1953 346 ulteriora

415 377 545 412 scopum
566 364 806 411 Mirapicensem
823 376 858 398 ac
876 376 984 398 corum
1001 362 1161 402 oflicialcs3
1181 390 1184 419 ί
1205 363 1234 396 in
1258 362 1494 397 canonizatione
1519 361 1663 396 eiusdem
1693 360 1851 396 Vincentii
1880 373 1954 408 pro-

417 429 446 450 ιιι
483 415 642 450 Britannia
675 427 757 451 vcro,
787 413 954 448 Dolcnsein
985 421 1013 446 ct
1038 412 1161 446 Manto·
1182 449 1184 467 ἱ
1204 412 1381 446 cedendum
1418 424 1486 446 csse
1524 411 1684 449 decrevit,
1711 420 1740 445 et
1763 410 1889 448 deinde„
1917 423 1954 445 ex

417 467 554 500 iicnseni
570 464 747 512 episcopos,
763 476 883 498 nccnou
899 462 932 495 S.
946 462 1041 496 lacnti
1057 470 1086 496 et
1099 461 1162 496 1).·-
1182 487 1185 521 ἡ
1206 475 1303 505 more,
1316 461 1396 495 dicta
1410 462 1549 508 ipsorum
1564 462 1687 495 testium
1699 461 1768 495 fecit
1784 461 1813 495 in
1829 460 1956 495 duobus

417 515 620 553 busanensis,
636 512 784 547 Dolensis
801 521 830 547 et
844 512 1058 546 Nannotcnsis
1073 512 1162 545 dioe—
1184 529 1185 537 ι
1205 512 1399 546 consistoriis
1425 510 1624 557 generalibus
1652 510 1778 558 publice
1811 511 1955 553 recitari,

416 566 496 600 cesis
517 564 658 603 abb-aies,
673 576 707 597 ac
723 563 942 597 Nannctonscs
960 570 988 596 et
1009 561 1165 596 Yencten-
1206 573 1242 595 ac
1266 569 1384 607 postca,
1408 561 1522 595 vocatis
1544 561 1662 594 eisdem
1690 559 1905 595 cardinalibus
1926 569 1956 594 et

417 630 467 649 scs
489 614 637 649 officiales
665 612 922 657 sulidelcgarnnt.
959 611 1045 655 Qui,
1079 611 1163 646 iuxta
1184 604 1187 634 l

418 676 558 699 tenorem
590 662 752 710 potestatis
781 663 826 696 eis
850 674 904 708 per
931 661 1166 696 commissarios

419 715 559 757 traditae,
579 722 672 747 testes
690 711 922 755 examinarunt,
937 720 966 745 ct
985 711 1066 745 dicta
1087 711 1166 758 ipso-

420 778 487 800 rum
514 764 543 798 in
567 762 690 808 scriptis
714 761 848 799 redacta.
872 760 976 796 clausa
999 774 1070 795 cuni
1091 759 1166 795 sub-

418 813 590 861 scriptione
623 811 815 846 notariorum
851 819 881 845 et
908 810 1018 857 sigillis
1045 802 1189 854 eornm,¹

419 864 455 898 ad
479 863 608 897 Curiam
630 861 882 896 transmiserunt.
904 860 942 894 Et
964 859 1088 895 tandem
1113 873 1168 907 per

419 913 546 947 eosdem
575 910 748 945 cardinales
780 911 1026 953 commissarios,
1061 910 1190 956 inspe-=

419 964 489 1003 ctis,
517 960 686 1007 recognitis
719 974 754 994 ac
788 959 860 994 visis
887 960 1055 1005 diligenter
1095 938 1192 1005 pro-l

419 1011 576 1051 «essibus,
611 1011 771 1045 inventum
800 1018 843 1044 cst
876 1011 959 1056 quod
988 1010 1017 1043 in
1046 1009 1191 1044 civitate*

421 1061 549 1108 Neapoli
587 1059 695 1107 viginti
725 1067 817 1099 octo,
849 1060 877 1093 in
907 1059 1112 1094 ,avinionensi
1141 1069 1170 1094 et

420 1110 653 1146 circumvicinis
676 1109 816 1157 partibus
839 1110 946 1144 decem
971 1118 999 1144 et
1027 1117 1110 1152 octo,
1140 1109 1168 1142 in
1190 1135 1193 1171 Ι

423 1174 519 1208 reguo
554 1160 728 1203 Franciae,
766 1159 910 1194 videlicet
939 1158 1193 1194 Totosaucnses.

423 1210 630 1259 quadraginta
665 1218 748 1253 octo,
773 1209 801 1242 in
825 1209 985 1243 Britannia
1010 1220 1082 1243 vero
1109 1200 1193 1243 tre-l

424 1262 504 1295 cnuti
540 1268 569 1295 et
603 1259 710 1294 decem
741 1267 838 1294 testes
868 1258 1057 1297 examinati,
1092 1258 1172 1293 inter

424 1323 503 1358 quos
526 1308 669 1344 nonnulli
692 1308 726 1343 S.
747 1308 783 1343 R.
808 1308 844 1342 E.
869 1307 1058 1352 cardinales,
1081 1308 1169 1342 multi

424 1360 561 1408 episcopi
582 1367 612 1394 et
626 1358 841 1393 Ecclesiarum
858 1359 1005 1405 praelati,
1028 1369 1078 1392 rex
1099 1359 1172 1392 Ara-

424 1422 542 1455 gonum
563 1408 730 1456 praefatus,
753 1408 943 1455 plurimique
961 1407 1012 1442 alii
1036 1419 1072 1442 cx
1091 1416 1171 1442 statu

425 1459 576 1494 saeculari
606 1458 658 1492 viri
683 1457 816 1498 nobiles,
845 1457 1015 1505 pluresque
1047 1457 1098 1491 alii
1128 1457 1174 1492 le-

424 1523 512 1556 gunt,
536 1508 647 1543 artium
671 1520 704 1542 ac
739 1520 844 1542 sacrae
867 1507 1043 1554 theologiae
1068 1506 1174 1542 bacca-

426 1560 508 1603 larii,
533 1557 698 1597 licentiati,
721 1557 866 1592 doctores
887 1569 923 1592 ac
948 1557 1086 1603 magistri
1117 1569 1171 1592 ex·

425 1610 563 1644 titerunt.

475 1661 494 1702 ,ἦ
526 1662 579 1693 to.
615 1657 660 1692 Ac
695 1665 860 1704 postquam
896 1655 999 1691 dietus
1026 1656 1174 1691 Nicotaus

425 1708 661 1756 praedecessor,
690 1706 783 1741 rebus
806 1707 908 1741 fuerat
936 1706 1082 1741 humanis
1115 1719 1175 1741 ex—

426 1766 564 1806 emptus,
581 1757 648 1805 piae
664 1756 918 1791 niein.Callistus
933 1755 1017 1804 Papa
1032 1755 1086 1797 lll,
1103 1769 1175 1802 prat·
1196 1771 1198 1792 ι

427 1808 574 1843 drccssor
601 1814 721 1850 nostor,
757 1805 875 1840 dudum
906 1814 976 1840 ante
1007 1806 1036 1839 in
1072 1806 1176 1840 mino—

429 1858 513 1892 rihus
535 1857 725 1892 constitutus
755 1865 783 1890 et
814 1869 895 1890 uuus
924 1868 961 1890 cx
990 1855 1199 1890 commissa-¹

428 1908 480 1942 riis
503 1906 681 1946 antedictis,
703 1905 740 1940 ad
758 1905 880 1952 apicem
897 1906 1020 1940 Summi
1036 1904 1177 1951 Aposto-

428 1958 509 1993 latus
523 1964 718 2004 assumptus,
741 1956 890 1991 dilectum
912 1955 1012 1990 lilium
1034 1963 1175 1990 nostrum

428 2008 578 2049 Manum,
602 2007 649 2041 tit.
672 2007 706 2042 S.
731 2005 893 2049 praxedis,
914 2006 948 2040 S.
971 2005 1010 2040 R.
1026 2004 1177 2040 Ecclesia·

429 2058 645 2106 presbyterum
669 2056 873 2100 cardinalem,
890 2055 958 2091 loco
980 2056 1042 2100 sui,
1065 2055 1094 2090 in
1119 2055 1178 2090 hu-

429 2114 562 2150 iusmodi
591 2113 716 2161 negotio
739 2111 899 2159 deputavit
927 2111 1118 2159 delegatum.

477 2175 492 2211 ,ξ
525 2173 577 2203 ΙΙ.
601 2168 638 2203 Et
667 2168 742 2202 facta
766 2167 869 2201 eidem
893 2165 1024 2201 Callisto
1053 2167 1179 2213 praede-

429 2224 546 2259 cessori
576 2235 631 2270 per
658 2222 813 2269 praefatos
839 2221 1075 2256 commissarios
1098 2221 1179 2257 rela-

430 2278 514 2313 tione
531 2277 612 2312 lideli
637 2277 665 2310 in
684 2275 810 2310 duobus
835 2275 963 2310 secretis
984 2276 1180 2310 consistoriis

430 2333 467 2367 dc
495 2332 588 2368 dictis
611 2332 739 2367 testium
768 2330 1039 2369 examinatorum,
1066 2331 1179 2377 reperit

431 2389 536 2423 omnia
559 2401 651 2436 qnae,
679 2387 717 2422 de
742 2387 812 2431 lide,
829 2386 867 2421 de
889 2385 1070 2420 excellentia
1088 2386 1178 2430 vitae,

432 2444 470 2478 dc
501 2443 675 2487 laboribus,
701 2441 841 2476 moribus
868 2441 974 2480 castis,
996 2439 1035 2475 de
1059 2439 1180 2475 actibus

432 2499 581 2538 strenuis,
603 2497 641 2533 de
663 2496 840 2532 humilitate
862 2503 891 2529 et
910 2494 1125 2542 simplicitate,
1145 2507 1180 2529 ac

433 2553 592 2588 miraculis
626 2552 723 2600 ipsius
750 2550 909 2585 Vincentii
950 2549 1031 2585 dicta
1074 2549 1179 2593 fuere,

432 2607 570 2654 legitime
587 2605 726 2655 probata.
751 2605 908 2653 Ideoque,
925 2604 963 2640 de
985 2603 1118 2640 consilio
1134 2615 1181 2638 ve-

431 2662 618 2697 nerabilium
642 2661 770 2696 fratrum
795 2668 972 2696 nostrorum
1003 2667 1078 2695 tnnc
1100 2658 1181 2694 eius-

1209 610 1363 657 praelatis,
1387 611 1440 657 qui
1475 611 1505 644 in
1543 610 1638 646 Curia
1672 610 1801 645 aderant
1830 621 1954 647 omnes,

1209 660 1334 694 nemine
1353 661 1562 707 discrepante,
1585 659 1815 695 consuluerunt
1847 658 1886 694 ad
1909 671 1957 693 ca-

1209 710 1441 745 nonizationem
1470 709 1544 745 dicti
1574 709 1732 744 Vincentii
1754 721 1823 744 esse
1846 709 1958 744 merito

1210 759 1456 806 procedendum.

1258 814 1273 852 ,ξ
1303 811 1352 843 te.
1377 809 1462 844 ldem
1485 821 1614 855 quoque
1648 807 1798 843 Callistus
1826 808 1958 855 praede·
1987 820 2009 842 ει
2028 821 2112 841 «mrem
2133 820 2157 840 aa

1210 872 1333 902 cessor,
1357 859 1437 893 dicta
1466 858 1517 893 dic
1534 885 1541 898 ,
1579 858 1721 893 videlicet
1750 857 1837 893 tertia
1862 858 1958 901 iunii,
1974 852 2159 904 ξζξξξζζζῗθζξζζ

1212 910 1412 956 pontificatus
1439 909 1486 943 sui
1510 921 1594 942 anno
1627 908 1739 954 primo,
1763 908 1793 942 in
1818 907 1957 954 ipsorum
1974 914 2130 941 rronunrtuvtt.

1211 958 1414 993 cardinalium
1441 966 1469 993 et
1494 957 1701 1004 praelatorum
1719 959 1907 1005 praesentia,
1921 958 1960 993 de

1214 1020 1353 1055 ipsorum
1382 1020 1522 1042 oninium
1537 1020 1693 1042 consensu
1719 1008 1872 1048 unanimi,
1893 1020 1961 1055 pro-

1213 1058 1370 1093 nunciavit
1382 1067 1475 1106 atque
1490 1057 1628 1092 decrevit
1639 1056 1843 1092 Vincentium
1869 1070 1962 1105 prae-

1214 1108 1309 1142 fatum
1335 1120 1403 1143 esse
1436 1106 1698 1148 canonizandum,
1725 1107 1811 1154 quod
1837 1106 1962 1154 publice

1213 1166 1242 1192 et
1266 1157 1450 1193 solemniter
1486 1156 1685 1197 laciendum,
1720 1157 1749 1191 in
1779 1156 1858 1192 sesto
1883 1170 1963 1204 apo-

1213 1208 1366 1243 stolorum
1391 1207 1472 1243 Petri
1493 1216 1521 1241 ct
1539 1206 1628 1242 Pauli
1644 1206 1786 1254 proxime
1805 1207 1964 1253 sequenti,

1214 1257 1356 1292 videlicet
1381 1257 1470 1292 tertio
1494 1256 1642 1292 kalendas
1662 1256 1742 1300 iulii,
1763 1256 1966 1304 pontificatus

1214 1307 1357 1342 eiusdem
1382 1320 1464 1341 anno
1491 1306 1663 1354 praedicto,
1686 1307 1794 1341 statuit
1816 1314 1846 1341 et
1870 1307 1963 1341 etiarn

1214 1357 1379 1392 ordinavit.

1263 1414 1278 1450 g
1304 1408 1358 1440 15.
1375 1406 1582 1441 Postmodum
1599 1418 1682 1446 vero,
1696 1406 1800 1441 dictus
1815 1405 1965 1441 Callistus

1217 1457 1451 1504 praedecessor,
1464 1456 1515 1490 die
1529 1455 1738 1490 solemnitatis
1750 1455 1963 1503 apostolorum

1218 1506 1409 1550 huiusmodi,
1434 1514 1466 1540 ut
1490 1505 1673 1552 praefertur,
1687 1505 1886 1545 adveniente,
1904 1514 1964 1541 tam

1216 1568 1253 1591 ex
1278 1556 1358 1590 vitae
1391 1555 1587 1594 excellentia,
1615 1567 1710 1602 quam
1742 1555 1965 1591 miraculorum

1216 1605 1447 1644 coruscatione,
1476 1617 1597 1639 necnon
1627 1617 1696 1640 vera
1721 1604 1827 1640 notitia
1843 1632 1851 1645 ‚
1870 1616 1966 1652 quam

1217 1655 1256 1690 de
1272 1657 1341 1703 ipso
1363 1654 1541 1695 Vincentio,
1557 1663 1632 1689 tnnc
1647 1654 1782 1698 vivente,
1805 1654 1968 1699 habuerat,

1218 1717 1289 1740 eum
1333 1706 1432 1739 virum
1468 1705 1622 1752 comperit
1656 1712 1835 1739 assecutum
1872 1704 1969 1740 fuisse

1217 1755 1361 1802 gratiam,
1384 1766 1477 1801 quam
1502 1753 1588 1789 Deus
1616 1754 1818 1801 omnipotens
1851 1755 1968 1789 sanctis

1218 1813 1248 1839 et
1260 1804 1368 1839 electis
1380 1804 1445 1839 suis
1462 1803 1630 1847 concessit,
1645 1812 1676 1838 et
1686 1803 1864 1838 consimilia
1877 1816 1967 1851 signa

1218 1867 1254 1890 ex
1278 1867 1315 1889 eo
1348 1861 1516 1889 consecuta
1541 1854 1648 1897 tuisse,
1675 1865 1767 1900 quae,
1789 1853 1827 1889 ad
1849 1866 1969 1901 cogno-

1219 1904 1370 1940 scendum
1388 1903 1497 1939 fideles
1519 1916 1554 1938 ac
1576 1903 1633 1938 Dei
1656 1903 1830 1947 ministros,
1846 1903 1970 1939 Veritas

1221 1955 1249 1989 in
1272 1966 1331 1989 suo
1358 1953 1530 2000 Evangelio
1553 1953 1792 1993 demonstravit,
1816 1965 1872 2001 pro
1894 1966 1970 1989 suae

1221 2004 1441 2039 informatione
1464 2003 1636 2047 Ecclesiae,
1657 2015 1695 2037 ne
1719 2012 1826 2050 posset
1852 2016 1970 2047 errare,

1219 2055 1264 2090 sie
1286 2055 1450 2102 inquiens:
1475 2057 1576 2101 Siqua
1601 2062 1702 2089 autem
1723 2067 1770 2089 eos
1791 2055 1847 2101 qui
1865 2056 1970 2089 credi-.-

1994 1411 2106 1439 ipsumque
2127 1416 2165 1431 u-

1981 1443 2095 1467 noniuvtt,
2103 1444 2124 1463 et
2131 1440 2163 1462 St.

1981 1473 2100 1495 contos-or.
2123 1478 2165 1493 nn-

1982 1510 2040 1526 mero
2068 1504 2165 1530 adserip-

1982 1537 2016 1558 nit.

1198 2141 1200 2148 ,
1219 2109 1319 2142 derint
1339 2108 1410 2141 haec
1434 2113 1609 2151 sequentum
1635 2106 1667 2139 in
1690 2106 1810 2139 nomine
1830 2117 1895 2139 meo
1906 2106 1971 2140 ‹1oe—

1220 2159 1326 2192 mom'a
1351 2157 1492 2194 eiicient,
1520 2157 1634 2201 linquis
1665 2157 1827 2200 loquentur
1863 2156 1970 2194 novis,

1219 2219 1309 2253 super
1330 2219 1437 2252 aeyros
1460 2219 1569 2241 inaneis
1588 2207 1752 2251 imponent,
1777 2212 1803 2239 ec
1823 2206 1894 2239 bene
1912 2205 1971 2239 ha-

1221 2259 1328 2292 bebunt
1344 2258 1368 2299 (1
1379 2262 1398 2300 ).
1414 2256 1457 2290 Ea
1475 2263 1600 2302 propter
1612 2268 1682 2289 cuni
1699 2254 1880 2289 auctoritate
1892 2267 1970 2301 apo-

1221 2307 1330 2342 stolica
1353 2306 1565 2350 canonizavit,
1599 2313 1626 2339 et
1655 2305 1813 2340 literarum
1842 2316 1970 2340 suarum

1223 2358 1257 2400 (si
1281 2357 1415 2404 desuper
1443 2355 1603 2390 consectae.
1632 2355 1778 2399 fuissent)
1800 2361 1919 2399 tenore,
1942 2355 1971 2389 iu

1221 2415 1403 2442 sanctoruni
1433 2405 1596 2452 cathalogo
1623 2404 1866 2440 adscribendum
1902 2418 1973 2440 csse

1222 2457 1368 2492 deci-etit.

1271 2513 1286 2550 g
1304 2510 1315 2541 vl
1327 2509 1359 2541 l.
1379 2506 1548 2541 Universos
1561 2513 1590 2540 et
1607 2505 1749 2551 singulos
1770 2504 1972 2552 patriarchas,
1998 2516 2172 2538 Eiustestumflto

1222 2558 1489 2604 archiepiscopos.
1516 2555 1682 2603 episcopos
1709 2563 1894 2601 ceterosque
1917 2553 1971 2589 Ec·
1987 2547 2173 2601 fflrss‘ffifff'*

1223 2606 1389 2643 elesiarum
1407 2606 1560 2654 praelatos
1579 2605 1700 2640 monuit
1716 2613 1746 2640 et
1764 2612 1879 2641 attente
1899 2603 1972 2640 tior—

1259 2669 1299 2705 (ί)
1318 2669 1399 2697 Marc.
1422 2677 1479 2701 xvi,
1501 2669 1529 2696 17
1547 2671 1573 2695 et.
1596 2668 1634 2695 18,
