2281 3251
79 288 130 313 An.
143 285 170 312 C.
192 285 260 313 ¹516

91 351 227 374 Contcssores
235 351 259 372 ab

79 385 169 406 ordinat.
187 388 259 410 appro-

78 414 152 436 bentur
168 413 204 440 (t),

89 1135 223 1157 Sneramenta
232 1136 265 1156 mi-

82 1168 143 1189 nistr.
160 1167 247 1194 possint.

101 1927 166 1950 Paeto
175 1929 227 1950 inita
241 1929 272 1950 in-

89 1963 122 1982 ter
129 1961 240 1988 episcopos
251 1963 273 1981 et.

89 1989 206 2013 mendicari.
225 1997 274 2013 ser-

89 2025 172 2044 ventur.

91 2299 181 2322 Manilio.
194 2298 275 2327 quando

92 2333 185 2352 mortuos
205 2330 276 2352 levare

92 2362 178 2389 pos-int.

944 279 1005 302 LEO
1028 280 1045 301 Χ
1070 280 1116 301 ΡΙ).

275 339 380 374 siones
397 336 594 372 subditorum
610 336 792 370 eorumdem
810 335 1015 383 praelatorum

275 397 415 434 tempore
441 386 601 431 elegerint,
624 386 740 420 eisdem
769 385 913 432 praelatis
941 398 1019 431 per—

275 437 422 472 sonaliter
444 435 591 470 exhibere
623 447 657 470 ac
687 443 884 482 praesentare
907 435 942 477 (si
966 446 1019 467 eos

275 487 333 522 sibi
356 485 495 520 exhiberi
515 493 543 519 et
562 485 749 531 praesentari
767 485 933 531 petierint),
948 484 1019 517 alio·

275 537 350 582 quin
379 547 487 570 eorum
512 535 637 570 vicariis
664 534 847 578 (dummodo
874 533 911 567 ad
937 545 1019 580 prae-

275 587 353 620 latos
387 585 464 619 ultra
499 584 579 618 duas
611 584 728 618 diaetas
767 583 917 618 accedere
958 594 1019 616 non

275 638 437 682 cogantur)
465 635 594 668 omnino
623 641 797 668 teneantur.
833 633 1020 679 l’ossintquc

276 684 318 718 illi
357 696 410 730 per
449 684 577 718 eosdem
607 684 773 730 episcopos
806 690 836 717 ct
870 682 1022 728 praelatos

276 746 371 781 super
398 733 563 767 sufficienti
588 733 746 767 literatura
775 739 804 766 et
827 731 929 778 aliqua
954 731 1022 765 sal—

278 792 337 818 tem
373 783 550 817 huiusmodi
585 782 769 817 sacramenti
799 781 906 828 peritia
929 781 1023 815 dnm-

277 840 360 867 taxat
387 832 567 867 examinari.
595 831 789 878 Talibusque
821 830 1024 877 praesentatis

278 882 423 917 admissis
439 882 483 915 vel
501 882 592 916 ctiam
609 881 746 915 indebite
769 881 919 914 recusatis
948 891 1025 913 con-

279 933 422 976 menn-s,
444 931 670 974 constitutioni,
684 942 763 977 qnae
782 930 891 976 incipit
917 930 1025 963 Omnis

279 983 435 1026 utriusque
455 993 555 1021 sexus,
568 980 670 1028 quoad
690 979 918 1014 consessionem
932 978 1026 1012 dum-

281 1038 372 1069 taxat„
395 1030 584 1065 satisfecisse
613 1037 813 1064 censeantur.

329 1084 343 1123 ξ
372 1083 403 1114 7.
438 1079 567 1127 Ipsique
602 1080 712 1114 fratres
738 1078 829 1112 ctiam
855 1076 1024 1112 sorensium

281 1129 495 1164 consessiones
517 1129 627 1164 audire
655 1129 786 1165 valeant.
811 1127 906 1161 laicos
924 1134 1026 1160 tamen

282 1187 313 1214 et
331 1179 462 1213 clericos
483 1179 658 1214 saeculares
684 1190 700 1212 a
724 1177 888 1211 sententiis
910 1175 947 1209 ab
969 1175 1028 1208 ho-

282 1229 366 1262 mine
394 1228 462 1262 latis
497 1228 675 1262 nullatenus
709 1226 872 1260 absolvere
895 1225 1026 1271 possint.

281 1277 497 1312 Eucharistiae
528 1289 600 1311 vero
622 1285 652 1311 et
673 1276 838 1310 Extremae
864 1273 1030 1309 Unctionis

282 1327 403 1373 aliaque
422 1326 631 1361 ecclesiastica
647 1332 853 1368 sacramenta,
869 1323 941 1367 illis,
955 1335 1031 1370 quo-

281 1387 370 1416 rum,
392 1376 482 1410 etiam
512 1375 708 1410 infirmorum
731 1387 766 1409 ac
793 1373 1030 1416 decedentium,

281 1424 496 1460 confessiones
527 1425 700 1467 audierint,
736 1422 923 1458 docentibus
958 1434 1032 1469 pro-

283 1475 387 1522 prium
410 1474 607 1509 sacerdotem
642 1474 701 1508 sibi
735 1473 809 1507 dare
843 1473 1031 1518 denegasse,

282 1523 356 1558 dare
378 1532 549 1571 nequeant,
577 1524 637 1558 nisi
666 1522 830 1569 denegatio
853 1522 921 1556 sine
948 1521 1032 1566 legi-

283 1573 358 1608 tima
394 1585 485 1607 causa
514 1573 613 1614 faeta,
642 1572 818 1607 vicinorum
855 1570 1034 1605 testimonio

286 1623 428 1668 probata,
451 1630 503 1656 ant
526 1622 687 1669 requisitio
703 1633 807 1656 coram
831 1621 951 1654 notario
975 1632 1034 1665 pu-

284 1671 365 1706 blico
381 1672 459 1706 sacta
475 1672 650 1706 doceretur.
673 1670 866 1705 Eorumdem
881 1681 953 1704 vero
967 1669 1035 1703 fra-

286 1728 370 1755 trum
403 1721 557 1768 obsequio
587 1720 803 1755 insistentibus
844 1728 1035 1754 sacramenta

286 1769 468 1804 huiusmodi
504 1771 681 1805 nullatenus
705 1769 882 1803 ministrare
898 1768 1035 1812 valeant,

287 1819 345 1854 nisi
368 1820 491 1854 illorum
515 1820 647 1854 durante
669 1818 832 1866 obsequio.

334 1869 354 1916 S
375 1872 408 1904 8.
437 1869 531 1904 Pacta
554 1878 657 1904 autem
681 1877 711 1902 et
738 1868 965 1902 conventiones
988 1867 1035 1901 in-

286 1925 334 1953 ter
354 1918 482 1953 eosdem
510 1919 619 1953 fratres
637 1927 665 1952 et
690 1917 843 1964 praelatos
871 1925 964 1963 atque
980 1929 1036 1951 cu-

286 1975 451 2015 ratOS‚pt'o
472 1978 611 2015 tempore
633 1968 720 2007 inita,
748 1967 884 2001 valeant:
911 1967 968 2000 nisi
983 1979 1038 2013 per

287 2022 514 2069 subsequutum
546 2022 719 2068 capitulum
742 2021 917 2067 proximum
941 2032 1037 2067 gene-

288 2076 350 2110 rale
372 2076 418 2111 vel
444 2075 631 2122 provinciale
661 2075 814 2119 refutata,
842 2087 879 2109 ac
907 2087 962 2121 per
983 2086 1038 2109 eos

289 2131 432 2166 refutatio
456 2130 635 2166 huiusmodi
660 2131 800 2164 intimata
828 2129 933 2165 debito
956 2138 1035 2164 tem—

289 2197 365 2234 pore
388 2185 492 2220 fucrit.

338 2245 408 2285 §st
436 2241 605 2276 Parochias
640 2248 744 2275 autem
772 2252 843 2274 cum
872 2251 964 2274 cruce
1000 2239 1036 2274 ad

289 2295 421 2332 levanda
443 2295 552 2330 funera
575 2307 698 2339 eorum,
714 2294 765 2342 qui
784 2293 866 2341 apud
889 2293 1039 2328 ecclesias

291 2351 459 2386 domorum
494 2358 524 2385 et
556 2350 697 2384 locorum
729 2347 913 2383 eorumdem
948 2360 1038 2382 suam

291 2405 443 2452 elegerint
464 2404 671 2452 sepulturam,
695 2404 808 2438 intrare
829 2415 889 2437 non
906 2402 1038 2449 possint,

291 2460 351 2495 nisi
375 2459 460 2507 prins
488 2459 686 2506 praemonito
708 2466 736 2492 et
762 2457 910 2505 requisito
926 2468 960 2491 ac
977 2468 1038 2491 non

294 2522 456 2550 recusante
484 2513 673 2561 parochiano
696 2512 889 2559 presbytero,
914 2518 945 2545 et
967 2517 1041 2545 tunc

293 2568 361 2605 sine
392 2569 460 2604 eius
485 2580 521 2603 ac
555 2567 703 2602 ordinarii
740 2565 948 2613 praeiudicio,
981 2564 1040 2599 nisi

329 2641 368 2676 (1)
387 2641 443 2667 Hoc
462 2639 544 2673 idem,
568 2638 636 2665 ultra
652 2637 751 2664 dictum
772 2637 928 2670 Concilium,
952 2637 1042 2664 statuit

294 2679 356 2709 Pius
371 2681 392 2710 V
411 2681 438 2708 in
453 2679 642 2708 constitutione
662 2679 784 2705 Romani.

1685 265 1753 298 687

1059 333 1176 368 eisdem
1200 332 1347 368 fratribus
1370 343 1465 379 super
1493 331 1552 366 hoc
1578 331 1705 378 antiqua
1734 343 1805 365 eon-

1060 384 1216 427 suetudo,
1238 395 1316 431 quae
1342 382 1379 417 sit
1410 384 1439 415 in
1469 380 1558 415 viridi
1586 380 1805 426 observantia,

1060 442 1089 468 et
1116 445 1188 468 cum
1215 432 1339 480 pacifica
1369 431 1584 478 possessione,
1607 430 1804 476 suffragetur.

1108 484 1127 528 ἓ
1153 485 1206 517 10.
1232 482 1379 516 Vols-ntes
1401 492 1527 528 quoque
1555 480 1680 527 sepeliri
1706 480 1736 514 in
1757 480 1807 514 ha-
1844 492 1946 514 votem„
1969 499 2006 514 se-

1062 533 1126 567 bitn
1155 531 1337 567 eorumdem
1361 530 1508 574 fratrum,
1531 530 1562 564 in
1587 530 1722 565 claustro
1745 542 1806 564 non
1821 525 1950 576 ξξζῐῇθξῇῗ
1968 529 2007 576 ζζζ

1062 583 1222 628 degenteS,
1245 581 1298 616 sed
1324 581 1353 614 in
1378 580 1514 627 propriis
1536 579 1684 614 domibus
1717 579 1808 614 habi·
1823 587 1926 614 vulturam
1941 571 2008 614 elise-

1063 640 1173 672 tantes‚
1197 632 1226 665 in
1250 642 1357 665 eorum
1383 630 1488 663 ultima
1513 629 1671 664 voluntate
1698 629 1809 677 sepul-
1823 623 1845 639 ‘⁸
1861 620 1957 645 ”mum'

1064 690 1161 715 turam
1191 680 1248 715 sibi
1277 679 1392 724 eligere
1416 679 1547 724 possint.

1112 731 1131 777 g
1162 733 1214 764 tt.
1243 729 1399 775 Quodque
1427 728 1534 762 fratres
1557 728 1616 775 ipsi
1629 727 1666 762 ad
1683 727 1811 763 ordines
1837 736 1966 773 maluerat-³
1986 742 2010 758 e-

1066 779 1267 824 promovendi
1284 806 1292 821 ,
1315 790 1370 825 por
1393 777 1567 812 ordinarios
1585 777 1624 811 de
1652 790 1811 823 gramma-
1825 771 1878 797 ⁹³⁵⁰·
1896 771 2001 796 rampant

1066 830 1122 863 tica
1146 837 1176 863 et
1199 827 1620 874 sullicientiaexaminari,et
1638 827 1812 862 dummodo

1066 886 1278 925 competenter
1300 876 1523 924 respondeant,
1536 888 1590 923 per
1613 876 1739 911 eosdem
1755 889 1812 911 or-

1066 928 1204 962 dinarios
1231 927 1327 961 libere
1350 926 1492 966 admitti3
1519 938 1555 960 ac
1579 926 1759 960 nullatenus
1782 927 1811 961 in

1066 990 1177 1012 eorum
1212 977 1357 1011 ccelesiis
1391 988 1446 1010 sen
1483 974 1628 1009 domibus
1659 984 1711 1010 aut
1745 976 1813 1011 aliis

1067 1039 1175 1061 eornm
1212 1026 1302 1070 locis,
1329 1026 1367 1060 ab
1389 1026 1448 1060 alio
1471 1037 1563 1071 quam
1587 1037 1602 1059 a
1625 1025 1814 1060 dioecesano

1068 1077 1216 1123 episcopo
1239 1076 1284 1109 vel
1310 1075 1377 1109 eius
1401 1075 1525 1118 vicario,
1540 1086 1634 1120 super
1662 1075 1720 1109 hoc
1743 1087 1814 1109 cum

1068 1126 1172 1160 debita
1196 1125 1370 1159 reverentia
1394 1124 1602 1170 requisito‚et
1623 1123 1743 1169 absque
1772 1136 1817 1158 ra-

1069 1174 1210 1209 tionabili
1238 1186 1329 1208 causa
1364 1173 1621 1217 contradicente,
1657 1173 1703 1207 vel
1731 1184 1768 1207 eo
1799 1185 1815 1207 a

1070 1225 1205 1259 dioecesi
1229 1224 1369 1265 absente,
1398 1222 1435 1258 ad
1459 1222 1560 1257 dictos
1586 1221 1713 1257 ordines
1743 1234 1817 1269 pro-

1071 1273 1189 1308 moveri
1206 1273 1351 1307 debeant.

1120 1323 1139 1369 g
1163 1325 1218 1356 42.
1251 1323 1316 1357 Nec
1337 1322 1375 1357 ab
1401 1321 1503 1357 alieno
1525 1321 1675 1368 episcopo
1705 1333 1818 1356 eonse-

1071 1373 1243 1407 crationem
1279 1372 1429 1407 ecclesiae
1462 1371 1509 1406 vel
1532 1371 1648 1414 altaris,
1671 1380 1724 1406 aut
1745 1382 1818 1405 coe-

1074 1422 1195 1456 meterii
1217 1422 1468 1456 benedictionem
1494 1428 1610 1467 petere,
1633 1432 1689 1454 seu
1711 1421 1742 1454 in
1765 1432 1820 1454 ee-

1073 1471 1175 1506 clesiis
1203 1483 1257 1518 per
1278 1483 1332 1505 eos
1359 1483 1414 1517 pro
1441 1478 1582 1516 tempore
1605 1469 1819 1510 aedificandis,

1075 1521 1211 1568 primum
1240 1520 1374 1567 lapidem
1399 1532 1453 1566 per
1475 1519 1613 1553 alienum
1635 1519 1819 1565 episcopum

1076 1571 1148 1617 poni
1170 1570 1271 1604 facere
1306 1570 1437 1616 possint,
1461 1569 1517 1602 nisi
1547 1568 1599 1603 ubi
1627 1568 1820 1608 ordinarius,

1076 1620 1123 1653 bis
1146 1627 1199 1654 aut
1223 1628 1267 1653 ter
1290 1631 1361 1654 cum
1389 1617 1503 1652 debitis
1523 1617 1696 1652 reverentia
1719 1626 1749 1651 et
1772 1618 1822 1651 in-

1075 1670 1187 1704 stantia
1223 1669 1402 1715 requisitus,
1425 1668 1493 1702 sine
1516 1667 1651 1714 legitima
1674 1679 1766 1701 causa
1790 1666 1821 1701 id

1078 1727 1277 1753 recusaverit.

1124 1773 1138 1811 ἕ
1164 1771 1218 1802 15.
1246 1768 1286 1802 Et
1308 1767 1426 1813 absque
1448 1776 1628 1802 curatorum
1651 1777 1820 1810 consensu,

1077 1830 1229 1865 sponsum
1245 1826 1273 1852 et
1290 1829 1436 1864 sponsam
1451 1816 1638 1851 benedicere
1653 1823 1819 1862 nequeant.

1125 1867 1145 1913 ἓ
1170 1870 1224 1900 Μ.
1252 1867 1292 1901 Et
1314 1875 1347 1901 ut
1369 1866 1495 1901 debitus
1519 1867 1618 1900 honor
1643 1865 1759 1899 matrici
1775 1876 1823 1899 ec·
1849 1876 1972 1911 uamppnam
1986 1875 2020 1911 αῖς

1077 1917 1189 1951 clesiae
1217 1916 1387 1960 reddatur,
1417 1925 1476 1950 tam
1508 1916 1564 1962 ipsi
1590 1915 1701 1949 fratres
1727 1927 1820 1962 quam
1836 1905 2021 1965 {le’²¹0¹ahs.³<l²r⁰.².¹

1077 1966 1128 2000 alii
1160 1967 1262 2000 clerici
1290 1966 1491 2004 saeculares,
1523 1965 1615 1999 etiam
1639 1976 1736 2010 super
1763 1964 1878 1998 hoctona
1893 1969 1985 1998 pulsem

1078 2016 1277 2061 Apostolicae
1300 2015 1392 2049 Sedis
1423 2015 1581 2061 privilegio
1609 2014 1744 2057 muniti,
1772 2013 1823 2048 die

1077 2065 1196 2100 sabbati
1221 2065 1346 2099 maioris
1381 2064 1596 2099 hebdomadae
1614 2091 1622 2107 ,
1656 2072 1823 2110 antequam

1078 2131 1261 2166 campanam
1284 2119 1471 2154 cathedralis
1495 2119 1540 2152 vel
1569 2117 1709 2152 matricis
1728 2117 1825 2152 eccle-

1078 2173 1140 2207 siae
1179 2173 1361 2220 pulsaverit,
1400 2184 1582 2219 campanam
1620 2172 1648 2205 in
1683 2170 1825 2206 ecclesiis

1078 2228 1144 2262 suis
1173 2227 1297 2274 pulsare
1330 2227 1458 2260 minime
1496 2226 1636 2272 possint;
1670 2224 1826 2259 contrafa-

1078 2282 1197 2316 cientes
1230 2293 1362 2328 poenam
1397 2288 1522 2314 rentum
1557 2279 1742 2314 ducatorum
1776 2279 1825 2313 in-

1079 2343 1217 2371 currant.

1128 2391 1147 2435 1}
1172 2392 1226 2423 15.
1250 2389 1408 2423 Censuras
1430 2395 1535 2422 autem
1559 2398 1614 2433 per
1635 2387 1761 2421 eosdem
1779 2399 1826 2422 or-

1080 2443 1218 2478 dinarios
1246 2443 1321 2477 latas
1348 2450 1377 2476 et
1405 2441 1629 2488 promulgatas,
1652 2453 1688 2475 ac
1716 2442 1744 2475 in
1767 2453 1824 2475 ma-

1082 2498 1158 2533 trice
1182 2498 1312 2533 ecclesia
1343 2497 1527 2536 civitatum,
1551 2507 1671 2530 necnon
1701 2495 1730 2529 iu
1759 2496 1827 2530 col—

1082 2553 1204 2599 legiatis
1231 2560 1258 2586 et
1284 2550 1514 2598 parochialibus
1539 2550 1680 2584 ecclesiis
1707 2557 1827 2584 castro-

1084 2621 1151 2642 rum
1175 2615 1202 2640 et
1228 2606 1414 2653 oppidorum
1452 2605 1624 2651 respective
1645 2603 1828 2639 solemniter

1085 2662 1277 2710 publicatas,
1316 2659 1442 2707 quando
1468 2670 1565 2707 super
1593 2657 1653 2693 hoc
1691 2657 1729 2693 ab
1763 2658 1828 2693 eis-

1819 273 1869 302 Αη.
1887 274 1917 301 C.
1935 273 2002 301 1516

1841 1330 1865 1351 Ei
1879 1330 2016 1351 ecelesiarum

1833 1362 2016 1387 conscentium„

1847 1770 1941 1797 Sponuofl
1962 1776 2005 1791 non

1862 1802 1997 1824 benedic-nn

1853 2399 1957 2420 Censuras
1970 2399 2024 2421 ordi-

1840 2431 1918 2451 narior.
1938 2433 2025 2452 servent

1841 2464 1862 2483 ot
1877 2461 1998 2489 pumiceum
