2281 3251
491 245 560 279 688

442 310 513 346 dem
541 310 706 346 ordinariis
738 309 878 356 requisiti
908 308 1045 352 fuerint,
1076 308 1106 342 in
1134 319 1188 342 ec-

443 361 547 396 clesiis
581 361 745 395 domorum
782 371 908 393 suarum
950 358 1110 405 publicare
1153 369 1188 393 ac

443 423 576 446 serrare.

492 460 512 507 g
540 464 590 494 t6.
614 459 651 493 Et
669 467 701 493 ut
720 459 895 492 animarum
912 457 1077 503 utriusque
1094 468 1188 491 sexus

262 509 692 544 neem-rumm-chrisiitidetiurn
720 507 810 542 saluti
839 507 968 541 uberius
995 507 1187 545 consulatur,

248 550 321 606 {2¹:9¹¹
355 550 429 570 '⁰⁸⁶⁰'
445 560 524 597 illos,
557 570 690 606 quorum
725 557 941 591 confessiones
965 568 1020 603 pro
1049 565 1189 602 tempore

444 609 611 652 audierint,
624 608 851 653 cuiuscumque
870 614 970 640 status
991 614 1021 640 et
1039 606 1190 641 conditio-

445 659 491 692 nis
514 658 643 696 suerint,
671 657 707 691 ad
743 655 931 691 solvendum
960 655 1098 690 decimas
1125 656 1189 689 sive

444 708 532 742 aliam
562 707 714 741 bonorum
741 719 794 740 seu
819 706 977 740 fructuum
1001 714 1143 752 quotam,
1159 705 1188 738 in

445 757 531 800 locis,
554 757 582 790 in
605 756 720 803 quibus
738 756 877 790 decimae
901 756 986 802 ipsae
1005 764 1057 789 aut.
1077 755 1189 789 similia

444 807 518 841 solvi
543 813 786 847 consueverunt,
808 805 899 839 etiam
925 804 983 838 sub
1005 817 1099 839 onere
1119 816 1191 838 con-

443 855 641 891 scientiarum
681 867 806 889 suarum
837 867 964 889 monere
993 863 1023 888 et
1052 855 1189 894 hortari,

445 906 582 951 ipsisque
608 905 699 939 etiam
725 905 790 939 illas
822 904 942 938 solvero
972 904 1191 939 recusantibus

444 955 672 990 absolutionem
701 954 866 1000 denegare,
895 962 924 988 et
947 966 1042 1000 super
1065 955 1123 988 boc
1147 966 1192 988 re-

444 1005 570 1052 quisiti,
596 1004 626 1038 id
651 1004 766 1050 populo
789 1004 881 1039 etiam
911 1004 1038 1051 publice
1066 1003 1192 1051 praedi-

444 1066 513 1089 care
540 1062 570 1088 et
599 1053 787 1101 persuadere
811 1062 986 1088 teneantur.

492 1104 512 1151 S
533 1106 587 1138 17.
611 1104 854 1138 Conservatores
877 1112 982 1138 autem
1002 1102 1120 1138 eisdem
1138 1103 1194 1137 sra-

257 1159 421 1182 con-ermom
445 1153 547 1189 tribus
567 1166 623 1199 pro
646 1162 785 1200 tempore
803 1166 819 1187 a
838 1153 920 1187 Sede
942 1152 1122 1200 Apostolica
1138 1153 1194 1188 dc-

293 1191 389 1213 mm*
446 1203 590 1250 putandi,
609 1202 751 1238 doctrina
771 1211 800 1237 et
821 1203 973 1249 probitate
1000 1210 1194 1250 praestantes

447 1261 477 1288 et
497 1253 526 1287 in
549 1252 757 1288 ecclesiastica
780 1253 932 1300 dignitate
948 1252 1110 1287 constituti
1126 1264 1194 1288 esse

448 1302 593 1342 debeant,
609 1310 638 1336 et
653 1315 756 1337 coram
782 1303 827 1337 eis
850 1315 904 1349 per
925 1302 1053 1338 eosdem
1071 1302 1194 1347 fratres,

448 1353 562 1400 quibus
589 1352 649 1387 dati
678 1352 808 1395 fuerint,
837 1353 912 1387 ultra
941 1352 1018 1386 duas
1039 1352 1157 1387 diaetas
1179 1364 1194 1386 a

449 1403 518 1437 loco
540 1414 614 1437 suae
637 1403 744 1437 solitae
773 1402 972 1437 habitationis
995 1402 1099 1436 nullus
1115 1402 1193 1436 trabi

451 1452 560 1499 possit,
591 1452 759 1499 privilegiis
778 1464 871 1498 super
890 1453 949 1486 boc
964 1452 1039 1486 alias
1058 1453 1103 1486 eis
1119 1464 1196 1486 con-

449 1502 544 1536 cessis
572 1502 749 1536 nullatenus
776 1502 1030 1549 suffragantibus.

497 1554 581 1595 §18
602 1551 874 1587 Excommunicati
897 1564 1026 1599 quoque
1042 1551 1195 1587 Ordinem

256 1601 696 1658 P{¹¹,50113‘sso‘21f¹3:³¹¹:Mendicantium
726 1602 863 1649 proliteri
894 1602 1055 1647 volentes,
1084 1602 1134 1637 ubi
1158 1602 1196 1636 de

250 1641 386 1695 :aridirati
450 1652 602 1687 interesse
625 1651 704 1685 tertii
727 1660 883 1697 ageretur,
902 1652 1018 1686 absolvi
1045 1664 1106 1686 non
1129 1664 1196 1699 pos-

449 1702 524 1746 sint,
547 1702 604 1735 nisi
634 1702 755 1748 praevia
788 1702 1009 1736 satisfactione.
1040 1702 1197 1737 Procura—

451 1760 534 1786 tores
560 1763 686 1798 quoque
713 1759 742 1785 et
767 1752 964 1797 negotiorum
993 1760 1135 1798 gestores
1161 1764 1197 1786 ac

446 1801 592 1848 operarii,
619 1802 804 1835 eorumdem
829 1801 956 1835 fratrum
985 1802 1120 1836 servitiis
1147 1802 1196 1836 in-

446 1859 614 1894 sistentes,
652 1859 816 1885 sententiis
846 1861 1197 1886 ·cxcommumcatroms

448 1900 655 1947 promulgatis
690 1900 847 1947 illaqueati
875 1901 937 1934 sint
964 1909 993 1935 et
1019 1913 1087 1936 esse
1120 1914 1198 1936 ccu-

448 1958 586 1990 seantur‚
602 1951 627 1984 si
645 1949 705 1984 illis
718 1962 843 1985 causam
867 1950 1026 1991 dederint,
1043 1959 1096 1986 aut
1118 1952 1198 1986 dau-

449 2000 533 2034 tibus
568 1999 761 2041 consilium‚
793 2000 945 2035 auxilium
977 2000 1022 2035 rel
1062 2001 1196 2036 savorem

451 2050 674 2096 praestiterint.

499 2105 520 2151 g
543 2106 598 2139 19.
626 2104 751 2139 Fratres
772 2113 875 2139 autem
903 2113 933 2139 ct
953 2116 1077 2140 sorores
1103 2106 1197 2142 Tertii

255 2159 439 2217 Jffiffiffipgt·
451 2158 591 2200 Ordinis,
605 2171 727 2194 necnon
736 2159 922 2201 Mantellati,
936 2159 1200 2207 Corrigiati,Pin-

255 2225 329 2248 teme·
344 2222 372 2241 nti
392 2220 438 2242 hiet
452 2213 612 2258 zocbarae,
625 2213 794 2249 Cordellati
812 2223 841 2249 et
856 2215 917 2255 alii,
932 2227 1135 2263 quocumque
1149 2230 1201 2251 no-

257 2255 387 2280 ”pummr'
453 2269 537 2303 mine
561 2269 745 2316 nuncupati,
769 2269 798 2303 in
823 2270 958 2316 propriis
980 2269 1128 2305 domibus
1150 2272 1201 2307 ba-

453 2322 817 2370 bitantes‚sepulturam,
833 2323 883 2357 ubi
903 2324 1071 2368 voluerint,
1087 2325 1201 2371 eligere

454 2378 584 2413 valcant.
601 2378 662 2413 Sed
683 2378 733 2413 die
748 2379 910 2414 I’ascbatis
939 2388 1057 2414 tautum
1075 2380 1202 2415 Eucha-

455 2432 585 2477 ristiam,
599 2445 720 2467 necnon
732 2433 911 2468 Extremam
924 2432 1113 2468 Unctionem
1137 2447 1204 2469 cae-

456 2495 583 2535 teraque
609 2487 818 2522 ecclesiastica
850 2496 1044 2522 sacramenta
1073 2487 1204 2531 (Poeni-

457 2542 570 2576 tentiae
594 2550 789 2577 sacramento
822 2541 982 2576 dumtaxat
1019 2547 1166 2589 excepto>
1188 2556 1203 2578 a

458 2596 582 2643 proprio
613 2596 773 2631 sacerdote
802 2596 952 2644 recipere,
978 2605 1009 2631 et
1035 2596 1074 2631 ad
1097 2608 1204 2637 onera,

459 2662 538 2697 quac
560 2650 644 2686 laicis
666 2650 866 2696 incumbunt,
883 2650 1065 2699 perferenda
1080 2660 1206 2687 tenean-

246 256 295 283 Αυ.
313 254 344 282 C.
361 255 428 284 15¹6

1034 253 1222 276 acuatum!
1244 251 1407 275 nonaum!

1230 315 1290 346 tur:
1312 319 1347 342 ac
1375 307 1403 341 in
1427 306 1494 342 foro
1515 307 1679 352 saeculari,
1696 319 1798 343 coram
1823 307 1979 343 iudicibus

1229 357 1459 401 saecularibus,
1471 358 1630 393 conveniri
1651 358 1782 405 possint.
1806 357 1896 392 Etne
1909 370 1980 393 cen-

1229 419 1301 442 sura
1329 407 1454 441 vilescat
1481 407 1703 452 ecclesiastica,
1719 416 1749 442 et
1773 407 1902 443 minoris
1923 420 1981 442 au-

1230 456 1383 491 ctoritatis
1411 457 1567 492 interdicti
1609 457 1763 492 sententia
1801 465 1980 504 reputetur,

1231 506 1323 540 iidem
1351 506 1424 541 dicti
1448 506 1545 540 Tertii
1568 506 1711 550 Ordinis,
1734 507 1771 541 ad
1799 507 1905 541 divina
1928 519 1982 541 au·

1230 555 1368 592 dieuda.
1409 556 1437 589 in
1467 556 1610 591 ecclesiis
1648 569 1778 591 suorum
1807 556 1979 597 Ordinum‚

1231 612 1371 652 tempore
1388 605 1557 646 interdicti,
1569 605 1749 640 nullatenus
1764 606 1980 647 admittantur,

1230 655 1255 689 si
1274 668 1400 690 causam
1424 655 1568 689 dederint
1591 655 1770 699 interdicto,
1785 656 1828 690 vel
1852 667 1979 689 causam

1232 704 1329 751 ipsam
1359 706 1497 739 nutriant
1519 717 1574 739 seu
1604 705 1738 747 foveant,
1754 715 1807 739 aut
1832 704 1981 739 dantibus

1231 754 1395 794 auxilium,
1418 755 1587 789 consilium
1608 754 1654 789 vel
1674 755 1809 789 savorem
1833 766 1981 802 quoquo-

1233 804 1326 838 modo
1351 804 1570 850 praestiterint.

1280 854 1300 901 ἓ
1321 856 1378 888 20.
1402 853 1615 899 Collegialiter
1642 862 1747 888 autem
1771 854 1911 889 viventes
1926 866 1980 889 seu

1233 917 1304 939 cum
1325 903 1546 938 claustralibus
1569 904 1756 944 habitantes,
1774 916 1809 939 ac
1833 904 1980 939 mulieres

1233 953 1416 1000 virginalem
1447 966 1501 988 seu
1529 954 1679 989 caelibem
1703 962 1757 988 aut
1791 964 1907 989 castam
1937 954 1984 988 vi-

1233 1004 1382 1044 dualem,
1405 1016 1556 1051 expresso
1585 1012 1654 1039 voto
1681 1012 1711 1038 et
1733 1004 1792 1038 sub
1819 1004 1904 1038 dicto
1927 1004 1984 1039 ba—

1234 1054 1312 1092 bitu,
1340 1053 1432 1088 vitam
1460 1053 1624 1094 ducentes,
1653 1053 1839 1099 privilegiis,
1866 1053 1984 1100 quibus

1235 1104 1344 1138 fratres
1358 1102 1501 1148 Ordinis,
1523 1104 1615 1138 cuius
1635 1102 1759 1138 Tertiae
1778 1103 1916 1150 Regulae
1933 1103 1985 1137 ba-

1234 1153 1335 1188 bitum
1362 1161 1497 1200 gestant,
1530 1153 1668 1200 gaudere
1696 1153 1841 1188 debeant.
1866 1152 1983 1188 Omnia

1235 1203 1329 1238 etiam
1357 1211 1387 1237 et
1422 1203 1545 1249 singula
1567 1202 1744 1250 supradicta
1779 1202 1817 1237 ad
1846 1202 1984 1250 reliquos

1236 1253 1401 1299 religiosos
1428 1252 1586 1288 Ordiuum
1623 1264 1901 1300 quorumcumque
1922 1264 1985 1287 ex—

1236 1304 1320 1338 tendi
1344 1311 1373 1338 et
1398 1315 1452 1350 per
1473 1315 1527 1338 eos
1541 1303 1632 1337 etiam
1656 1303 1770 1337 servari
1799 1302 1914 1337 debere
1929 1315 1986 1337 vo-

1237 1354 1342 1387 lumus
1360 1362 1453 1400 atque
1473 1353 1690 1393 decernimus;
1718 1353 1811 1387 salvis
1826 1352 1987 1397 tamen,in

1237 1403 1367 1450 reliquis
1394 1404 1529 1450 desuper
1557 1415 1617 1437 uon
1646 1402 1813 1450 expressis,
1835 1410 1897 1436 tam
1925 1402 1989 1449 epi·

1236 1465 1405 1500 scoporum
1433 1465 1525 1500 quam
1552 1452 1683 1487 fratrum
1707 1461 1735 1487 et
1757 1452 1889 1487 aliorum
1918 1452 1989 1487 reli-

1237 1503 1397 1548 giosorum
1436 1502 1667 1550 praedictorum
1693 1502 1840 1550 juribus,
1872 1501 1989 1549 quibus

1239 1566 1293 1601 per
1317 1553 1485 1600 praemissa
1509 1553 1539 1586 in
1563 1552 1670 1599 aliquo
1694 1551 1912 1599 praeiudicare
1933 1563 1988 1587 seu

1237 1603 1409 1650 quidquam
1435 1603 1584 1638 innovare
1612 1615 1673 1637 non
1703 1602 1909 1637 intendimus.

1286 1653 1378 1700 §2¹-
1402 1652 1470 1687 Non
1488 1652 1687 1688 obstantibus
1706 1651 1989 1687 constitutionibus

1238 1711 1268 1739 et
1291 1702 1544 1737 ordinationibus
1563 1702 1742 1750 apostolicis
1764 1715 1800 1737 ac
1819 1701 1944 1737 statutis
1959 1709 1990 1737 et

1238 1753 1520 1787 consuetudinibus
1543 1752 1698 1787 dictorum
1719 1751 1889 1795 Ordinum,
1905 1751 1989 1786 iura-

1239 1811 1358 1847 mento,
1381 1803 1620 1837 confirmatione
1647 1802 1817 1849 apostolica
1846 1801 1892 1836 vel
1915 1813 1988 1848 qua-

1239 1853 1285 1887 vis
1301 1853 1359 1887 alia
1376 1852 1521 1886 firmitate
1546 1852 1711 1896 roboratis,
1727 1851 1901 1899 privilegiis
1917 1862 1993 1898 quo-

1239 1915 1302 1950 que
1325 1912 1353 1937 et
1370 1902 1502 1937 indultis
1515 1914 1551 1936 ac
1567 1902 1664 1936 literis
1679 1901 1872 1950 apostolicis,
1885 1910 1992 1936 contra

1240 1953 1411 2000 praemissa
1434 1965 1489 1987 seu
1514 1951 1639 1999 aliquod
1665 1951 1994 1998 praemissorum.eis·

1240 2005 1312 2037 dem
1335 2002 1513 2038 Ordinibus
1535 2002 1706 2042 concessis,
1734 2003 1829 2036 etiam
1857 2001 1887 2035 in
1915 2000 1993 2036 Mari

1240 2052 1355 2100 Magno
1378 2053 1551 2092 contentis;
1574 2052 1689 2099 quibus
1711 2052 1814 2095 (etiam
1837 2051 1863 2086 si
1886 2050 1925 2086 ad
1945 2051 1995 2086 ‚il-

1240 2107 1343 2141 lorum
1359 2106 1610 2153 derogationem,
1623 2106 1661 2140 de
1676 2106 1721 2140 eis
1734 2117 1907 2152 eorumque
1922 2104 1994 2139 totis

1242 2161 1424 2203 tenoribus,
1452 2161 1612 2209 specialis,
1638 2160 1801 2208 specifica,
1828 2172 1993 2208 expressa,

1242 2215 1404 2251 individua
1427 2228 1463 2252 ac
1491 2216 1530 2251 de
1557 2215 1652 2251 verbo
1684 2214 1722 2250 ad
1753 2215 1907 2255 verbum,
1931 2226 1992 2249 non

1242 2278 1347 2306 autem
1376 2283 1430 2318 per
1457 2270 1613 2306 clausulas
1635 2270 1798 2317 generales
1822 2269 1902 2304 idem
1932 2269 1995 2304 im-

1244 2334 1421 2372 portantes,
1449 2325 1566 2360 mentio
1593 2336 1648 2359 seu
1684 2324 1812 2371 quaeris
1845 2323 1903 2359 alia
1937 2336 1995 2359 ex-

1244 2380 1364 2426 pressio
1387 2379 1544 2424 babenda,
1559 2389 1612 2414 aut
1634 2378 1738 2426 aliqua
1760 2379 1817 2413 alia
1840 2378 1995 2426 exquisita

1244 2434 1343 2468 forma
1371 2433 1522 2469 servanda
1545 2442 1640 2477 essct,
1664 2433 1854 2480 illorumque
1873 2441 1995 2468 tenores

1246 2488 1466 2533 praesentibus
1495 2501 1550 2535 pro
1572 2488 1766 2523 sufficienter
1793 2487 1950 2535 expressis
1965 2495 1996 2521 et

1247 2542 1371 2577 insertis
1399 2543 1565 2587 babentes)
1587 2542 1764 2590 specialiter
1790 2550 1817 2576 et
1845 2553 1995 2589 expresse

1247 2595 1448 2644 derogamus,
1471 2597 1664 2645 caeterisque
1683 2596 1848 2632 contrariis
1862 2596 1996 2644 quibus·-

1247 2664 1397 2698 cumque.
1422 2652 1637 2688 Decernentes
1659 2661 1711 2686 etc.

1994 255 2044 281 An.
2059 251 2090 279 C.
2109 251 2178 279 ¹516

2009 858 2085 886 Seenr,
2095 859 2111 880 ti
2123 858 2182 881 cln-

1997 891 2091 913 utntiter
2101 891 2181 917 vium,

1998 925 2036 944 etc.

2039 1660 2152 1686 nerogauo

2018 1692 2178 1714 commitit-um.

2259 295 2273 345 l

2252 349 2273 505 ἓ
