2281 3251
1676 289 1745 322 809

656 436 875 512 INDEX
929 430 1401 509 RUBRICARUM

509 1090 701 1126 EUGENIUS
726 1089 772 1122 IV.

267 1190 289 1222 l.
308 1187 398 1227 Quod
408 1187 438 1221 S.
462 1187 497 1219 R.
521 1186 553 1218 E.
577 1183 766 1221 cardinales,
786 1181 816 1213 in
833 1178 1019 1212 consistorio

356 1240 478 1269 secreto
513 1231 715 1277 pronunciati
731 1257 737 1267 ,
776 1239 838 1261 non
874 1228 1021 1260 dicantur

356 1284 453 1317 creati
469 1281 658 1319 cardinales,
668 1288 836 1322 quousque
848 1275 1021 1308 cardinala-

357 1340 407 1366 tus
427 1331 562 1374 insignia
583 1340 646 1362 non
662 1327 872 1370 susceperint,
898 1335 956 1356 nec
971 1335 1023 1356 vo-

359 1388 426 1415 tum
439 1380 577 1413 habeant
592 1379 624 1410 in
635 1376 781 1419 eligendo
798 1376 930 1408 Summo
943 1373 1023 1405 Pon-

358 1430 455 1469 tifice,
478 1434 532 1462 aut
551 1427 612 1461 alio
633 1431 718 1463 actu,
740 1433 909 1467 quousque
926 1421 1023 1454 licen-

360 1480 435 1513 tiam
445 1474 747 1512 SummusPontifex
756 1472 799 1505 eis
807 1471 1020 1514 impertiatur,

358 1540 434 1573 pay.
462 1528 493 1561 2.

272 1579 308 1611 11.
331 1578 420 1617 Quod
437 1575 641 1619 congregatio
662 1573 894 1606 monachorum
911 1570 948 1601 dc
965 1568 1025 1602 Ob-

361 1626 517 1660 servantia
535 1625 566 1658 S.
589 1623 739 1661 Iustinae,
761 1619 886 1655 Ordinis
911 1619 941 1651 S.
968 1618 1025 1650 Be-

362 1675 492 1715 nedicti,
514 1683 739 1717 quaecumque
765 1671 864 1711 tegata
885 1667 937 1711 pia
957 1666 1025 1699 eius

365 1722 567 1757 monasteriis
582 1727 612 1755 et
630 1721 720 1755 locis.
739 1718 882 1762 quamvis
897 1726 961 1749 non
977 1726 1026 1747 cx-

365 1772 493 1817 pressis,
511 1773 592 1805 facta
608 1774 786 1813 acceptare,
800 1772 827 1800 et
844 1766 882 1799 ad
900 1776 935 1798 ea
952 1775 1027 1797 con-

365 1822 565 1866 sequendum
583 1823 807 1863 procuratores
819 1814 1024 1852 constituere,

365 1877 396 1904 et
420 1872 506 1904 iuxta
517 1868 648 1913 capituli
668 1865 825 1909 generalis
841 1869 868 1896 ct
888 1862 1027 1895 visitato-

366 1932 438 1954 rum
455 1919 611 1952 iudicium
632 1915 821 1949 distribuere
843 1912 951 1956 possit,
973 1910 1003 1944 3.

278 1970 328 2003 ΙΙΙ.
347 1968 523 2003 Declaratio
539 1972 570 2000 ct
581 1964 733 2007 mitigatio
745 1962 883 2005 [tegulae
896 1962 1029 1993 fratrum

368 2019 402 2052 B.
425 2017 539 2051 Mariae.
560 2016 598 2048 de
618 2015 721 2047 Monte
741 2011 899 2049 Carmelo‚
917 2009 956 2041 ab
971 2009 1031 2041 Ho-

369 2067 460 2100 norio
480 2066 519 2099 Ill
539 2066 694 2097 hactenus
713 2060 919 2104 approbatae,
936 2058 966 2089 4.

282 2118 328 2151 lv.
352 2117 473 2150 Statuta
494 2119 524 2147 et
548 2110 764 2145 ordinationes
789 2120 806 2140 a
830 2108 916 2140 clero
940 2105 1032 2139 Urbis

371 2166 403 2197 in
429 2161 566 2208 publicis
585 2157 840 2193 solemnitatibus
863 2154 1030 2190 servanda,

372 2213 497 2256 aliaque
518 2211 603 2244 circa
614 2208 756 2241 eiusdem
774 2204 1032 2238 resin-mationem

373 2268 401 2296 et
422 2259 615 2305 gubernium
637 2255 790 2291 decernit,
813 2254 842 2287 6.

285 2314 318 2345 Y.
342 2309 546 2353 Privilegium
573 2306 743 2340 curialium
764 2304 826 2336 sive
850 2301 1034 2335 officialium

374 2359 464 2394 Sedis
490 2356 690 2401 Apostolicae
715 2352 876 2396 obsequiis
900 2351 1035 2384 existen-

375 2410 468 2448 tium,
482 2407 685 2447 aliorumque
698 2414 756 2447 pro
768 2411 880 2435 eorum
897 2399 1038 2439 negociis

1146 1083 1177 1116 S.
1200 1081 1374 1120 Benedicti,
1396 1090 1469 1113 cum
1490 1077 1702 1111 declaratione
1722 1075 1807 1109 circa

1147 1130 1276 1174 capituli
1297 1129 1455 1173 generalis
1470 1127 1729 1162 celebrationem,
1755 1125 1808 1158 de-

1149 1179 1377 1220 finitorumque
1408 1187 1444 1209 ac
1475 1176 1686 1214 visitatorum,
1713 1174 1807 1207 abba-

1148 1231 1216 1259 tum
1241 1233 1268 1259 et
1287 1227 1430 1270 priorum
1448 1225 1636 1257 electionem
1654 1229 1684 1255 et
1703 1227 1809 1255 aucto-

1150 1275 1287 1313 ritatem,
1315 1274 1366 1306 Μ.

1150 1323 1240 1361 Quod
1268 1322 1414 1354 festivitas
1440 1319 1635 1354 Sanctissimi
1662 1318 1810 1361 Corporis

1150 1371 1264 1404 Christi
1291 1371 1383 1403 etiam
1412 1370 1444 1402 in
1471 1375 1578 1402 octava
1612 1367 1808 1405 celebretur,

1151 1420 1320 1463 duplicatis
1340 1417 1546 1461 indulgentiis
1557 1428 1574 1449 a
1586 1416 1810 1460 praedecesso-

1151 1468 1240 1501 ribus
1258 1467 1466 1501 Pontificibus
1481 1465 1651 1504 concessis,
1674 1465 1726 1497 14.

1065 1519 1137 1551 vill.
1167 1517 1381 1551 AEmoniensis
1400 1515 1539 1549 Ecclesia
1558 1513 1744 1547 Parentinae
1775 1524 1812 1545 u-

1153 1567 1251 1606 nitur,
1274 1566 1326 1599 115.

1065 1615 1114 1649 IX.
1137 1616 1252 1649 Contra
1273 1614 1464 1647 simoniacae
1482 1612 1641 1657 pravitatis
1657 1622 1740 1650 reos,
1758 1621 1811 1644 eo—

1154 1674 1291 1706 rumque
1312 1662 1515 1701 mediatores,
1537 1660 1589 1694 216.

1067 1714 1101 1746 X.
1132 1711 1301 1755 Ampliatio
1323 1710 1436 1743 indulti
1461 1721 1478 1742 a
1503 1702 1712 1751 Gregorio'lX
1737 1717 1813 1739 con-

1156 1761 1233 1793 cessi
1250 1761 1364 1792 Eremo
1380 1757 1627 1793 Camaldulensi,
1645 1756 1816 1788 monacho-

1155 1820 1227 1842 rum
1248 1808 1373 1841 Ordinis
1393 1807 1423 1840 S.
1447 1806 1619 1845 Benedicti,
1641 1803 1816 1846 recipiendi

1156 1858 1321 1900 religiosos
1341 1857 1476 1890 aliorum
1499 1855 1666 1892 Ordiuum,
1689 1852 1740 1886 117.

1069 1909 1119 1941 XI.
1142 1907 1265 1940 Erectio
1286 1905 1438 1939 ecclesiae
1458 1904 1671 1941 Cornctanae,
1694 1901 1725 1933 in
1747 1911 1819 1944 pro-

1157 1956 1259 1988 vincia
1279 1955 1435 1993 Etruriae,
1459 1964 1532 1985 cum
1554 1950 1735 1995 privilegiis,
1749 1960 1818 1992 gra-

1160 2006 1210 2038 tiis
1230 2010 1257 2038 et
1280 2003 1422 2042 indultis,
1446 2002 1497 2035 ¹18.

1073 2055 1134 2087 XII.
1158 2054 1238 2087 [nio
1258 2052 1432 2096 Nepesinae
1452 2056 1480 2082 et
1502 2048 1648 2082 Sutrinae
1669 2047 1818 2080 ccclesia-

1161 2114 1245 2139 rum,
1263 2112 1345 2144 quae
1361 2100 1417 2132 uni
1428 2099 1596 2140 eidemque
1607 2096 1821 2129 subiiciuntur

1162 2152 1325 2195 episcopo,
1348 2150 1400 2183 ΞΟ.

1076 2206 1151 2239 Xlll.
1174 2204 1339 2246 Privilegia
1359 2208 1389 2236 et.
1413 2201 1530 2244 gratiae
1551 2211 1585 2232 ac
1607 2198 1822 2242 exemptiones

1167 2255 1420 2299 etwne'rcgationss
1440 2254 1471 2287 S.
1493 2253 1629 2285 Iustinae
1655 2252 1692 2284 de
1709 2250 1822 2283 Obser-

1164 2311 1277 2347 rantia,
1300 2309 1532 2342 monachorum
1562 2305 1687 2338 Ordinis
1707 2304 1736 2335 S.
1766 2303 1822 2335 Be-

1165 2365 1293 2401 nedicti,
1316 2363 1368 2396 21.

1209 2417 1432 2460 Excmptiones
1451 2414 1488 2446 de
1505 2413 1621 2456 quibus
1637 2422 1731 2454 supra
1743 2436 1750 2449 ‚
1769 2410 1820 2442 26.

1064 1324 1122 1356 ΥΠ.

376 2458 414 2490 ad
443 2456 590 2490 eamdem
618 2453 731 2486 Sedem
761 2448 977 2486 venientium,
1009 2452 1037 2479 ct
1094 2475 1100 2480 .
1135 2474 1142 2478 .
1233 2472 1237 2476 .
1281 2471 1286 2475 .
1325 2469 1330 2474 .
1595 2465 1600 2470 .
1653 2464 1658 2469 .

1078 2474 1153 2507 Mt.
1177 2471 1353 2505 lurisdictio
1369 2473 1397 2501 et
1415 2467 1578 2500 facultates
1595 2465 1735 2497 iudicum
1753 2473 1827 2494 con-

376 2505 461 2550 apud
486 2514 556 2537 eam
582 2499 869 2535 commorantium,
892 2502 945 2529 aut
967 2495 1038 2528 inde

378 2552 608 2590 recedentium,
627 2560 666 2582 ne
683 2548 809 2581 interim
826 2552 912 2579 extra
926 2545 1040 2578 Roma-

381 2614 455 2636 nam
474 2601 603 2636 Curiam
624 2597 865 2631 conveniantur,
888 2594 940 2627 210.

293 2656 339 2687 vt.
363 2650 557 2697 Approbatio
573 2645 827 2690 congregationis
851 2644 881 2677 S.
904 2642 1041 2675 Iustinae

382 2702 420 2734 de
439 2697 641 2734 observantia
661 2695 894 2729 monachorum
917 2690 1043 2724 Ordinis

374 2750 447 2780 Ball.
468 2749 543 2778 Itoni.
574 2747 626 2775 l'ol.
651 2745 679 2775 V.
829 2741 884 2772 102

1168 2530 1362 2558 servatorum
1400 2527 1680 2563 quarumcumque
1723 2515 1825 2547 litium

1170 2575 1423 2621 congregationis
1450 2571 1662 2607 Cassinensis,
1693 2570 1769 2602 alias
1793 2569 1823 2601 S.

1171 2632 1306 2665 Iustinae
1322 2630 1359 2661 de
1380 2628 1498 2665 Padua,
1521 2624 1753 2658 monachorum
1773 2620 1828 2654 Or·

1172 2685 1253 2719 dinis
1273 2684 1302 2717 S.
1322 2680 1494 2719 Benedicti,
1516 2678 1568 2712 27.
