2281 3251
92 292 140 320 An.
156 291 186 320 C.
205 291 272 319 ¹516

286 344 315 379 in
343 351 413 378 octo
435 341 610 386 mensibus,
633 340 686 376 illo
708 353 802 386 anno,
824 341 862 376 ad
885 340 1027 376 collatio—

285 405 356 429 nem
383 404 492 427 eorum
520 403 556 426 ac
592 391 871 438 praesentationem
899 391 1026 426 liberam

284 441 508 491 spectantibus.

332 492 352 539 S
376 494 431 526 14.
455 491 631 526 Statuimus
650 502 775 538 quoque
796 498 825 525 ct
845 490 1028 525 ordinamus

957 286 1019 309 LEO
1045 287 1064 308 Χ
1086 286 1134 308 PP.

1696 271 1758 305 671

1071 347 1151 374 tenta
1176 352 1230 386 per
1257 351 1310 374 eos
1338 338 1489 373 beneficia
1518 337 1652 372 retinere
1676 335 1813 383 possint,

1070 389 1135 424 fieri
1160 389 1349 435 contigerit,
1377 387 1500 422 illorum
1537 386 1658 422 fructus
1695 385 1790 419 annui
1807 413 1815 425 ,

1071 451 1126 487 per
1152 438 1286 474 florenos
1313 445 1366 474 aut
1393 437 1522 472 ducatos
1540 436 1605 471 auri
1628 435 1668 470 de
1684 435 1815 469 Camera

1069 497 1122 524 aut
1149 489 1244 524 libras
1268 498 1413 524 turonen.
1436 499 1491 522 seu
1511 486 1638 521 alterius
1660 493 1816 529 monetae,

1829 282 1921 309 Amc.
1942 282 2007 308 t516

1071 538 1166 579 valor,
1194 538 1367 573 secundum
1401 548 1603 572 communem
1635 534 1817 570 extimatio-

1072 601 1155 629 nem,
1168 588 1298 635 exprimi
1313 587 1436 627 debeat,
1452 586 1587 634 alioquin
1601 585 1716 632 gratiae
1733 584 1817 631 ipsae

1071 638 1132 673 sint
1154 638 1221 684 ipso
1244 638 1310 672 iure
1334 637 1447 672 nullae.

1120 688 1140 735 S
1163 690 1215 722 16.
1238 686 1414 722 Statuimus
1436 697 1562 733 quoque
1583 693 1613 720 et
1634 684 1817 719 ordinamus
1850 694 1884 730 no⁸
1901 695 1970 715 causi»
1994 694 2014 715 tn

1072 737 1170 784 quod,
1195 737 1224 771 in
1254 749 1367 783 regno,
1390 735 1581 783 Delpliinatu
1604 742 1633 769 et
1666 733 1816 769 comitatu
1832 726 1925 753 ⁹³¹¹¹b¹¹⁵
1948 724 2016 746 ‘nn'

1833 762 1910 779 ctaeco
1942 762 2016 778 088811·

1073 786 1253 833 praedictis,
1275 798 1385 821 omnes
1408 794 1436 820 et
1459 785 1599 831 singulae
1621 796 1744 823 causac,
1768 795 1817 818 ex·
1832 789 1863 809 ‘1³⁵
1896 763 2015 808 ‘fumum

103 549 131 571 De
147 548 215 570 literis
229 547 270 569 ¹²·-
284 541 367 589 quod
380 540 510 589 quilibet
527 540 688 576 Romanus
706 540 812 585 Pont.,
825 541 920 576 semel
936 539 1028 574 dum-

90 581 179 634 },fndffi
195 579 271 637 (mm-
285 599 368 626 taxat
394 600 536 638 tempore
557 591 605 625 sui
630 590 849 637 pontificatus,
872 590 976 625 literas
998 590 1027 623 in

284 640 382 676 forma
405 640 556 685 mandati,
579 640 662 674 iuxta
686 639 814 674 sormam
836 639 965 674 inferius
979 639 1030 673 ad-

284 698 443 733 notatam,
471 699 500 725 et
524 702 584 725 non
619 690 709 734 ultra,
732 689 805 724 dare
828 690 947 736 possit,
970 689 1029 724 hoc

284 740 379 775 modo
400 740 558 775 videlicet:
589 751 685 774 unum
709 739 888 774 collatorem
915 738 1031 773 haben-

284 798 345 825 tem
368 790 564 825 collationem
594 789 703 824 decem
726 788 969 827 beneficiorum,
999 788 1028 821 in
1927 818 1931 822 ,
1962 819 1966 822 ,

1832 818 2016 846 appellationibus,

103 2253 133 2276 ne
161 2258 212 2276 vero
238 2260 275 2275 va·

90 2286 135 2308 tore
152 2286 275 2314 exprimen-

93 2318 118 2339 ιὶο
132 2317 175 2345 (2);

284 852 359 880 uno3
383 840 550 875 habentem
582 847 685 874 autem
713 838 910 874 collationem
938 837 1031 884 quin-

284 890 431 937 quaginta
448 888 676 924 beneficiorum
692 896 721 922 et
737 888 830 931 ultra,
854 888 884 921 in
908 887 1031 921 duobus

285 939 446 974 beneficiis
485 938 645 973 dumtaxat
678 950 804 984 gravare
840 937 959 984 possit,
991 936 1030 970 ita

285 997 390 1024 tamen
413 987 499 1035 quod
523 989 552 1022 in
575 988 683 1022 eadem
713 986 843 1022 ecclesia
863 985 1030 1021 cathedrali

283 1039 332 1074 vel
355 1037 516 1085 collegiata
543 1038 724 1072 collatorem
753 1048 849 1071 unum
877 1047 931 1082 pro
959 1043 1033 1070 tem-

285 1099 361 1135 pore
397 1087 428 1122 in
454 1087 576 1122 duabus
604 1085 790 1134 praebendis
825 1098 887 1120 non
915 1092 1030 1132 gravet.

284 1138 348 1179 Et,
371 1145 404 1172 ut
431 1137 575 1172 obvietur
598 1136 729 1180 litibus,
752 1147 831 1182 quae
867 1135 1032 1169 occasione

285 1187 446 1223 literarum
483 1187 703 1222 mandatorum
731 1184 916 1219 huiusmodi
957 1183 1030 1218 oriri

286 1245 430 1284 possent,
452 1237 595 1271 mandata
623 1234 829 1274 huiusmodi,
852 1233 911 1268 sub
934 1233 1033 1268 forma

286 1298 366 1334 quae
387 1293 434 1320 est
457 1285 586 1320 inferius
608 1285 765 1328 adnotata,
788 1283 853 1318 dari
876 1282 1033 1327 volumus,

286 1347 391 1382 quam,
414 1335 452 1369 ad
476 1343 657 1382 perpetuam
692 1334 737 1368 rei
778 1333 973 1371 memoriam,
1002 1333 1031 1367 in

286 1383 480 1420 Cancellaria
501 1384 683 1431 Apostolica
712 1382 876 1430 publicari,
900 1390 930 1417 et
951 1382 1034 1417 illius

285 1435 455 1482 quinterno
494 1434 653 1480 registrari
692 1432 892 1467 mandamus.
920 1432 1034 1466 Decla-

285 1491 391 1519 rantes
423 1491 650 1531 prosequentes
673 1481 853 1517 huiusmodi
878 1481 1034 1522 mandata,

286 1532 390 1581 quoad
424 1532 576 1567 beneficia
607 1531 666 1567 sub
701 1532 761 1566 illis
794 1531 1034 1578 comprehensa,

287 1582 454 1618 ordinariis
486 1581 692 1617 collatoribus
714 1589 743 1616 et
765 1580 924 1626 graduatis
957 1581 1034 1614 sim-

287 1632 424 1680 plicibus
451 1639 482 1666 et
514 1631 683 1666 nominatis
710 1629 932 1678 praeferendos
954 1642 1035 1671 esse3

287 1694 409 1729 nosque
436 1690 465 1716 et
487 1693 686 1716 successores
710 1688 844 1724 nostros,
867 1692 932 1713 ture
950 1692 1036 1726 prae-

289 1730 456 1771 ventionis,
479 1730 657 1777 dignitates,
681 1737 877 1777 personatus,
900 1729 1036 1764 admini-

287 1782 457 1816 strationes
478 1790 507 1815 et
529 1780 628 1816 officia
662 1789 847 1827 caeteraque
884 1778 1036 1814 beneficia

288 1830 498 1866 ecclesiast1ca
526 1839 555 1865 et
584 1830 753 1865 saecularia
788 1838 817 1864 et
853 1830 1037 1876 quorumvis

288 1880 445 1915 Ordinum
474 1880 639 1927 regularia,
661 1891 881 1927 quaecumque
903 1888 933 1913 et
955 1891 1037 1926 quo-

287 1930 522 1977 modocumque
537 1929 725 1977 qualificata,
743 1938 803 1964 tam
827 1931 856 1963 in
873 1930 1036 1963 mensibus

287 1980 446 2026 graduatis
467 1980 665 2027 simplicibus
688 1988 717 2014 et
740 1979 921 2022 nominatis,
943 1991 1035 2026 qnam

287 2034 458 2069 ordinariis
480 2034 681 2070 collatoribus
704 2034 850 2081 praefatis
872 2034 1038 2080 assignatis

287 2092 452 2133 vacantia,
488 2103 524 2127 ac
557 2091 651 2126 etiam
686 2091 743 2125 sub
771 2089 863 2125 dictis
885 2090 1038 2125 mandatis

288 2146 515 2194 comprehensa
540 2146 636 2181 libere
663 2145 815 2180 conferre.

337 2205 352 2245 ξ
376 2203 431 2236 15.
455 2200 634 2236 Statuimus
662 2201 791 2247 insuper
814 2200 898 2247 quod
919 2200 949 2234 in
966 2212 1038 2246 pro-

289 2256 491 2302 visionibus,
518 2267 595 2303 quas
633 2255 773 2302 personis
800 2254 966 2302 quibusvis
1001 2255 1039 2289 de

289 2309 450 2346 beneficiis
473 2310 656 2346 vacantibus
683 2322 738 2344 scu
761 2317 845 2344 certo
868 2309 962 2344 modo
985 2321 1040 2344 va—

289 2366 417 2408 caturis,
432 2378 486 2413 per
509 2377 565 2400 nos
584 2373 615 2400 et
636 2376 837 2400 successores
860 2372 983 2398 nostros
1006 2376 1040 2398 ac

290 2420 405 2457 Sedem
429 2421 635 2469 praedictam,
663 2421 756 2456 etiam
785 2427 870 2454 motu
901 2419 1040 2467 proprio,

290 2476 384 2512 etiam
411 2476 565 2524 promotis
591 2476 629 2511 ad
665 2475 813 2511 ecclesias
845 2473 1040 2509 cathedrales

291 2539 322 2568 et
343 2531 601 2579 metropolitanas
635 2543 671 2566 ac
703 2530 904 2576 monasteria,
928 2538 961 2565 ut
982 2530 1042 2565 oh-

329 2608 368 2645 (¹)
383 2610 477 2637 Forma
493 2608 556 2635 dicti
575 2607 691 2635 mandati
710 2615 771 2634 mox
798 2607 863 2634 infra
887 2608 1004 2643 ponitur.

332 2652 371 2688 (ἢ)
388 2653 427 2680 Ad
442 2652 493 2680 hoc
509 2652 570 2679 vide
586 2652 788 2680 declarationem
804 2651 845 2679 hic
861 2653 887 2679 in
904 2652 954 2680 fine
965 2652 1044 2680 huius

295 2697 403 2727 ultimae
418 2698 623 2727 constitutionis.

1073 836 1174 882 ceptis
1196 836 1368 871 maioribus
1396 835 1425 869 in
1456 834 1522 869 iure
1544 846 1691 881 expresse
1719 833 1818 868 deno-

1074 886 1211 929 minatis,
1234 885 1317 932 apud
1353 885 1421 919 illos
1444 884 1564 918 iudices
1592 885 1622 918 in
1651 883 1793 930 partibus
1810 911 1818 923 ,

1072 935 1138 982 qui,
1153 934 1191 970 de
1209 935 1274 969 iure
1296 943 1348 969 aut
1374 933 1604 969 consuetudine
1627 933 1818 980 praescripta

1074 984 1119 1018 vel
1134 984 1313 1031 privilegio,
1329 984 1450 1018 illarum
1466 983 1675 1029 coguitionem
1692 982 1818 1023 habent,

1075 1034 1233 1068 terminari
1267 1042 1297 1068 et
1333 1034 1413 1068 finiri
1448 1033 1592 1067 debeant.
1622 1032 1661 1066 Et
1689 1044 1737 1073 ne,
1761 1032 1820 1067 sub

1074 1083 1185 1118 umbra
1220 1083 1493 1130 appellationum,
1516 1094 1596 1128 quae
1631 1082 1761 1116 nimium
1790 1090 1822 1116 et

1075 1145 1314 1180 nonnumquam
1349 1132 1476 1167 frivolae
1504 1131 1658 1178 interponi
1687 1143 1821 1166 consue—

1074 1191 1206 1223 verunt,
1229 1190 1321 1229 atque
1355 1182 1446 1216 etiam
1476 1181 1505 1215 in
1528 1181 1636 1216 eadem
1665 1181 1822 1225 instantia,

1075 1232 1111 1266 ad
1142 1232 1394 1279 prorogationem
1417 1231 1532 1275 litium,
1548 1243 1640 1278 saepe
1663 1231 1822 1278 multipli-

1075 1281 1151 1321 cari,
1178 1281 1302 1316 iniustis
1324 1280 1542 1316 vexationibus
1576 1281 1702 1316 materia
1732 1293 1823 1326 prae-

1076 1331 1201 1372 beatur3
1235 1331 1381 1366 volumus
1413 1330 1497 1378 quod
1512 1357 1521 1374 ,
1543 1330 1568 1364 si
1593 1331 1665 1377 quis
1687 1329 1824 1365 offensus

1077 1393 1181 1415 coram
1195 1393 1253 1415 suo
1268 1381 1371 1415 iudice
1393 1380 1529 1415 iustitiae
1556 1381 1822 1427 complementum

1078 1430 1192 1465 babere
1228 1443 1290 1464 non
1328 1430 1437 1477 possit,
1465 1429 1504 1464 ad
1532 1429 1746 1464 immediatum
1769 1442 1825 1464 su-

1078 1480 1231 1526 periorem
1250 1507 1257 1519 ,
1285 1480 1377 1514 etiam
1413 1479 1450 1514 ad
1480 1491 1536 1513 nos
1563 1487 1593 1513 et
1626 1491 1825 1514 successores

1077 1537 1200 1563 nostros
1233 1529 1280 1563 vel
1314 1528 1429 1564 Sedem
1468 1528 1676 1575 praedictam,
1707 1530 1825 1563 omisso

1077 1578 1194 1619 medi03
1222 1590 1280 1613 nec
1302 1590 1318 1613 a
1341 1579 1542 1624 gravamine,
1570 1577 1601 1611 in
1623 1590 1825 1625 quacumque

1078 1628 1236 1668 instantia,
1251 1636 1322 1663 ante
1337 1628 1527 1662 definitivam
1542 1629 1730 1662 sententiam
1746 1641 1826 1675 quo-

1078 1677 1250 1713 modolibet
1282 1678 1477 1725 appelletur,
1511 1677 1569 1711 nisi
1608 1677 1736 1712 forsitan
1769 1677 1826 1712 tale

1077 1739 1244 1774 gravamen
1267 1728 1416 1767 extiterit,
1436 1727 1518 1774 quod
1544 1727 1574 1760 in
1597 1726 1754 1761 definitiva
1776 1739 1827 1762 re-

1078 1779 1177 1824 parari
1214 1778 1368 1824 nequirem
1395 1785 1443 1821 et,
1465 1789 1501 1811 eo
1525 1788 1610 1821 casu,
1640 1777 1763 1812 nonnisi
1788 1776 1826 1811 ad

1079 1826 1295 1861 immediatum
1319 1827 1515 1874 superiorem
1539 1826 1629 1861 liceat
1662 1826 1823 1874 appellari.

1078 1876 1111 1911 Si
1145 1877 1215 1923 quis
1247 1888 1318 1911 vero
1347 1877 1527 1911 immediate
1563 1876 1724 1911 subiectus
1751 1875 1826 1911 Sedi

1078 1926 1278 1974 Apostolicae
1307 1926 1344 1961 ad
1380 1927 1524 1961 camdem
1559 1925 1674 1960 Sedem
1703 1926 1828 1961 duxerit

1078 1976 1314 2023 appellandum,
1338 1989 1430 2012 causa
1454 1978 1668 2011 committatur
1696 1977 1725 2010 in
1750 1988 1827 2022 par-

1081 2027 1163 2062 tibus
1177 2039 1232 2073 per
1250 2028 1434 2074 rescriptum
1460 2039 1560 2074 usque
1583 2026 1619 2060 ad
1643 2026 1736 2061 finem
1754 2027 1827 2067 litis,

1080 2077 1226 2113 videlicet
1250 2090 1347 2124 usque
1361 2078 1399 2112 ad
1415 2078 1537 2112 tertiam
1556 2077 1743 2112 sententiam
1758 2088 1828 2111 con-

1081 2133 1210 2169 formem
1229 2133 1391 2173 inclusive;
1410 2133 1435 2167 si
1458 2132 1496 2167 ab
1519 2131 1578 2166 illis
1593 2131 1741 2179 appellari
1757 2143 1829 2166 con-

1083 2189 1198 2235 tigerit,
1226 2189 1286 2223 nisi
1316 2196 1442 2235 propter
1464 2187 1623 2221 desectum
1658 2186 1829 2233 denegatae

1081 2243 1215 2278 iustitiae
1237 2251 1291 2277 aut
1313 2243 1427 2276 iustum
1452 2249 1582 2282 metum,
1604 2249 1634 2276 et
1658 2249 1731 2275 tunc
1745 2253 1829 2275 com-

1081 2297 1161 2332 mitti
1184 2297 1294 2333 debeat
1310 2298 1339 2331 iu
1358 2296 1500 2345 partibus
1523 2295 1697 2331 convicinis
1711 2303 1828 2330 etcum

1081 2365 1245 2388 causarum
1266 2352 1479 2400 expressione,
1496 2363 1574 2398 quae
1590 2350 1684 2385 etiam
1701 2350 1739 2385 de
1756 2349 1828 2391 illis,

1081 2408 1174 2443 etiam
1191 2408 1341 2454 legitime,
1355 2407 1431 2441 alias
1445 2418 1537 2453 quam
1549 2417 1602 2453 per
1619 2405 1827 2439 iuramentum

1082 2475 1185 2498 coram
1216 2462 1374 2497 iudicibus
1409 2473 1424 2494 a
1452 2459 1535 2494 Sede
1564 2459 1745 2507 Apostolica
1771 2458 1829 2493 de-

1082 2518 1230 2565 putandis
1258 2525 1402 2552 constare
1429 2514 1551 2549 debeat.
1579 2513 1753 2549 Processus
1771 2526 1829 2548 au-

1083 2580 1144 2607 tem
1163 2580 1268 2607 contra
1286 2570 1455 2618 praemissa
1477 2576 1661 2612 attentates,
1682 2568 1786 2603 nullos
1799 2576 1830 2603 et

1084 2627 1188 2661 irritos
1215 2638 1283 2661 esse
1306 2625 1464 2664 volumus,
1484 2635 1518 2658 ac
1545 2622 1694 2670 rescripta
1721 2629 1828 2658 contra

1085 2681 1254 2730 praemissa
1272 2681 1483 2728 impetrantes,
1493 2677 1524 2713 in
1538 2675 1828 2726 expensis‚damnis
