2281 3251
253 278 303 306 An.
322 278 351 306 C.
372 279 439 306 Ηιὸδ

265 535 345 556 Thena
334 543 369 556 ura
373 537 403 556 rio
415 541 436 556 ot

253 567 305 587 clari
301 568 338 587 iris
361 574 436 588 nnme—

251 604 285 618 nr
289 599 313 619 iit
324 606 346 625 pr
350 606 367 619 tt·
359 600 421 626 τιςιΙο
417 606 435 620 ιι

252 637 304 651 rico·
295 633 339 652 ced·
344 636 356 651 t

506 269 572 302 118

451 335 563 383 quavis
577 335 773 376 auctoritate,
788 337 924 371 scienter
942 337 987 371 vel
1004 338 1194 382 ignoranter,

450 392 635 420 attentatum
672 385 775 421 forsan
814 396 859 421 est
895 386 1060 430 hactenus,
1088 387 1133 420 vel
1164 387 1193 420 in

452 444 612 482 posterum
636 436 799 482 contigerit
821 437 974 471 attentari.

498 485 518 532 g
545 487 577 519 8.
607 484 787 527 Praeterea,
812 494 843 519 ut
866 498 902 519 eo
927 486 1023 531 magis
1046 497 1078 519 se
1108 485 1197 519 nobis

450 543 478 568 et
502 534 701 581 Apostolicae
724 535 797 569 Sedi
820 535 995 569 (ἱειοιιοιθ5
1017 534 1195 574 exhibeant,

449 597 512 632 quo
546 596 583 619 ex
629 584 688 618 hoc
727 597 742 618 a
780 584 870 619 nobis
903 584 1124 631 conspexerint
1161 597 1195 619 se

450 634 622 668 maioribus
637 633 735 676 attolli
758 633 914 668 favoribus
937 642 967 668 ct
989 634 1109 680 gratiis
1134 634 1196 669 tlte

447 684 624 718 saurarium
663 692 692 718 ct
727 683 868 729 singulos
907 692 1026 731 septem
1063 684 1197 719 clericos

448 734 554 780 ipsos,
589 741 711 768 nostros
738 741 766 767 et
798 733 891 767 Sedis
926 733 1080 780 praefatae
1108 747 1197 769 veros

446 783 663 829 cappellanos,
689 794 725 817 ac
759 782 851 817 etiam
881 792 1006 818 nostros
1034 795 1122 818 veros
1149 784 1196 818 fa-

447 833 584 867 miliares
607 840 634 865 et
653 833 823 866 continuos
846 833 1078 868 commensales
1101 834 1196 869 fuisse

445 891 475 917 et
503 894 571 917 esse
601 882 711 916 barum
739 882 819 916 serie
842 883 1051 923 nunciamus;
1079 895 1196 931 eosque

444 931 532 974 taleS,
564 939 625 965 tam
655 932 684 966 in
713 933 913 967 assecutione
946 932 1195 977 beneficiorum,

443 982 503 1016 sul»
535 993 644 1015 eorum
673 982 877 1028 expectatixis
912 983 1019 1028 gratiis
1051 982 1109 1017 sibi
1140 996 1195 1030 pro

446 1040 586 1079 tempore
606 1031 764 1066 concessis
779 1044 873 1079 quam
889 1032 978 1076 alias,
998 1041 1195 1079 reputamus,

444 1094 479 1116 ac
513 1080 662 1115 omnibus
693 1089 723 1116 et
750 1082 885 1128 singulis
908 1083 969 1116 illis
997 1095 1124 1129 prorsus
1151 1085 1196 1118 si-

445 1130 572 1165 milibus
607 1130 790 1177 privilegiis,
823 1132 943 1178 gratiis,
978 1133 1196 1168 concessioni-

445 1182 514 1224 bus,
548 1179 805 1225 antelationibns,
835 1182 1080 1229 praerogativis,
1109 1183 1195 1217 favo-

445 1230 530 1265 ribus
557 1237 587 1264 et
615 1229 766 1269 indultis.
798 1231 914 1278 quibus
948 1231 997 1266 alii
1027 1232 1195 1268 familiares

445 1279 541 1315 nostri
576 1280 716 1315 continui
752 1281 983 1316 commensales
1012 1289 1144 1318 utuntur
1165 1290 1195 1317 et

443 1329 592 1375 gaudent,
614 1341 668 1364 seu
694 1331 737 1364 uti
761 1338 792 1365 et
819 1331 957 1378 gaudere
985 1339 1130 1379 poterunt
1164 1332 1194 1366 in

446 1380 597 1423 futurum,
621 1379 662 1414 uti
694 1380 809 1427 pariter
819 1359 866 1415 ²³et
888 1381 1026 1428 gaudere
1055 1383 1194 1429 potuisse

443 1437 536 1476 atque
560 1441 652 1476 posse
679 1438 708 1466 et
735 1430 864 1471 debere
886 1439 988 1471 motu
1009 1432 1195 1467 auctoritate

444 1488 473 1514 et
514 1479 644 1514 scientia
682 1481 888 1527 praemissis,
924 1481 1126 1516 decernimus
1165 1490 1195 1517 et

443 1530 534 1564 etiam
558 1528 767 1570 declaramus
792 1530 1001 1579 xolnmusque
1028 1539 1058 1567 et
1077 1544 1195 1567 conce-

442 1579 547 1614 dimus
570 1591 625 1626 per
652 1587 843 1626 praesentes.

491 1628 574 1663 Nulli
598 1641 673 1675 ergo
695 1638 747 1664 etc.

492 1678 606 1714 Datum
629 1678 750 1715 Romae
771 1680 854 1728 apud
877 1681 1030 1716 Sanctum
1051 1681 1194 1726 Petrum,

443 1742 525 1764 anno
553 1728 782 1765 lncarnationis
813 1730 991 1765 dominicae
1027 1731 1195 1767 millesimo

444 1779 757 1827 quadringentesimo
778 1780 1045 1828 quinquagesimo
1072 1783 1195 1837 quinto,

445 1838 553 1864 octavo
593 1829 663 1864 idus
703 1830 801 1870 maii
850 1831 1051 1878 pontificatus
1098 1832 1193 1866 nostri

443 1892 526 1913 anno
554 1880 666 1927 primo.

518 1937 580 1967 Dat.
600 1937 648 1968 die
666 1938 684 1968 8
707 1939 776 1969 maii
796 1939 884 1976 1455,
903 1943 981 1978 pont.
1005 1950 1080 1970 auno
1104 1949 1121 1970 t.

799 2069 836 2105 lt.

444 2143 629 2177 Sanctorum
651 2144 857 2188 consessorum
881 2145 1060 2189 pontificum
1085 2145 1198 2177 canoni

493 2195 638 2228 adscribit
671 2195 792 2227 beatum
823 2194 1019 2228 Osmundum
1045 2195 1196 2228 Saresbe-

494 2244 621 2277 rt'ensem
649 2246 706 2285 (Ι),
731 2244 763 2277 in
780 2245 898 2289 Anylt'a
919 2245 1102 2289 episcopum,
1129 2255 1197 2277 cum

494 2294 564 2337 sesti
577 2295 707 2327 eiusdem
730 2295 831 2328 sancti
851 2295 1047 2327 institutione.

445 2363 613 2394 Exordium.
631 2381 670 2386 —
691 2365 714 2394 t.
737 2364 879 2395 Narratio.
898 2383 937 2388 —
954 2366 981 2395 2.
1002 2366 1029 2396 S.
1052 2364 1196 2395 Ostnundi

486 2405 577 2440 origo.
613 2421 652 2426 —
686 2405 712 2435 3.
746 2405 906 2436 Ecclesiam
946 2406 1197 2436 Sarisberiensetn

486 2445 574 2475 dotat.
602 2461 641 2467 —-
662 2444 859 2475 Canonieatus
883 2451 910 2475 et
932 2446 1116 2484 praebendas
1136 2447 1197 2476 eri-

486 2486 536 2524 git.
563 2502 600 2507 —
632 2484 792 2523 Episcopus
823 2486 1050 2517 sarisberiensis
1080 2487 1196 2516 ordina-

485 2531 540 2556 tur.
558 2542 595 2548 --
615 2525 700 2555 Varia
720 2526 777 2555 edit
803 2527 913 2564 ingenii
932 2527 977 2556 sui
997 2531 1198 2557 monumenta.

485 2582 524 2588 —
559 2566 587 2596 4.
627 2564 696 2596 Eius
733 2566 865 2595 virtutes.
906 2583 944 2589 —
984 2567 1013 2597 5.
1047 2567 1198 2597 Miracula.

488 2623 525 2628 —
547 2607 574 2635 6.
599 2606 678 2635 Acta.
700 2623 739 2628 —
758 2606 784 2636 7.
805 2606 963 2645 Gregorius
983 2606 1016 2637 tx
1039 2617 1090 2647 pro
1113 2616 1200 2636 cano-

483 2655 522 2690 (Ι)
538 2655 696 2686 saris-beria,
713 2655 777 2681 atius
799 2656 991 2682 Sorviodunum
1014 2660 1039 2682 et
1061 2657 1199 2682 Scri-tortit-

447 2699 522 2723 num,
531 2698 600 2726 quae
607 2690 797 2722 attterSarmn,
808 2691 1045 2727 SalrsburyAnglis
1055 2691 1128 2728 est(n
1136 2713 1140 2718 .
1148 2692 1198 2727 τ.).

1037 283 1135 304 ”FUA
1142 282 1171 304 nt
1179 282 1222 305 CM
1245 282 1406 304 ROMANFM

1275 335 1424 365 nizatione
1446 334 1642 374 supplicatur.
1664 352 1703 359 -
1720 336 1747 366 8.
1770 335 1993 366 Processus.—

1275 380 1302 410 9.
1327 380 1370 410 Ad
1393 379 1566 418 Gregorium
1589 379 1637 410 Xll
1661 385 1690 410 et
1714 380 1870 411 Martinum
1894 380 1917 410 V
1945 390 1992 411 res

1277 425 1458 463 perducitur.
1480 442 1520 447 —
1539 425 1584 456 10.
1602 425 1854 456 Transmittuntur
1872 435 1990 465 proces-

1277 479 1328 498 sus
1365 470 1399 499 ad
1433 469 1538 500 Sedent
1574 470 1786 509 Apostolicam,
1817 487 1857 494 —
1892 471 1936 501 11.
1958 471 1991 501 Et

1277 514 1405 543 examini
1429 513 1640 543 subiiciuutur.
1664 531 1702 537 —-
1724 514 1770 544 12.
1794 514 1935 545 Martinus
1958 516 1991 549 V.

1278 557 1428 597 Eugenius
1452 557 1484 587 tv
1507 563 1535 588 et
1553 557 1692 588 Nicotaus
1714 558 1734 587 V
1758 568 1773 588 e
1797 559 1870 588 vivis
1899 559 1989 590 dece-

1277 603 1358 632 dunt.
1377 619 1416 624 —
1431 602 1552 639 Angliae
1570 602 1658 640 regis,
1675 602 1859 642 aliorumque
1878 612 1990 642 preces.

1277 665 1316 670 -
1336 648 1380 683 13,
1407 647 1449 676 tt.
1469 647 1666 677 Canouizatio.
1688 664 1727 669 —
1753 647 1795 677 15.
1819 646 1936 678 Festum
1964 655 1991 679 et

1278 693 1407 723 officium
1427 692 1474 721 die
1492 692 1509 722 t
1533 692 1700 722 decembris
1721 692 1872 722 indicitur.
1888 710 1925 716 -
1946 694 1990 724 to.

1279 737 1481 775 indulgentiae
1505 737 1716 766 conceduntur.
1747 754 1787 760 -
1815 738 1861 767 17.
1884 737 1989 768 Preces

1279 782 1482 819 iniuuguutur.
1505 798 1542 802 —
1566 781 1612 811 18.
1631 781 1749 811 Sanctio
1768 782 1910 820 poenalis.

1281 857 1416 886 cauistus
1434 858 1575 893 episcopus
1602 865 1698 887 servus
1727 865 1865 887 servorum
1883 857 1943 891 Det.

1371 908 1404 936 ad
1438 908 1598 943 perpetuam
1620 907 1661 936 rei
1687 907 1854 936 memoriam.

1287 980 1439 1015 Summus
1466 980 1625 1024 Pontifex,
1647 981 1714 1028 qui,
1741 990 1888 1016 aeternae
1912 981 1989 1028 legis

1239 1031 1397 1077 imperio,
1436 1039 1548 1065 cuncta
1577 1042 1657 1077 quae
1691 1031 1832 1065 condidit
1862 1031 1987 1078 provida

1238 1081 1451 1115 moderatione
1468 1080 1635 1127 gubernat,
1651 1088 1723 1115 ante
1747 1081 1855 1115 mundi
1872 1082 1988 1116 consti-

1237 1131 1407 1174 tutionem,
1431 1143 1486 1177 per
1511 1130 1633 1177 lapsum
1658 1130 1858 1178 protoplasti,
1875 1130 1988 1166 liuma-

1237 1193 1313 1214 num
1349 1192 1450 1226 genus
1478 1180 1648 1215 miserabili
1685 1181 1843 1222 servituti,
1879 1181 1989 1216 mortis

1236 1230 1357 1264 scilicet
1370 1239 1400 1265 et
1414 1229 1627 1265 damnationis
1641 1238 1798 1274 aeternae,
1814 1230 1987 1265 obnoxium

1239 1280 1303 1315 lore
1327 1279 1523 1327 praevidens,
1539 1289 1572 1314 ut
1594 1280 1859 1328 praevaricatione
1883 1280 1989 1328 perdi-

1236 1338 1302 1365 tum
1333 1329 1505 1374 hominem,
1532 1342 1626 1376 quem
1659 1329 1699 1364 ab
1737 1331 1857 1377 angelis
1893 1330 1988 1378 paulo

1236 1380 1392 1414 minorem
1415 1379 1454 1413 ad
1477 1392 1565 1414 suam
1595 1380 1765 1426 imaginent
1798 1379 1988 1415 similitudi-

1237 1441 1374 1477 nemque
1405 1429 1561 1470 formavit,
1584 1442 1645 1464 non
1682 1430 1747 1465 suis
1769 1431 1911 1474 meritis,
1933 1430 1987 1465 sed

1237 1478 1456 1514 inaestimabili
1479 1491 1533 1514 sua
1556 1479 1719 1524 charitate,
1743 1492 1881 1527 congrua
1899 1480 1989 1515 satis-

1236 1529 1370 1564 factione
1412 1529 1607 1573 redimeret,
1653 1530 1804 1577 regnique
1841 1529 1989 1565 coelestis

1237 1579 1431 1627 municipem
1455 1580 1569 1615 faceret
1600 1587 1630 1614 et
1657 1581 1704 1614 sui
1740 1579 1902 1627 Unigeniti
1930 1591 1988 1615 co-

1237 1629 1421 1669 haeredem.
1444 1629 1483 1664 de
1511 1642 1636 1664 summo
1659 1629 1820 1664 coelorum
1843 1629 1925 1664 solio
1948 1630 1986 1664 ad

1237 1680 1296 1714 ima
1322 1680 1540 1727 perspiciens,
1569 1679 1710 1727 nihilque
1732 1679 1900 1715 decentius
1930 1691 1987 1714 re-

1236 1729 1411 1776 demptioni
1447 1737 1588 1769 nostrae,
1612 1729 1808 1776 plenitudine
1837 1730 1988 1777 temporis

1237 1780 1416 1826 ingruente,
1459 1779 1554 1814 Verbi
1595 1779 1643 1813 sni
1679 1780 1896 1815 incarnatione
1937 1779 1988 1813 di-

1237 1830 1381 1864 iudieans
1402 1830 1583 1869 convenire,
1598 1829 1728 1864 unicum
1743 1842 1836 1864 suum
1857 1829 1987 1871 Filium,

1236 1887 1307 1914 ante
1338 1879 1516 1914 Luciferum
1552 1887 1581 1914 et
1616 1879 1741 1914 saecula
1765 1880 1906 1926 genitum
1924 1907 1932 1919 ,
1956 1879 1986 1914 in

1238 1929 1316 1964 uteri
1340 1929 1514 1976 praelectae
1529 1929 1666 1976 Virginis
1682 1928 1910 1969 babitaculum,
1926 1929 1990 1963 Au-

1237 1979 1307 2026 gelo
1331 1980 1499 2014 nunciante
1522 1987 1552 2014 et
1584 1978 1695 2014 eodem
1721 1979 1840 2027 Spiritu
1873 1979 1987 2014 obum-

1239 2029 1359 2069 brante
1375 2029 1560 2073 transmisit,
1577 2038 1620 2069 ut
1636 2029 1740 2064 trabea
1759 2037 1884 2064 nostrae
1907 2041 1990 2064 rnor-

1239 2079 1364 2113 talitatis
1386 2088 1559 2126 assumpta
1574 2078 1707 2113 visibilis
1729 2087 1908 2126 appareret,
1931 2079 1987 2114 fie-

1238 2137 1348 2176 retque
1373 2129 1499 2163 salubre
1514 2129 1702 2171 remedium,
1725 2129 1882 2176 singulare
1898 2141 1989 2185 prae-

1238 2179 1352 2213 sidium
1365 2186 1394 2213 ct
1405 2191 1460 2226 pro
1475 2157 1794 2226 peccatistiomintimv
1795 2179 1988 2226 propitiatio:

1237 2228 1325 2263 Deus
1359 2229 1479 2272 homo,
1503 2230 1597 2264 cuius
1625 2229 1753 2276 quidem
1780 2229 1819 2263 ab
1861 2229 1988 2264 infantia

1238 2279 1378 2314 actiones
1397 2288 1427 2314 ct
1442 2287 1541 2325 gesta,
1564 2279 1601 2314 ad
1619 2288 1756 2314 nostram
1775 2278 1913 2326 profecto
1931 2279 1991 2314 do-

1239 2330 1372 2363 ctrinam
1409 2337 1612 2376 nostramque
1647 2328 1778 2364 salutem
1823 2329 1989 2368 instituta,

1239 2379 1340 2413 donec
1366 2392 1382 2413 e
1410 2379 1530 2414 mundo
1564 2379 1752 2414 transiturus
1792 2378 1829 2413 ad
1866 2379 1988 2414 Patrem

1241 2442 1348 2474 pacem
1372 2428 1553 2476 discipulis⁸
1571 2440 1678 2476 pacem
1699 2428 1793 2463 terris
1815 2436 1847 2462 et
1865 2430 1991 2464 cunctis

1241 2478 1386 2513 fidelibus
1413 2486 1570 2525 postrema
1598 2478 1776 2513 secundum
1793 2490 1919 2513 carnem
1940 2491 1991 2514 rc-

1242 2528 1395 2575 linqueret
1427 2527 1598 2572 voluntate,
1627 2535 1669 2563 tot
1698 2528 1778 2562 vitae
1801 2528 1991 2575 exemplaris

1241 2579 1416 2625 mysteriis,
1443 2586 1486 2612 tot
1504 2578 1640 2625 insuper
1668 2577 1858 2612 salutaribus
1883 2589 1991 2612 sacra-

1242 2629 1359 2662 mentis
1382 2627 1559 2662 redundare
1584 2635 1770 2671 noscuntur,
1790 2635 1821 2661 ut
1851 2626 1993 2661 ineffabi-

1242 2678 1301 2712 lem
1330 2678 1461 2712 Divinae·
1490 2678 1670 2726 Sapientiae
1699 2677 1916 2717 altitudinem,
1940 2677 1990 2711 in-

2010 282 2059 310 An.
2077 283 2107 310 C.
2122 283 2190 310 ¹⁵55

2036 989 2152 1010 amictum.
