2281 3251
247 253 293 276 Λιι.
313 254 339 277 C.
359 254 421 280 1507

489 244 559 277 453

440 309 566 343 ctoritas
583 308 648 343 sive
670 307 793 342 licentia
814 318 868 341 seu
890 307 1084 353 dispensatio
1103 307 1188 342 ordi-

441 359 611 397 nariorum,
633 358 658 392 si
684 357 724 391 ab
750 357 797 391 eis
823 357 960 403 exempti
984 369 1045 391 non
1073 366 1189 402 essent,

440 407 517 442 foret
542 407 729 446 necessaria)
743 419 814 441 cum
839 419 884 441 ets
900 407 1083 441 auctoritate
1100 419 1190 454 prae-

440 457 521 491 dicta
542 457 735 503 dispensare,
748 456 855 503 eisque
871 456 1026 491 licentiam
1043 466 1072 492 et
1086 465 1190 492 aucto-

439 507 559 541 ritatem
583 506 754 541 concedere
781 506 982 553 indulgemus
1009 518 1045 540 ac
1074 518 1188 541 conce-

438 557 552 590 dimus.
576 556 622 590 Ac
645 568 794 602 personas
821 556 960 590 volentes
984 555 1085 590 eidem
1108 568 1187 591 con-

437 606 607 651 gregationi
624 606 746 645 sociari,
763 605 855 641 etiam
872 606 898 640 si
913 605 1126 653 Religionem,
1139 606 1186 641 lo-

436 668 507 689 cum
521 655 724 690 velOrtlinen]
735 656 828 690 alium
840 656 1185 702 quemcumque,etiam

436 705 612 750 arctiorem,
628 705 748 752 ingredi
768 705 936 750 vovissent,
959 706 1009 740 tali
1039 715 1108 740 voto
1124 718 1185 741 non

436 754 640 795 obstante,ad
656 754 928 802 approbationem,
947 755 1185 802 professionem-

434 817 495 850 que
508 805 695 851 recipere,et
710 817 764 840 eos
779 805 862 840 dicta
878 805 1061 840 auctoritate
1074 818 1089 840 a
1102 806 1186 840 dicto

434 863 504 888 voto
522 854 683 890 absolvere
701 863 731 889 et
750 867 821 890 cum
847 855 935 902 ipsis,
957 855 1131 890 dummodo
1154 856 1184 890 in

434 904 483 938 tali
500 903 666 951 Religione
691 905 735 939 vel
755 904 887 944 Ordine,
904 918 998 952 quem
1016 905 1184 947 vovissem,

434 953 659 997 professionem
680 966 742 989 non
765 955 928 990 emiserint
955 963 986 989 et
1007 964 1077 990 ante
1105 968 1185 1002 pro-

433 1004 599 1039 fessionem
623 1004 770 1040 emissam
793 1004 832 1039 ab
860 1005 924 1051 ipsa
943 1006 1184 1052 congregatione

431 1065 493 1087 non
509 1053 668 1089 recedant.
692 1055 795 1102 Super
817 1054 964 1089 omnibns
987 1055 1076 1099 votis,
1096 1054 1184 1090 Reli-

431 1103 534 1147 gionis
553 1113 624 1139 voto
639 1104 801 1139 dumtaxat
822 1112 965 1152 excepto,
988 1104 1182 1161 dispensare,

431 1165 465 1186 ac
479 1153 626 1188 omnibus
634 1166 836 1202 quocumque
848 1155 1183 1190 excommunicationis

431 1202 556 1238 vinculo
584 1204 742 1239 innodatis
774 1216 855 1250 cong>
845 1205 1049 1250 regationem
1083 1205 1181 1260 ipsam

429 1251 590 1288 Altissimo
601 1253 928 1301 famulaturisingredi
943 1254 1145 1295 volentibus(
1140 1267 1183 1289 tn-

430 1301 544 1337 innctis
562 1304 619 1347 eis,
633 1304 714 1338 iuxta
738 1316 846 1338 eorum
864 1303 1035 1346 facultates,
1052 1305 1181 1339 restitn-

430 1351 513 1386 tione
529 1360 558 1386 et
579 1353 770 1400 poenitentia
791 1353 929 1394 salutari,
953 1361 1109 1401 tamquam
1127 1355 1180 1389 nni

428 1413 466 1434 ex
489 1403 629 1437 monacis
643 1403 898 1449 congregationis
920 1403 1181 1445 liniusmodi,ab-

428 1450 594 1486 solutionis
622 1452 810 1487 beneficium
834 1453 1037 1501 impendere,
1064 1466 1181 1501 eosque

427 1501 521 1535 etiam
550 1501 587 1535 ad
615 1501 873 1556 approbationem
903 1503 1054 1550 recipere,
1074 1504 1114 1538 ita
1132 1512 1180 1538 ta-

428 1562 498 1584 men
517 1550 602 1598 quod
624 1564 649 1586 5ι
672 1551 745 1587 inde
767 1559 838 1587 ante
861 1552 1061 1599 professionis
1081 1554 1180 1588 emis-

427 1600 546 1635 sionem
562 1601 775 1646 discesserint,
795 1603 824 1636 in
847 1602 1021 1637 eamdem
1016 1616 1084 1650 ipso
1099 1603 1179 1639 facto

430 1649 609 1685 inciderint.

476 1699 496 1746 ἓ
519 1702 575 1735 52.
604 1700 642 1735 Et
660 1713 731 1735 cum
749 1713 842 1748 saepe
862 1702 1129 1750 contingatquod,
1139 1703 1180 1737 ob

327 1760 411 1802 ”¹¹:⁰¹2ss
427 1748 618 1795 singularem
651 1750 849 1786 devotionem
882 1764 975 1799 quam
1010 1753 1179 1788 nonnullae

365 1828 367 1835 ,
407 1823 410 1826 -
429 1811 581 1845 personae
602 1800 639 1834 ad
669 1812 816 1835 monacos
840 1801 1020 1837 huiusmodi
1043 1814 1180 1849 congre-

393 1859 409 1867 ⁴·
426 1849 564 1893 gationis
588 1849 716 1891 liabent,
738 1850 776 1885 ad
799 1851 928 1886 eosdem
953 1864 1101 1886 monacos
1124 1865 1179 1899 pro

426 1910 534 1933 eornm
549 1899 649 1934 salute
663 1900 837 1934 animarum
853 1911 1023 1945 recurrant,
1036 1902 1178 1937 eiusdem

427 1949 677 1995 congregationis
692 1949 837 1997 praelatis
850 1951 917 1985 sive
931 1951 1070 1986 monacis
1080 1964 1096 1986 a
1111 1953 1179 1986 suis

427 1999 644 2044 superioribus
658 1999 696 2033 ad
710 1999 901 2034 audiendum
918 2000 1099 2035 huiusmodi
1114 2014 1177 2048 per-

427 2060 574 2082 sonarum
587 2048 802 2084 confessiones
819 2049 988 2097 deputatis,
1004 2050 1087 2097 quod
1104 2063 1178 2098 per-

427 2113 521 2136 sonas
543 2102 625 2150 ipsas
646 2102 832 2139 accedentes
859 2103 1016 2144 audirent,
1043 2116 1080 2139 ac
1108 2117 1180 2152 per-

428 2167 522 2191 sonae
543 2156 627 2203 ipsae
640 2158 702 2203 eis,
717 2157 837 2205 absque
851 2158 909 2193 alia
931 2170 1063 2194 snorum
1082 2172 1179 2207 supe-

430 2210 545 2244 riorum
556 2210 852 2257 licentia,c0n[iteri;
866 2225 988 2248 necnon
1002 2213 1179 2261 dictisprae-

430 2264 497 2298 latis
517 2264 580 2299 sive
602 2266 743 2301 monacis
764 2267 980 2302 confessiones
994 2267 1176 2302 huiusmodi

429 2317 644 2360 audientibus,
670 2319 772 2355 dictos
792 2321 990 2381 confitentes,
1013 2321 1178 2368 poeniten-

430 2373 468 2406 tia
497 2382 528 2409 et
553 2374 766 2410 satisfactione
794 2375 1000 2423 praemissis,
1031 2376 1178 2422 quotiens

431 2439 512 2473 opus
534 2427 636 2470 fuerit,
660 2429 698 2464 ab
720 2430 870 2466 omnibus
892 2438 921 2466 et
943 2430 1075 2477 singulis
1097 2443 1177 2478 pec-

431 2482 505 2517 catis
532 2482 607 2518 Sedi
634 2483 833 2531 Apostolicae
855 2497 916 2520 non
943 2485 1119 2530 reservatis,
1148 2493 1177 2520 et

431 2537 715 2585 aquibuscumque
726 2540 987 2585 suspensionum,
1002 2551 1181 2574 excommu-

433 2591 625 2627 nicationum
641 2601 671 2627 et
688 2592 842 2628 interdicti
856 2593 1031 2634 sententiis,
1046 2593 1180 2641 aliisque

432 2646 650 2682 ecclesiasticis
685 2649 827 2683 censuris
852 2657 882 2683 et
914 2648 1041 2695 poenis,
1064 2660 1142 2695 quas
1165 2660 1179 2682 a

1018 254 1050 275 Bt
1061 256 1077 275 l.
1081 255 1202 277 LAttttn
1227 254 1389 277 nonnata

1992 249 2041 277 An.
2061 251 2080 278 c
2112 251 2174 279 1507

1232 308 1298 341 iure
1322 308 1367 341 vel
1396 307 1435 341 ab
1462 307 1588 341 bomine
1614 306 1690 341 latas
1708 305 1877 341 incurrisse
1899 318 1979 354 quo-

1233 356 1404 391 modolibet
1420 357 1604 401 constiterit,
1617 356 1828 400 absolvere,et
1839 364 1906 390 vota
1925 368 1979 403 per

1231 418 1285 439 eos
1301 419 1355 452 pro
1369 414 1510 452 tompore
1525 406 1637 440 emissa
1661 407 1690 440 in
1714 406 1860 440 omnibus
1874 414 1905 441 et
1919 406 1981 440 sin-

1230 455 1314 502 gulis
1332 455 1455 490 casibus
1468 455 1609 490 locorum
1627 456 1794 491 ordinariis
1816 456 1907 490 etiam
1926 468 1981 503 per

1230 505 1395 553 synodales
1418 518 1474 540 seu
1506 505 1711 552 provinciales
1739 506 1979 540 constitutiones

1231 555 1404 596 reservatis,
1415 555 1443 589 in
1456 555 1511 590 alia
1528 555 1651 601 pietatis
1665 567 1760 602 opera
1775 563 1979 594 commutare,

1229 614 1257 639 et
1276 605 1412 652 desuper
1424 617 1496 640 cnm
1517 605 1562 639 eis
1577 604 1763 640 voventibus
1783 604 1979 652 dispensare,

1228 656 1369 701 exceptis
1393 664 1495 689 tamen
1519 654 1672 698 censuris,
1695 653 1818 701 poenis,
1842 655 1920 689 votis
1949 665 1978 690 et

1229 705 1353 739 casibus
1366 717 1462 752 super
1480 704 1596 752 quibus
1618 711 1698 739 esset
1720 703 1822 738 Sedes
1845 704 1978 751 praefata

1230 755 1339 789 merito
1360 753 1565 795 consulenda,
1588 754 1727 801 ipsisque
1756 753 1978 790 confitentibus

1227 816 1262 838 ac
1275 804 1345 839 aliis
1357 804 1517 848 omnibus,
1532 804 1585 851 qui
1600 804 1637 838 ad
1661 803 1816 851 praefatos
1830 815 1979 839 monacos

1227 854 1268 888 ob
1287 854 1469 890 liuiusmodi
1496 854 1693 889 devotionem
1718 861 1890 893 recurrent,
1913 853 1979 889 Eu-

1227 904 1392 939 charistiae
1425 912 1654 939 sacramentum
1679 903 1856 938 ministrare
1883 902 1979 939 libere

1229 963 1359 1000 pOSSlnl.

1275 1005 1294 1051 g
1310 1006 1366 1038 55.
1383 1003 1511 1039 Necnon
1523 1003 1679 1050 praelatis
1689 1003 1976 1050 monacisetperso-
2009 1009 2042 1030 Ρ·
2050 1015 2082 1031 ···
2078 1018 2105 1038 ¹¹·
2129 1018 2174 1032 ·······

1227 1053 1275 1088 nis
1297 1054 1548 1101 congregationis
1564 1053 1756 1097 huiusmodi,
1775 1065 1977 1101 quocumque
1993 1048 2080 1099 ῗ-,ζιᾙ
2055 1049 2072 1062 “
2081 1045 2174 1094 NJK?

1226 1104 1352 1138 nomine
1375 1112 1574 1147 censeantur,
1592 1116 1632 1138 ne
1654 1113 1782 1151 propter
1809 1104 1979 1159 participa-

1226 1153 1356 1198 tionem,
1371 1154 1463 1188 etiam
1481 1154 1510 1188 in
1528 1153 1654 1194 divinis,
1669 1165 1740 1188 cum
1756 1153 1978 1188 excommuni-

1225 1204 1317 1244 ratis,
1341 1204 1507 1251 suspensis
1528 1211 1559 1238 et
1592 1202 1768 1238 interdictis
1795 1215 1812 1238 a
1841 1203 1907 1238 inre
1930 1203 1977 1239 vel

1224 1254 1349 1288 statutis
1364 1253 1610 1308 ordinariorum,
1637 1253 1774 1300 aliquam
1797 1265 1976 1288 excommu-

1225 1303 1391 1338 nicationis
1411 1316 1467 1338 seu
1487 1315 1636 1338 censurae
1658 1311 1711 1338 aut
1735 1303 1851 1350 peccati
1875 1314 1975 1338 macn-

1225 1353 1284 1387 lam
1308 1353 1482 1396 incurrant,
1497 1353 1555 1387 nisi
1576 1353 1631 1399 ipsi
1654 1353 1915 1388 excommunicati
1930 1364 1978 1387 es-

1223 1411 1292 1437 sent
1314 1403 1491 1449 specialiter
1517 1402 1703 1437 denuntiati.

1273 1453 1293 1499 g
1316 1455 1372 1487 54.
1389 1452 1436 1487 Ac
1451 1451 1535 1499 quod
1551 1451 1592 1486 illi
1609 1464 1646 1486 ex
1662 1452 1806 1499 praefatis
1822 1453 1974 1497 monacis,
2006 1460 2038 1481 *a
2040 1462 2100 1481 ·n¹¹
2092 1468 2139 1488 ‹·ri
2131 1467 2176 1482 ue-

1223 1515 1275 1548 qui
1303 1502 1380 1537 adeo
1409 1502 1671 1537 monasteriorum
1708 1514 1837 1537 suorum
1865 1480 2174 1544 officiis',¹,;⁰¹¹¹,‘¹¹‚⁵¹,‘„³0

1223 1552 1378 1599 occupati,
1398 1559 1432 1587 nt
1454 1552 1483 1586 in
1499 1552 1594 1586 cltoro
1612 1551 1773 1593 interesse,
1789 1564 1824 1587 ac
1834 1552 1972 1587 officium
1991 1554 2034 1573 ⁰¹¹
2028 1561 2058 1574 ¹⁰
2081 1561 2102 1574 ¹
2092 1559 2176 1575 ΜΝ·

1222 1601 1361 1636 (livinum
1385 1602 1434 1636 vix
1457 1603 1525 1636 sine
1554 1601 1659 1636 labore
1685 1610 1715 1636 et
1737 1601 1839 1636 taedio
1854 1585 2016 1646 dicere,‘¹⁰

1222 1664 1257 1685 ac
1273 1652 1336 1698 ipsa
1353 1651 1410 1695 eis,
1437 1652 1556 1686 tatione
1579 1651 1751 1686 olliciorum
1779 1650 1974 1696 huiusmodi,

1223 1701 1434 1737 incumbentia
1465 1701 1602 1736 caritatis
1632 1713 1725 1748 opera
1753 1701 1884 1748 implere
1916 1714 1975 1737 ue-

1221 1760 1348 1797 queant,
1363 1751 1461 1798 etqui
1484 1750 1522 1785 ad
1543 1751 1683 1786 divinum
1705 1750 1840 1786 officium
1864 1751 1974 1786 liuius-

1223 1801 1305 1835 modi
1342 1800 1510 1836 dicendum
1550 1800 1628 1835 adeo
1656 1800 1703 1835 vel
1731 1812 1793 1836 non
1821 1800 1904 1836 docti
1928 1801 1973 1835 vel

1223 1851 1327 1885 minus
1347 1851 1466 1898 experti
1482 1862 1538 1898 pro
1555 1858 1698 1897 tempore
1719 1850 1856 1885 existunt
1870 1850 1974 1894 (dum-

1223 1900 1346 1935 modo
1341 1913 1370 1934 ιιι
1394 1900 1491 1936 sacris
1508 1912 1570 1935 non
1593 1899 1833 1935 sintordinibus
1849 1901 1974 1935 consti—

1224 1950 1302 1995 tuti),
1316 1950 1386 1985 lleet
1400 1949 1624 1997 professionem
1639 1950 1814 1993 emiserint,
1823 1957 1926 1984 tamen
1935 1950 1973 1985 ad

1223 1999 1463 2055 persolvendum
1485 2008 1584 2035 totum
1599 2000 1754 2046 integrum
1770 1999 1908 2034 officium
1923 1999 1974 2034 di-

1224 2049 1330 2084 vinum
1354 2050 1483 2084 minime
1500 2057 1675 2091 teneantur3
1689 2049 1743 2084 sed
1757 2061 1866 2084 eorum
1883 2061 1974 2096 prae·

1222 2103 1284 2144 lati,
1301 2103 1405 2138 habita
1426 2104 1662 2151 suppositorum
1681 2115 1811 2139 suorum
1828 2103 1973 2138 conside-

1223 2158 1351 2198 ratione,
1373 2158 1453 2193 ultra
1481 2158 1617 2193 officium
1646 2157 1760 2193 Beatae
1775 2157 1890 2192 Mariae
1904 2156 1973 2192 Vir-

1221 2212 1314 2257 ginis,
1343 2212 1380 2247 ad
1411 2212 1496 2260 quod
1519 2212 1645 2259 obligati
1669 2219 1861 2256 remaneant,
1888 2211 1971 2247 iuxta

1221 2265 1459 2313 dispositionem
1475 2267 1520 2302 eis
1542 2267 1704 2310 creditam,
1727 2266 1754 2301 si
1775 2278 1885 2301 eorum
1901 2266 1972 2301 ani-

1223 2320 1488 2368 inabnsexpedire
1498 2319 1789 2368 videbitur,aliquid
1802 2319 1972 2356 dicendum

1223 2376 1399 2422 iniungant,
1413 2376 1497 2424 quod
1511 2387 1583 2411 cum
1594 2375 1691 2410 animi
1707 2374 1864 2410 alacritate
1875 2374 1973 2411 valeat

1221 2429 1396 2476 adimpleri.

1271 2484 1290 2531 ἓ
1304 2487 1361 2519 55.
1371 2484 1534 2520 Praeterea
1546 2483 1695 2519 omnibus
1704 2483 1971 2525 christifidelibus,

1222 2539 1361 2586 exceptis
1382 2538 1663 2574 excommnnicatis
1685 2547 1716 2574 et
1737 2538 1910 2573 interdictis
1923 2537 1970 2573 vel

1224 2593 1359 2652 publicis
1375 2593 1534 2633 usurariis,
1559 2602 1588 2627 nt
1613 2594 1642 2627 in
1666 2593 1742 2628 locis
1757 2593 1804 2628 vel
1818 2599 1971 2627 monaste

1224 2647 1276 2681 tiis
1304 2648 1555 2694 congre‘ationis
1578 2646 1772 2685 huiusmodi
1796 2646 1970 2697 praesenti—

2002 2496 2053 2518 lnilii
2063 2498 2171 2525 sepultura

1988 2530 2036 2552 etim
2053 2533 2128 2555 potest.

2268 1187 2281 1223 .-⁶
2274 1167 2281 1178 c
2265 718 2281 1155 ‘sessu-mafnnz-uffl-u34,
2267 608 2281 708 emas,
2275 556 2281 578 ..
2278 534 2281 539 Δ
2276 511 2278 514 .
2275 457 2279 463 .
