2281 3251
97 290 146 316 Αη.
164 289 194 316 C.
213 288 280 315 15¹5
979 278 1040 301 LEO
1063 278 1081 299 Χ
1103 276 1151 299 ΡΡ.

1720 258 1788 291 :597
1860 267 1910 294 An.
1929 265 1955 291 c.
1975 266 2040 293 ¹513

1090 331 1174 365 tione
1197 328 1263 364 utili
1287 327 1331 362 nil
1355 326 1511 362 videretur
1534 323 1763 368 innovandum,
1779 323 1839 358 nisi
1871 333 1899 354 ne
1916 333 1984 367 omero
2006 338 2043 357 gu-

1090 380 1174 427 qnod
1203 378 1400 414 remittantur
1427 383 1456 411 et
1479 382 1658 410 remaneant
1683 373 1712 407 in
1742 364 1986 407 refor·¹¹⁶‘”³¹⁰‘¹“'
2006 369 2047 382 ²¹¹¹’

1861 396 1934 416 diteris
1954 394 2045 413 camera

297 339 483 376 executione
521 336 567 372 vel
596 335 803 378 intimatione,
827 334 855 368 in
884 332 977 368 Curia
1000 332 1047 367 vel

298 399 394 430 extra,
412 388 572 423 literarum
589 383 843 421 executorialium
862 382 908 418 vel
924 382 1048 429 pensio-

299 439 360 483 nis,
381 445 531 473 cousueta
547 434 693 470 mercede
708 434 769 469 siut
784 432 933 468 contenti.
949 431 1050 466 Corn-

300 487 467 522 missiones
502 485 679 532 redemptas
711 482 850 530 partibus
883 493 945 516 non
977 481 1051 515 dent

301 536 348 572 vel
370 535 550 579 ostendant,
572 546 631 569 nec
657 533 695 568 ad
720 533 841 567 illarum
870 530 1049 566 instantiam

305 594 504 633 praesentare
520 583 675 627 differant,
685 582 744 617 sub
754 593 853 630 poena
870 579 1052 628 perditionis

301 633 670 670 officii.Commissiones
694 644 756 667 non
782 630 945 666 celentvel
968 629 1053 664 lacc-

303 692 383 728 rent,
411 684 464 719 sed
488 683 565 718 infra
594 683 730 730 spatium
753 688 887 728 quatuor
904 679 1052 714 horarum

304 742 471 781 postquam
501 733 680 779 redemptae
707 731 832 769 fuerint,
857 736 1055 776 praesentare

306 782 516 818 cardinalibus
532 782 578 817 vel
595 780 802 824 auditoribus,
815 779 860 814 vel
883 778 952 813 aliis
967 788 1056 824 prae-

305 832 373 866 latis
403 840 456 867 aut
483 831 691 871 officialibus,
718 829 835 877 quibus
859 828 1056 874 diriguntur,

305 881 434 928 obligati
459 882 520 916 sint
542 878 571 916 et
587 887 765 920 teneantur;
780 878 817 913 ad
835 878 928 924 partis
944 876 1058 911 adver-

306 943 359 966 sae
373 931 553 966 instantiam
573 930 620 964 vel
643 929 772 964 alterius
800 939 894 974 quam
909 927 990 965 eius,
1004 925 1056 971 qui

307 980 485 1027 impetravit
501 979 601 1015 dictas
614 978 866 1016 commissiones,
881 976 905 1010 si
921 975 965 1010 eis
980 986 1058 1008 con-

306 1030 430 1073 stiterit,
452 1030 545 1064 etiam
568 1029 593 1064 si
622 1040 677 1075 per
700 1027 769 1062 illos
793 1025 974 1072 redemptae
988 1023 1059 1058 fne-

308 1080 381 1119 rint‚
395 1079 489 1114 altera
514 1086 599 1125 parte
623 1074 887 1124 impetrante,illa
901 1074 994 1108 invita
1012 1072 1058 1107 vel

308 1128 366 1173 cis,
393 1129 447 1175 qui
475 1128 573 1163 dictas
588 1126 829 1162 commissiones
852 1122 1060 1171 porrexerint,

310 1187 509 1225 praesentare
523 1189 583 1212 non
596 1176 742 1213 debeanr‚·
753 1174 921 1209 relationes
938 1172 976 1207 de
991 1172 1063 1206 cita-

311 1227 452 1262 tionibus
470 1224 837 1274 personaliterexecutis,
853 1223 910 1256 nisi
929 1232 1062 1269 persona

310 1277 436 1323 cognita
451 1285 480 1311 et
496 1275 691 1323 apprehensa
707 1272 912 1321 personaliter
928 1271 972 1306 vel
988 1283 1064 1305 con-

312 1326 477 1361 tumaciter
497 1337 531 1360 se
549 1324 765 1366 subtrahente,
789 1334 827 1356 ne
843 1321 929 1356 citari
955 1319 1064 1367 possit,

313 1376 415 1410 facere
433 1387 493 1409 non
508 1373 653 1414 debeant,
669 1372 729 1407 sub
745 1383 845 1419 poena
862 1370 891 1404 iu
916 1370 999 1404 bulla
1014 1381 1066 1404 re-

314 1424 511 1460 formationis
539 1432 686 1458 contenta
713 1431 743 1457 et
770 1421 856 1456 falsis
883 1418 1067 1455 cursoribus

314 1473 470 1521 imposita.
485 1472 593 1508 Officia
611 1484 666 1519 pro
679 1471 739 1506 alio
755 1470 803 1506 vel
826 1470 896 1505 aliis
915 1470 943 1503 in
960 1480 1067 1503 arren-

314 1525 384 1558 dam
408 1535 522 1570 capere
544 1521 590 1557 vel
613 1533 756 1557 exercere
776 1532 838 1554 non
861 1518 995 1554 debeant
1017 1525 1069 1552 aut

319 1573 451 1621 possint,
474 1572 519 1607 vel
534 1583 679 1607 exercere
696 1570 894 1618 perrnittaut;
919 1580 975 1615 pro
990 1567 1069 1602 cita-

317 1622 455 1658 tionibus
477 1629 532 1656 aut
554 1619 806 1655 intimationibus
835 1630 1068 1666 quarumcum—

316 1684 378 1720 que
400 1672 573 1711 literarum,
589 1678 675 1705 extra
692 1668 820 1704 Curiam
837 1676 867 1703 et
883 1668 912 1702 in
930 1666 1070 1714 partibus

319 1721 484 1766 faciendis,
499 1728 615 1756 statuta
630 1728 660 1754 et
674 1719 779 1753 debita
793 1718 838 1752 eis
854 1716 998 1752 mercede
1014 1728 1072 1751 an-

286 1794 289 1797 >
320 1771 451 1818 tiquitus
473 1770 536 1804 sint
558 1769 710 1813 contenti,
729 1777 757 1803 et
774 1767 852 1802 ultra
866 1767 992 1813 exigere
1010 1777 1071 1800 non

318 1821 463 1856 audeant.
479 1819 572 1854 Diem
591 1818 856 1866 praesentationis
871 1817 902 1850 in
919 1815 1072 1851 commis-

319 1869 464 1905 sionibus
475 1869 723 1917 appellationum
739 1868 783 1902 rel
799 1865 1027 1914 principalibus
1043 1865 1073 1899 in

322 1920 426 1955 causis
449 1931 541 1953 manu
562 1918 699 1965 propria,
721 1925 889 1964 antequam
919 1927 1074 1962 praesen-

322 1977 397 2013 tent,
420 1981 492 2003 vere
505 1977 535 2003 et
558 1968 693 2003 fideliter
705 1978 821 2014 ponere
846 1973 1021 2003 teneantur,
1037 1963 1074 1998 ad

322 2018 496 2053 tollendum
522 2017 670 2058 fraudes,
698 2028 778 2064 quae
806 2014 948 2062 quotidie
973 2015 1000 2048 in
1028 2013 1077 2048 liis

323 2068 576 2112 committuntur,
592 2075 621 2101 et
633 2067 827 2101 notariorum
841 2074 869 2100 ct
881 2064 1016 2112 partium
1033 2063 1078 2097 ci-

325 2122 477 2163 tationes;
500 2122 530 2156 in
553 2121 696 2168 exequiis
720 2119 919 2167 pontificum,
934 2117 1077 2153 cardina·

324 2176 402 2211 lium
426 2176 472 2211 vel
495 2175 639 2217 aliorum,
662 2174 737 2209 alias
759 2173 877 2208 faculas
899 2172 945 2207 vel
973 2183 1077 2206 ceram

327 2243 388 2266 non
403 2230 538 2277 capiant,
551 2242 645 2277 qnam
663 2241 719 2276 pro
736 2227 954 2276 praesentibus
969 2235 999 2262 et
1012 2239 1081 2261 ser-

327 2284 486 2320 vientibus
513 2292 543 2319 et
559 2282 819 2319 interessentibus
842 2290 911 2317 actu
947 2290 1080 2323 tantum,

328 2347 419 2386 prout
442 2351 498 2387 per
519 2351 576 2374 nos
603 2345 754 2373 statutum
778 2344 809 2372 et
831 2336 1007 2371 ordinatum
1023 2344 1082 2380 est,

329 2392 416 2440 quod
438 2393 468 2427 in
492 2393 639 2428 omnibus
661 2392 730 2427 aliis
758 2390 942 2426 officialibus
965 2389 1081 2425 serrari

331 2447 488 2487 volumus,
510 2459 710 2495 quacumque
729 2444 881 2481 contraria
905 2443 1081 2492 corruptela

332 2513 394 2536 non
423 2501 578 2537 obstante.

381 2555 402 2602 g
428 2558 485 2590 57.
508 2555 620 2598 Quoad
638 2555 879 2602 gubernatorem
896 2561 925 2588 et
942 2553 1010 2588 eius
1027 2564 1084 2587 no-

334 2609 643 2650 tarios‚etricarium
668 2608 770 2655 Papae
793 2616 823 2643 et
847 2607 985 2642 notarios
1000 2618 1086 2647 suos,

335 2670 366 2699 et
387 2663 547 2700 auditores
570 2663 721 2700 Gamerae
741 2676 795 2712 pro
824 2662 906 2698 brevi
932 2661 1085 2698 reforma-

1093 429 1238 463 rnatiouis
1249 426 1465 463 observatione
1480 424 1578 468 factae,
1593 431 1624 458 et
1636 421 1846 458 distinctionis
1861 430 1882 448 er
1892 426 1964 446 vicari·
1976 424 2044 450 Pap-2*

1092 478 1266 513 officiorum
1279 485 1307 511 et
1318 474 1630 510 iurisdictionisinter
1643 484 1676 507 se
1691 484 1745 520 per
1757 483 1847 518 prae-

1094 528 1189 562 fatum
1219 526 1332 561 lnliurn
1363 524 1638 571 praedecessorem
1665 521 1847 569 nuperrime

1095 576 1191 611 factae
1209 584 1277 623 post
1291 576 1414 621 longam
1431 573 1676 617 discussionem,
1699 583 1770 606 cum
1786 569 1849 605 ad-

1095 626 1268 660 ditionibus
1290 637 1345 671 per
1373 635 1428 657 nos
1457 622 1570 666 factis,
1602 633 1680 669 quas
1706 633 1743 656 ex
1767 631 1851 654 nunc

1097 677 1297 718 innovamus,
1319 673 1434 720 quibus
1449 672 1592 714 servatis,
1617 670 1852 705 iurisdictiones

1097 733 1179 760 recte
1197 723 1366 771 procedant
1383 729 1413 756 et
1433 733 1504 756 cum
1521 720 1624 755 debita
1647 719 1851 754 distinctione

1097 783 1126 809 et
1143 775 1210 808 sine
1230 771 1391 811 scandalo,
1411 771 1450 805 ita
1467 780 1569 805 tamen
1593 769 1675 816 quod
1692 769 1773 804 circa
1794 780 1853 815 pu-

1100 824 1251 858 nitionem
1272 821 1497 856 maleficiorum
1518 831 1573 867 per
1588 819 1750 853 Romanos
1770 829 1853 853 com-

1101 873 1268 907 missorum
1285 883 1340 918 pro
1359 878 1500 917 tempore
1523 868 1714 915 gubernator
1728 879 1855 914 semper

1101 922 1255 965 intendat,
1272 929 1301 955 et
1318 927 1457 967 repertos
1481 918 1654 965 culpabiles
1678 917 1785 964 puniat
1806 916 1853 950 vel

1102 972 1204 1019 puniri
1235 977 1404 1017 procuret,
1435 976 1467 1002 ut
1494 968 1592 1015 quieti
1624 966 1724 1002 dictae
1759 965 1856 1009 urbis,

1101 1033 1195 1068 quain
1220 1020 1450 1061 desideramus,
1473 1016 1666 1059 consulatur,
1683 1024 1711 1050 et
1730 1015 1857 1050 facino-

1104 1071 1164 1105 rosi
1182 1069 1380 1104 retrahantur
1399 1067 1520 1102 amalis
1540 1066 1710 1101 formidine
1726 1076 1856 1112 poenae.

1152 1120 1172 1166 g
1189 1120 1245 1153 58.
1267 1117 1386 1152 Notarii
1400 1116 1617 1163 gubernatoris
1631 1123 1754 1150 servent
1782 1113 1860 1148 illud

1104 1168 1189 1215 quod
1219 1169 1247 1202 in
1276 1167 1360 1202 dicta
1382 1165 1467 1200 bulla
1492 1165 1547 1199 fuit
1570 1173 1722 1200 statutum
1751 1171 1781 1198 et
1807 1175 1861 1198 or-

1105 1219 1248 1252 dinatum
1270 1217 1352 1251 circa
1380 1215 1565 1250 exercitium
1582 1214 1674 1249 officii
1699 1225 1809 1249 eorum
1834 1221 1864 1247 et

1105 1267 1281 1302 solutiones
1314 1274 1344 1300 et
1377 1265 1502 1300 illorum
1531 1263 1862 1311 qualitates,quarum

1107 1328 1286 1357 causarum,
1311 1316 1340 1350 in
1364 1314 1481 1362 quibus
1508 1326 1541 1349 56
1565 1313 1775 1348 intromittere
1795 1323 1865 1358 pos-

1108 1375 1183 1402 sunt
1206 1375 1235 1401 et
1257 1378 1272 1400 a
1288 1364 1406 1412 quibus
1419 1376 1453 1399 se
1467 1363 1664 1404 abstineant3
1681 1371 1865 1407 transgres-

1109 1428 1196 1451 sores
1219 1416 1330 1463 poenis
1358 1415 1387 1448 in
1416 1413 1499 1448 bulla
1529 1411 1762 1448 reformationis
1789 1422 1866 1446 con-

1111 1466 1203 1501 tentis
1225 1465 1406 1511 puniantur.

1159 1515 1179 1562 ἓ
1206 1516 1262 1549 59.
1291 1513 1383 1555 Quod
1412 1513 1443 1547 in
1473 1512 1604 1559 registro
1627 1509 1790 1558 quodlibet
1817 1508 1866 1544 fo—

1112 1566 1187 1599 lium
1208 1564 1365 1598 contineat
1385 1563 1495 1598 saltem
1509 1561 1685 1607 vigintitres
1702 1559 1801 1594 lineas
1811 1571 1866 1606 pro

1112 1613 1253 1662 quolibet
1280 1613 1387 1653 latere,
1405 1620 1435 1647 et
1461 1610 1620 1658 quaelibet
1646 1610 1727 1644 linea
1756 1608 1865 1643 decem

1113 1664 1251 1708 sillabas,
1266 1671 1295 1698 et
1308 1674 1370 1697 non
1386 1661 1506 1709 possint
1521 1659 1632 1695 notarii
1651 1671 1707 1706 pro
1719 1657 1867 1693 mercede

1114 1725 1227 1761 capere
1252 1713 1332 1747 ultra
1358 1711 1489 1747 ducatos
1511 1711 1652 1757 quinque
1677 1720 1733 1755 pro
1761 1716 1868 1743 cente-

1115 1763 1203 1798 nario
1218 1762 1377 1806 foliorum,
1399 1761 1435 1796 ad
1457 1760 1609 1795 rationem
1633 1758 1742 1793 decern
1771 1758 1869 1792 carle-

1116 1824 1228 1848 norum
1251 1824 1306 1859 pro
1328 1811 1471 1858 quolibet
1491 1809 1615 1849 ducato,
1632 1809 1715 1842 iuxta
1731 1815 1869 1842 tenorem

1117 1862 1221 1897 bullae
1237 1861 1337 1896 felicis
1353 1859 1579 1896 recordationis
1601 1857 1690 1893 Pauli
1713 1856 1817 1904 Papae
1831 1856 1871 1896 lt,

1119 1911 1370 1959 praedecessoris
1393 1909 1504 1945 nostri.
1527 1908 1618 1952 Item,
1645 1906 1731 1954 quod
1760 1906 1871 1941 notarii

1117 1961 1306 2008 recipientes
1321 1959 1530 2006 obligationes
1547 1969 1753 2005 personarum
1772 1956 1817 1990 eis
1833 1963 1875 1990 ta-

1120 2023 1191 2045 men
1228 2011 1406 2057 ignotarum
1437 2016 1601 2044 teneantur
1628 2006 1767 2053 recipere
1794 2004 1874 2040 duos

1120 2068 1226 2101 testes,
1249 2060 1302 2107 qui
1322 2059 1426 2094 medio
1455 2059 1629 2092 iuramento
1657 2056 1763 2090 dicant
1785 2053 1872 2089 illum

1120 2126 1189 2149 esse
1207 2114 1312 2154 talem,
1335 2113 1458 2160 qualem
1476 2124 1508 2146 se
1528 2110 1648 2155 asserit,
1671 2117 1700 2144 et
1717 2109 1746 2143 in
1762 2120 1873 2143 eorum

1123 2168 1258 2204 manuali
1274 2176 1381 2203 notare
1409 2166 1535 2201 nomina
1560 2165 1668 2199 talium
1694 2163 1825 2198 testium
1845 2170 1875 2197 et

1123 2222 1383 2269 recognitionem,
1406 2221 1464 2256 nisi
1493 2219 1615 2255 auditor
1642 2218 1687 2253 vel
1711 2218 1875 2252 locumte-

1124 2290 1201 2313 nens
1215 2290 1270 2325 pro
1282 2285 1422 2324 ternpore
1431 2287 1469 2310 ex
1479 2274 1581 2321 aliqua
1596 2272 1772 2308 rationabili
1784 2283 1876 2307 causa

1123 2332 1214 2367 aliter
1235 2332 1279 2367 eis
1297 2343 1351 2378 pro
1374 2330 1477 2377 aliqua
1493 2328 1682 2375 obligatione
1698 2326 1877 2375 specialiter

1124 2386 1328 2430 ordinaverit,
1351 2397 1412 2433 quo
1427 2396 1512 2429 casu,
1524 2383 1624 2431 ipsam
1639 2381 1874 2418 ordinationem

1125 2441 1155 2475 in
1173 2440 1308 2476 manuali
1336 2447 1444 2474 notare
1467 2445 1609 2474 teneatur
1635 2436 1787 2480 notarius,
1802 2434 1877 2470 alias

1128 2497 1224 2544 possit
1251 2495 1353 2530 dictus
1373 2493 1512 2528 notarius
1536 2492 1641 2540 puniri
1660 2499 1695 2526 ut
1721 2490 1877 2525 falsarius.

1126 2551 1217 2595 Item,
1241 2548 1324 2598 quod
1348 2559 1440 2583 nemo
1460 2559 1497 2582 ex
1526 2545 1655 2580 notariis
1683 2544 1783 2591 possit
1821 2555 1879 2578 nec

1128 2605 1238 2641 debeat
1254 2614 1376 2650 capere,
1389 2614 1444 2649 pro
1460 2601 1604 2637 examine
1619 2598 1742 2634 testium
1756 2597 1784 2632 in
1802 2609 1880 2632 cau-

1129 2661 1171 2695 sis
1194 2657 1418 2695 commissariis
1440 2665 1469 2692 et
1491 2653 1709 2704 appellationis
1737 2664 1770 2688 ac
1792 2651 1880 2688 ordi-

1888 1129 1968 1150 Norarit
1982 1128 2060 1155 guber-

1875 1162 1963 1181 nator-is.

1889 1520 2016 1541 Reformatio
2029 1525 2066 1540 no-

1881 1553 1982 1572 tariorum
2006 1551 2068 1571 audi-

1881 1584 1933 1603 toris
1943 1582 1998 1603 Cam.
2008 1582 2067 1608 Apo-

1882 1615 1978 1636 stolieae.
