<?xml version="1.0" encoding="UTF-8"?>
<!DOCTYPE html PUBLIC "-//W3C//DTD XHTML 1.0 Transitional//EN"
    "http://www.w3.org/TR/xhtml1/DTD/xhtml1-transitional.dtd">
<html xmlns="http://www.w3.org/1999/xhtml" xml:lang="en" lang="en">
 <head>
  <title>
</title>
<meta http-equiv="Content-Type" content="text/html;charset=utf-8" />
  <meta name='ocr-system' content='tesseract 3.04.00' />
  <meta name='ocr-capabilities' content='ocr_page ocr_carea ocr_par ocr_line ocrx_word'/>
</head>
<body>
  <div class='ocr_page' id='page_1' title='image "./bullarumdiplomat05cath_0427.png"; bbox 0 0 2281 3251; ppageno 0'>
   <div class='ocr_carea' id='block_1_1' title="bbox 0 0 70 3149">
    <p class='ocr_par' dir='ltr' id='par_1_1' title="bbox 0 0 70 3149">
     <span class='ocr_line' id='line_1_1' title="bbox 0 0 70 3149; baseline 0 0"><span class='ocrx_word' id='word_1_1' title='bbox 0 0 70 3149; x_wconf 95' lang='lat' dir='ltr'> </span> 
     </span>
    </p>
   </div>
   <div class='ocr_carea' id='block_1_2' title="bbox 174 238 353 265">
    <p class='ocr_par' dir='ltr' id='par_1_2' title="bbox 174 238 353 265">
     <span class='ocr_line' id='line_1_2' title="bbox 174 238 353 265; baseline -0.011 0"><span class='ocrx_word' id='word_1_2' title='bbox 174 239 192 265; x_wconf 90' lang='grc' dir='ltr'><strong>Δ</strong></span> <span class='ocrx_word' id='word_1_3' title='bbox 199 247 223 265; x_wconf 87' lang='lat' dir='ltr'>n.</span> <span class='ocrx_word' id='word_1_4' title='bbox 242 238 270 265; x_wconf 83' lang='lat' dir='ltr'>C.</span> <span class='ocrx_word' id='word_1_5' title='bbox 290 240 353 265; x_wconf 61' lang='lat'>¹505</span> 
     </span>
    </p>
   </div>
   <div class='ocr_carea' id='block_1_3' title="bbox 1024 238 1243 261">
    <p class='ocr_par' dir='ltr' id='par_1_3' title="bbox 1024 238 1243 261">
     <span class='ocr_line' id='line_1_3' title="bbox 1024 238 1243 261; baseline 0.005 -2"><span class='ocrx_word' id='word_1_6' title='bbox 1024 238 1128 261; x_wconf 61' lang='lat' dir='ltr'>tutius</span> <span class='ocrx_word' id='word_1_7' title='bbox 1150 238 1172 259; x_wconf 85' lang='lat' dir='ltr'>lt</span> <span class='ocrx_word' id='word_1_8' title='bbox 1197 239 1243 260; x_wconf 75' lang='grc' dir='ltr'>ΙΨ.</span> 
     </span>
    </p>
   </div>
   <div class='ocr_carea' id='block_1_4' title="bbox 354 291 1112 2713">
    <p class='ocr_par' dir='ltr' id='par_1_4' title="bbox 354 291 1112 2713">
     <span class='ocr_line' id='line_1_4' title="bbox 369 291 1111 336; baseline -0.001 -9"><span class='ocrx_word' id='word_1_9' title='bbox 369 292 525 336; x_wconf 87' lang='lat' dir='ltr'>tualibus,</span> <span class='ocrx_word' id='word_1_10' title='bbox 556 291 647 326; x_wconf 90' lang='lat' dir='ltr'>etiam</span> <span class='ocrx_word' id='word_1_11' title='bbox 683 292 712 325; x_wconf 92' lang='lat' dir='ltr'>in</span> <span class='ocrx_word' id='word_1_12' title='bbox 742 291 1042 326; x_wconf 72' lang='lat' dir='ltr'>administrationem</span> <span class='ocrx_word' id='word_1_13' title='bbox 1066 293 1111 327; x_wconf 94' lang='lat' dir='ltr'>vel</span> 
     </span>
     <span class='ocr_line' id='line_1_5' title="bbox 368 341 1110 388; baseline -0.004 -11"><span class='ocrx_word' id='word_1_14' title='bbox 368 341 585 377; x_wconf 84' lang='lat' dir='ltr'>commendam</span> <span class='ocrx_word' id='word_1_15' title='bbox 602 341 759 388; x_wconf 89' lang='lat' dir='ltr'>provisum</span> <span class='ocrx_word' id='word_1_16' title='bbox 773 342 937 385; x_wconf 73' lang='lat' dir='ltr'>extitisset,</span> <span class='ocrx_word' id='word_1_17' title='bbox 953 350 983 376; x_wconf 81' lang='lat' dir='ltr'>et</span> <span class='ocrx_word' id='word_1_18' title='bbox 1002 354 1110 376; x_wconf 88' lang='lat' dir='ltr'>eorum</span> 
     </span>
     <span class='ocr_line' id='line_1_6' title="bbox 367 391 1110 438; baseline 0 -12"><span class='ocrx_word' id='word_1_19' title='bbox 367 393 483 435; x_wconf 78' lang='lat' dir='ltr'>literas,</span> <span class='ocrx_word' id='word_1_20' title='bbox 501 403 600 438; x_wconf 89' lang='lat' dir='ltr'>usque</span> <span class='ocrx_word' id='word_1_21' title='bbox 622 391 660 425; x_wconf 92' lang='lat' dir='ltr'>ad</span> <span class='ocrx_word' id='word_1_22' title='bbox 689 391 813 425; x_wconf 88' lang='lat' dir='ltr'>totalem</span> <span class='ocrx_word' id='word_1_23' title='bbox 831 391 1066 438; x_wconf 74' lang='lat' dir='ltr'>expeditionem</span> <span class='ocrx_word' id='word_1_24' title='bbox 1083 401 1110 426; x_wconf 83' lang='lat' dir='ltr'>et</span> 
     </span>
     <span class='ocr_line' id='line_1_7' title="bbox 367 440 1112 488; baseline 0 -13"><span class='ocrx_word' id='word_1_25' title='bbox 367 441 576 488; x_wconf 72' lang='lat' dir='ltr'>receptionem</span> <span class='ocrx_word' id='word_1_26' title='bbox 604 440 787 475; x_wconf 87' lang='lat' dir='ltr'>earumdem</span> <span class='ocrx_word' id='word_1_27' title='bbox 817 441 975 475; x_wconf 84' lang='lat' dir='ltr'>literarum</span> <span class='ocrx_word' id='word_1_28' title='bbox 1009 441 1112 475; x_wconf 90' lang='lat' dir='ltr'>inclu-</span> 
     </span>
     <span class='ocr_line' id='line_1_8' title="bbox 365 489 1110 538; baseline 0.003 -15"><span class='ocrx_word' id='word_1_29' title='bbox 365 491 428 525; x_wconf 85' lang='lat' dir='ltr'>sive</span> <span class='ocrx_word' id='word_1_30' title='bbox 444 517 453 534; x_wconf 93' lang='lat'>,</span> <span class='ocrx_word' id='word_1_31' title='bbox 477 489 615 537; x_wconf 81' lang='lat' dir='ltr'>expediri</span> <span class='ocrx_word' id='word_1_32' title='bbox 652 502 713 524; x_wconf 89' lang='lat' dir='ltr'>non</span> <span class='ocrx_word' id='word_1_33' title='bbox 738 490 906 534; x_wconf 76' lang='lat' dir='ltr'>fecissent,</span> <span class='ocrx_word' id='word_1_34' title='bbox 929 491 988 525; x_wconf 90' lang='lat' dir='ltr'>sub</span> <span class='ocrx_word' id='word_1_35' title='bbox 1011 503 1110 538; x_wconf 90' lang='lat' dir='ltr'>poena</span> 
     </span>
     <span class='ocr_line' id='line_1_9' title="bbox 365 539 1109 587; baseline 0.001 -14"><span class='ocrx_word' id='word_1_36' title='bbox 365 539 546 587; x_wconf 75' lang='lat' dir='ltr'>privationis</span> <span class='ocrx_word' id='word_1_37' title='bbox 581 539 812 583; x_wconf 87' lang='lat' dir='ltr'>ecclesiarum,</span> <span class='ocrx_word' id='word_1_38' title='bbox 847 542 1109 575; x_wconf 68' lang='lat' dir='ltr'>monasteriorum</span> 
     </span>
     <span class='ocr_line' id='line_1_10' title="bbox 364 589 1111 636; baseline 0.003 -14"><span class='ocrx_word' id='word_1_39' title='bbox 364 598 393 623; x_wconf 86' lang='lat' dir='ltr'>et</span> <span class='ocrx_word' id='word_1_40' title='bbox 418 589 610 636; x_wconf 80' lang='lat' dir='ltr'>prioratuum</span> <span class='ocrx_word' id='word_1_41' title='bbox 634 589 817 623; x_wconf 88' lang='lat' dir='ltr'>huiusmodi</span> <span class='ocrx_word' id='word_1_42' title='bbox 846 598 876 624; x_wconf 86' lang='lat' dir='ltr'>et</span> <span class='ocrx_word' id='word_1_43' title='bbox 897 590 1000 624; x_wconf 91' lang='lat' dir='ltr'>omnis</span> <span class='ocrx_word' id='word_1_44' title='bbox 1036 591 1111 625; x_wconf 86' lang='lat' dir='ltr'>iuris</span> 
     </span>
     <span class='ocr_line' id='line_1_11' title="bbox 363 638 1109 686; baseline 0.001 -14"><span class='ocrx_word' id='word_1_45' title='bbox 363 651 401 673; x_wconf 79' lang='lat' dir='ltr'>ex</span> <span class='ocrx_word' id='word_1_46' title='bbox 422 638 653 685; x_wconf 75' lang='lat' dir='ltr'>provisionibus</span> <span class='ocrx_word' id='word_1_47' title='bbox 684 638 849 685; x_wconf 89' lang='lat' dir='ltr'>praedictis</span> <span class='ocrx_word' id='word_1_48' title='bbox 877 640 1109 686; x_wconf 90' lang='lat' dir='ltr'>quomodolibet</span> 
     </span>
     <span class='ocr_line' id='line_1_12' title="bbox 363 688 1111 735; baseline 0.001 -13"><span class='ocrx_word' id='word_1_49' title='bbox 363 688 504 735; x_wconf 83' lang='lat' dir='ltr'>acquisiti</span> <span class='ocrx_word' id='word_1_50' title='bbox 523 691 628 735; x_wconf 89' lang='lat' dir='ltr'>(quam</span> <span class='ocrx_word' id='word_1_51' title='bbox 646 688 818 735; x_wconf 85' lang='lat' dir='ltr'>quemlibet</span> <span class='ocrx_word' id='word_1_52' title='bbox 835 689 1044 735; x_wconf 70' lang='lat' dir='ltr'>negligentem</span> <span class='ocrx_word' id='word_1_53' title='bbox 1063 689 1111 723; x_wconf 91' lang='lat' dir='ltr'>in-</span> 
     </span>
     <span class='ocr_line' id='line_1_13' title="bbox 363 738 1110 785; baseline -0.003 -13"><span class='ocrx_word' id='word_1_54' title='bbox 363 749 488 772; x_wconf 85' lang='lat' dir='ltr'>currere</span> <span class='ocrx_word' id='word_1_55' title='bbox 510 738 607 772; x_wconf 85' lang='lat' dir='ltr'>voluit</span> <span class='ocrx_word' id='word_1_56' title='bbox 629 750 666 772; x_wconf 92' lang='lat' dir='ltr'>eo</span> <span class='ocrx_word' id='word_1_57' title='bbox 694 750 774 785; x_wconf 84' lang='lat' dir='ltr'>ipso,</span> <span class='ocrx_word' id='word_1_58' title='bbox 801 746 831 772; x_wconf 90' lang='lat' dir='ltr'>et</span> <span class='ocrx_word' id='word_1_59' title='bbox 853 739 935 785; x_wconf 90' lang='lat' dir='ltr'>quod</span> <span class='ocrx_word' id='word_1_60' title='bbox 963 739 1110 773; x_wconf 76' lang='lat' dir='ltr'>ecclesias</span> 
     </span>
     <span class='ocr_line' id='line_1_14' title="bbox 362 788 1107 834; baseline 0 -13"><span class='ocrx_word' id='word_1_61' title='bbox 362 796 391 821; x_wconf 87' lang='lat' dir='ltr'>et</span> <span class='ocrx_word' id='word_1_62' title='bbox 421 788 608 822; x_wconf 86' lang='lat' dir='ltr'>monasteria</span> <span class='ocrx_word' id='word_1_63' title='bbox 635 800 671 822; x_wconf 92' lang='lat' dir='ltr'>ac</span> <span class='ocrx_word' id='word_1_64' title='bbox 705 788 859 834; x_wconf 90' lang='lat' dir='ltr'>prioratus</span> <span class='ocrx_word' id='word_1_65' title='bbox 882 788 1107 834; x_wconf 83' lang='lat' dir='ltr'>negligentium</span> 
     </span>
     <span class='ocr_line' id='line_1_15' title="bbox 362 837 1108 884; baseline 0.001 -14"><span class='ocrx_word' id='word_1_66' title='bbox 362 838 532 884; x_wconf 87' lang='lat' dir='ltr'>praemissa</span> <span class='ocrx_word' id='word_1_67' title='bbox 555 837 591 872; x_wconf 92' lang='lat' dir='ltr'>ad</span> <span class='ocrx_word' id='word_1_68' title='bbox 615 837 760 872; x_wconf 84' lang='lat' dir='ltr'>effectum</span> <span class='ocrx_word' id='word_1_69' title='bbox 790 838 988 884; x_wconf 74' lang='lat' dir='ltr'>perducere</span> <span class='ocrx_word' id='word_1_70' title='bbox 1011 850 1048 872; x_wconf 83' lang='lat' dir='ltr'>ex</span> <span class='ocrx_word' id='word_1_71' title='bbox 1075 850 1108 871; x_wconf 88' lang='lat' dir='ltr'>ea</span> 
     </span>
     <span class='ocr_line' id='line_1_16' title="bbox 361 887 1109 934; baseline 0 -13"><span class='ocrx_word' id='word_1_72' title='bbox 361 888 410 921; x_wconf 90' lang='lat' dir='ltr'>die</span> <span class='ocrx_word' id='word_1_73' title='bbox 426 915 434 928; x_wconf 91' lang='lat'><strong>‚</strong></span> <span class='ocrx_word' id='word_1_74' title='bbox 457 894 549 934; x_wconf 87' lang='lat' dir='ltr'>prout</span> <span class='ocrx_word' id='word_1_75' title='bbox 573 899 609 921; x_wconf 82' lang='lat' dir='ltr'>ex</span> <span class='ocrx_word' id='word_1_76' title='bbox 642 894 735 927; x_wconf 85' lang='lat' dir='ltr'>tunc,</span> <span class='ocrx_word' id='word_1_77' title='bbox 762 887 897 934; x_wconf 78' lang='lat' dir='ltr'>praefata</span> <span class='ocrx_word' id='word_1_78' title='bbox 926 888 1109 921; x_wconf 83' lang='lat' dir='ltr'>auctoritate</span> 
     </span>
     <span class='ocr_line' id='line_1_17' title="bbox 361 936 1107 983; baseline -0.003 -12"><span class='ocrx_word' id='word_1_79' title='bbox 361 949 488 975; x_wconf 86' lang='lat' dir='ltr'>vacare,</span> <span class='ocrx_word' id='word_1_80' title='bbox 516 945 546 971; x_wconf 87' lang='lat' dir='ltr'>et</span> <span class='ocrx_word' id='word_1_81' title='bbox 568 936 768 983; x_wconf 88' lang='lat' dir='ltr'>Apostolicae</span> <span class='ocrx_word' id='word_1_82' title='bbox 795 936 888 971; x_wconf 88' lang='lat' dir='ltr'>Sedis</span> <span class='ocrx_word' id='word_1_83' title='bbox 909 936 1107 983; x_wconf 88' lang='lat' dir='ltr'>dispositioni</span> 
     </span>
     <span class='ocr_line' id='line_1_18' title="bbox 360 986 1108 1033; baseline -0.001 -12"><span class='ocrx_word' id='word_1_84' title='bbox 360 986 538 1033; x_wconf 80' lang='lat' dir='ltr'>specialiter</span> <span class='ocrx_word' id='word_1_85' title='bbox 571 995 723 1020; x_wconf 86' lang='lat' dir='ltr'>reservata</span> <span class='ocrx_word' id='word_1_86' title='bbox 752 986 816 1020; x_wconf 88' lang='lat' dir='ltr'>sore</span> <span class='ocrx_word' id='word_1_87' title='bbox 839 986 976 1020; x_wconf 89' lang='lat' dir='ltr'>decrevit</span> <span class='ocrx_word' id='word_1_88' title='bbox 999 994 1028 1020; x_wconf 91' lang='lat' dir='ltr'>et</span> <span class='ocrx_word' id='word_1_89' title='bbox 1051 986 1108 1020; x_wconf 82' lang='lat' dir='ltr'>de-</span> 
     </span>
     <span class='ocr_line' id='line_1_19' title="bbox 360 1035 1109 1081; baseline 0 -11"><span class='ocrx_word' id='word_1_90' title='bbox 360 1036 511 1081; x_wconf 75' lang='lat' dir='ltr'>claravit),</span> <span class='ocrx_word' id='word_1_91' title='bbox 532 1044 712 1070; x_wconf 84' lang='lat' dir='ltr'>tener·eutur</span> <span class='ocrx_word' id='word_1_92' title='bbox 727 1043 756 1069; x_wconf 85' lang='lat' dir='ltr'>et</span> <span class='ocrx_word' id='word_1_93' title='bbox 772 1035 922 1070; x_wconf 89' lang='lat' dir='ltr'>deberent</span> <span class='ocrx_word' id='word_1_94' title='bbox 938 1036 1040 1070; x_wconf 81' lang='lat' dir='ltr'>literas</span> <span class='ocrx_word' id='word_1_95' title='bbox 1054 1036 1109 1070; x_wconf 90' lang='lat' dir='ltr'>bu-</span> 
     </span>
     <span class='ocr_line' id='line_1_20' title="bbox 361 1085 1108 1132; baseline 0 -13"><span class='ocrx_word' id='word_1_96' title='bbox 361 1085 509 1124; x_wconf 89' lang='lat' dir='ltr'>iusmodi,</span> <span class='ocrx_word' id='word_1_97' title='bbox 534 1097 631 1132; x_wconf 91' lang='lat' dir='ltr'>super</span> <span class='ocrx_word' id='word_1_98' title='bbox 653 1085 885 1132; x_wconf 82' lang='lat' dir='ltr'>provisionibus</span> <span class='ocrx_word' id='word_1_99' title='bbox 909 1086 986 1132; x_wconf 87' lang='lat' dir='ltr'>ipsis</span> <span class='ocrx_word' id='word_1_100' title='bbox 1005 1097 1108 1132; x_wconf 90' lang='lat' dir='ltr'>perse</span> 
     </span>
     <span class='ocr_line' id='line_1_21' title="bbox 360 1134 1107 1182; baseline 0 -14"><span class='ocrx_word' id='word_1_101' title='bbox 360 1135 407 1169; x_wconf 90' lang='lat' dir='ltr'>vel</span> <span class='ocrx_word' id='word_1_102' title='bbox 435 1135 525 1179; x_wconf 88' lang='lat' dir='ltr'>alios,</span> <span class='ocrx_word' id='word_1_103' title='bbox 552 1146 652 1182; x_wconf 87' lang='lat' dir='ltr'>usque</span> <span class='ocrx_word' id='word_1_104' title='bbox 675 1134 712 1169; x_wconf 88' lang='lat' dir='ltr'>ad</span> <span class='ocrx_word' id='word_1_105' title='bbox 738 1134 905 1181; x_wconf 86' lang='lat' dir='ltr'>praefatam</span> <span class='ocrx_word' id='word_1_106' title='bbox 929 1147 1036 1169; x_wconf 89' lang='lat' dir='ltr'>earum</span> <span class='ocrx_word' id='word_1_107' title='bbox 1058 1143 1107 1169; x_wconf 89' lang='lat' dir='ltr'>to-</span> 
     </span>
     <span class='ocr_line' id='line_1_22' title="bbox 362 1184 1106 1231; baseline 0 -12"><span class='ocrx_word' id='word_1_108' title='bbox 362 1185 453 1219; x_wconf 85' lang='lat' dir='ltr'>talem</span> <span class='ocrx_word' id='word_1_109' title='bbox 481 1184 715 1231; x_wconf 83' lang='lat' dir='ltr'>expeditionem</span> <span class='ocrx_word' id='word_1_110' title='bbox 745 1195 780 1218; x_wconf 89' lang='lat' dir='ltr'>ac</span> <span class='ocrx_word' id='word_1_111' title='bbox 808 1184 1046 1230; x_wconf 71' lang='lat' dir='ltr'>receptionem,</span> <span class='ocrx_word' id='word_1_112' title='bbox 1075 1193 1106 1219; x_wconf 90' lang='lat' dir='ltr'>ut</span> 
     </span>
     <span class='ocr_line' id='line_1_23' title="bbox 361 1233 1105 1281; baseline 0.001 -14"><span class='ocrx_word' id='word_1_113' title='bbox 361 1234 586 1281; x_wconf 89' lang='lat' dir='ltr'>praemittitur,</span> <span class='ocrx_word' id='word_1_114' title='bbox 610 1233 780 1278; x_wconf 86' lang='lat' dir='ltr'>inclusive,</span> <span class='ocrx_word' id='word_1_115' title='bbox 808 1233 948 1280; x_wconf 77' lang='lat' dir='ltr'>expediri</span> <span class='ocrx_word' id='word_1_116' title='bbox 977 1233 1105 1275; x_wconf 87' lang='lat' dir='ltr'>secisse,</span> 
     </span>
     <span class='ocr_line' id='line_1_24' title="bbox 361 1283 1107 1330; baseline -0.001 -12"><span class='ocrx_word' id='word_1_117' title='bbox 361 1284 438 1318; x_wconf 86' lang='lat' dir='ltr'>infra</span> <span class='ocrx_word' id='word_1_118' title='bbox 452 1295 569 1318; x_wconf 89' lang='lat' dir='ltr'>annum</span> <span class='ocrx_word' id='word_1_119' title='bbox 586 1295 602 1317; x_wconf 94' lang='lat' dir='ltr'>a</span> <span class='ocrx_word' id='word_1_120' title='bbox 618 1283 686 1317; x_wconf 85' lang='lat' dir='ltr'>data</span> <span class='ocrx_word' id='word_1_121' title='bbox 707 1283 892 1330; x_wconf 85' lang='lat' dir='ltr'>provisionis</span> <span class='ocrx_word' id='word_1_122' title='bbox 911 1283 1008 1318; x_wconf 87' lang='lat' dir='ltr'>factae</span> <span class='ocrx_word' id='word_1_123' title='bbox 1029 1296 1107 1318; x_wconf 91' lang='lat' dir='ltr'>con-</span> 
     </span>
     <span class='ocr_line' id='line_1_25' title="bbox 360 1332 1106 1380; baseline 0.001 -13"><span class='ocrx_word' id='word_1_124' title='bbox 360 1333 447 1367; x_wconf 89' lang='lat' dir='ltr'>tinue</span> <span class='ocrx_word' id='word_1_125' title='bbox 484 1332 742 1380; x_wconf 88' lang='lat' dir='ltr'>computandum.</span> <span class='ocrx_word' id='word_1_126' title='bbox 775 1332 821 1366; x_wconf 93' lang='lat' dir='ltr'>Illi</span> <span class='ocrx_word' id='word_1_127' title='bbox 856 1345 952 1373; x_wconf 86' lang='lat' dir='ltr'>vero,</span> <span class='ocrx_word' id='word_1_128' title='bbox 988 1333 1106 1380; x_wconf 91' lang='lat' dir='ltr'>quibus</span> 
     </span>
     <span class='ocr_line' id='line_1_26' title="bbox 360 1382 1106 1430; baseline 0 -13"><span class='ocrx_word' id='word_1_129' title='bbox 360 1382 512 1430; x_wconf 87' lang='lat' dir='ltr'>provideri</span> <span class='ocrx_word' id='word_1_130' title='bbox 532 1383 728 1428; x_wconf 85' lang='lat' dir='ltr'>contingeret</span> <span class='ocrx_word' id='word_1_131' title='bbox 747 1382 986 1429; x_wconf 83' lang='lat' dir='ltr'>quomodolibet</span> <span class='ocrx_word' id='word_1_132' title='bbox 1007 1386 1037 1417; x_wconf 86' lang='lat' dir='ltr'>in</span> <span class='ocrx_word' id='word_1_133' title='bbox 1058 1383 1106 1417; x_wconf 83' lang='lat' dir='ltr'>fu-</span> 
     </span>
     <span class='ocr_line' id='line_1_27' title="bbox 360 1433 1105 1480; baseline 0.001 -13"><span class='ocrx_word' id='word_1_134' title='bbox 360 1443 464 1467; x_wconf 87' lang='lat' dir='ltr'>turum</span> <span class='ocrx_word' id='word_1_135' title='bbox 490 1433 528 1468; x_wconf 92' lang='lat' dir='ltr'>de</span> <span class='ocrx_word' id='word_1_136' title='bbox 549 1433 702 1476; x_wconf 89' lang='lat' dir='ltr'>ecclesiis,</span> <span class='ocrx_word' id='word_1_137' title='bbox 727 1433 923 1466; x_wconf 87' lang='lat' dir='ltr'>monasteriis</span> <span class='ocrx_word' id='word_1_138' title='bbox 945 1442 997 1467; x_wconf 87' lang='lat' dir='ltr'>aut</span> <span class='ocrx_word' id='word_1_139' title='bbox 1021 1434 1105 1480; x_wconf 89' lang='lat' dir='ltr'>prio-</span> 
     </span>
     <span class='ocr_line' id='line_1_28' title="bbox 358 1482 1104 1529; baseline 0 -12"><span class='ocrx_word' id='word_1_140' title='bbox 358 1483 476 1518; x_wconf 87' lang='lat' dir='ltr'>ratibus</span> <span class='ocrx_word' id='word_1_141' title='bbox 493 1482 689 1526; x_wconf 86' lang='lat' dir='ltr'>huiusmodi,</span> <span class='ocrx_word' id='word_1_142' title='bbox 711 1494 767 1516; x_wconf 90' lang='lat' dir='ltr'>seu</span> <span class='ocrx_word' id='word_1_143' title='bbox 787 1482 892 1529; x_wconf 87' lang='lat' dir='ltr'>aliquo</span> <span class='ocrx_word' id='word_1_144' title='bbox 907 1484 1104 1527; x_wconf 87' lang='lat' dir='ltr'>eorumdem,</span> 
     </span>
     <span class='ocr_line' id='line_1_29' title="bbox 358 1532 1103 1580; baseline 0 -13"><span class='ocrx_word' id='word_1_145' title='bbox 358 1533 417 1568; x_wconf 88' lang='lat' dir='ltr'>sub</span> <span class='ocrx_word' id='word_1_146' title='bbox 440 1545 539 1580; x_wconf 87' lang='lat' dir='ltr'>poena</span> <span class='ocrx_word' id='word_1_147' title='bbox 562 1532 683 1576; x_wconf 91' lang='lat' dir='ltr'>simili,</span> <span class='ocrx_word' id='word_1_148' title='bbox 705 1544 818 1578; x_wconf 84' lang='lat' dir='ltr'>quani,</span> <span class='ocrx_word' id='word_1_149' title='bbox 847 1540 880 1566; x_wconf 92' lang='lat' dir='ltr'>ut</span> <span class='ocrx_word' id='word_1_150' title='bbox 913 1532 1103 1579; x_wconf 80' lang='lat' dir='ltr'>praefertur,</span> 
     </span>
     <span class='ocr_line' id='line_1_30' title="bbox 359 1581 1105 1628; baseline -0.001 -11"><span class='ocrx_word' id='word_1_151' title='bbox 359 1585 563 1622; x_wconf 74' lang='lat' dir='ltr'>incurrerent,</span> <span class='ocrx_word' id='word_1_152' title='bbox 583 1583 674 1616; x_wconf 85' lang='lat' dir='ltr'>etiam</span> <span class='ocrx_word' id='word_1_153' title='bbox 691 1581 769 1615; x_wconf 82' lang='lat' dir='ltr'>infra</span> <span class='ocrx_word' id='word_1_154' title='bbox 785 1594 901 1616; x_wconf 90' lang='lat' dir='ltr'>anuum</span> <span class='ocrx_word' id='word_1_155' title='bbox 925 1594 940 1615; x_wconf 90' lang='lat' dir='ltr'>a</span> <span class='ocrx_word' id='word_1_156' title='bbox 963 1582 1013 1616; x_wconf 91' lang='lat' dir='ltr'>die</span> <span class='ocrx_word' id='word_1_157' title='bbox 1031 1596 1105 1628; x_wconf 88' lang='lat' dir='ltr'>pro-</span> 
     </span>
     <span class='ocr_line' id='line_1_31' title="bbox 358 1631 1103 1678; baseline 0.001 -12"><span class='ocrx_word' id='word_1_158' title='bbox 358 1632 486 1667; x_wconf 78' lang='lat' dir='ltr'>visionis</span> <span class='ocrx_word' id='word_1_159' title='bbox 501 1631 659 1666; x_wconf 70' lang='lat' dir='ltr'>faciendae</span> <span class='ocrx_word' id='word_1_160' title='bbox 676 1632 824 1666; x_wconf 90' lang='lat' dir='ltr'>continuo</span> <span class='ocrx_word' id='word_1_161' title='bbox 842 1632 1103 1678; x_wconf 88' lang='lat' dir='ltr'>computandum,</span> 
     </span>
     <span class='ocr_line' id='line_1_32' title="bbox 357 1681 1104 1729; baseline 0 -13"><span class='ocrx_word' id='word_1_162' title='bbox 357 1682 500 1717; x_wconf 84' lang='lat' dir='ltr'>similiter</span> <span class='ocrx_word' id='word_1_163' title='bbox 527 1689 707 1716; x_wconf 87' lang='lat' dir='ltr'>tenerentur</span> <span class='ocrx_word' id='word_1_164' title='bbox 721 1689 751 1715; x_wconf 88' lang='lat' dir='ltr'>et</span> <span class='ocrx_word' id='word_1_165' title='bbox 773 1681 923 1716; x_wconf 85' lang='lat' dir='ltr'>deberent</span> <span class='ocrx_word' id='word_1_166' title='bbox 941 1681 1045 1716; x_wconf 87' lang='lat' dir='ltr'>literas</span> <span class='ocrx_word' id='word_1_167' title='bbox 1062 1683 1104 1729; x_wconf 93' lang='lat' dir='ltr'>ip-</span> 
     </span>
     <span class='ocr_line' id='line_1_33' title="bbox 356 1731 1101 1777; baseline 0 -11"><span class='ocrx_word' id='word_1_168' title='bbox 356 1745 416 1771; x_wconf 82' lang='lat' dir='ltr'>saS,</span> <span class='ocrx_word' id='word_1_169' title='bbox 439 1731 531 1765; x_wconf 88' lang='lat' dir='ltr'>etiam</span> <span class='ocrx_word' id='word_1_170' title='bbox 562 1743 660 1777; x_wconf 90' lang='lat' dir='ltr'>usque</span> <span class='ocrx_word' id='word_1_171' title='bbox 690 1731 726 1765; x_wconf 86' lang='lat' dir='ltr'>ad</span> <span class='ocrx_word' id='word_1_172' title='bbox 752 1731 943 1777; x_wconf 81' lang='lat' dir='ltr'>praedictam</span> <span class='ocrx_word' id='word_1_173' title='bbox 978 1732 1101 1766; x_wconf 78' lang='lat' dir='ltr'>totalem</span> 
     </span>
     <span class='ocr_line' id='line_1_34' title="bbox 355 1781 1102 1828; baseline 0 -12"><span class='ocrx_word' id='word_1_174' title='bbox 355 1781 587 1828; x_wconf 89' lang='lat' dir='ltr'>expeditionem</span> <span class='ocrx_word' id='word_1_175' title='bbox 623 1790 652 1814; x_wconf 92' lang='lat' dir='ltr'>et</span> <span class='ocrx_word' id='word_1_176' title='bbox 680 1781 889 1827; x_wconf 88' lang='lat' dir='ltr'>receptionem</span> <span class='ocrx_word' id='word_1_177' title='bbox 926 1782 1102 1821; x_wconf 85' lang='lat' dir='ltr'>inclusive,</span> 
     </span>
     <span class='ocr_line' id='line_1_35' title="bbox 355 1810 1102 1879; baseline 0 -13"><span class='ocrx_word' id='word_1_178' title='bbox 355 1831 494 1879; x_wconf 84' lang='lat' dir='ltr'>expediri</span> <span class='ocrx_word' id='word_1_179' title='bbox 518 1830 642 1865; x_wconf 81' lang='lat' dir='ltr'>secisse.</span> <span class='ocrx_word' id='word_1_180' title='bbox 667 1830 707 1864; x_wconf 89' lang='lat' dir='ltr'>Et</span> <span class='ocrx_word' id='word_1_181' title='bbox 731 1830 878 1870; x_wconf 87' lang='lat' dir='ltr'>interim</span> <span class='ocrx_word' id='word_1_182' title='bbox 911 1831 971 1865; x_wconf 92' lang='lat' dir='ltr'>sub</span> <span class='ocrx_word' id='word_1_183' title='bbox 992 1810 1102 1866; x_wconf 81' lang='lat' dir='ltr'>eadeni</span> 
     </span>
     <span class='ocr_line' id='line_1_36' title="bbox 355 1880 1103 1937; baseline 0 -22"><span class='ocrx_word' id='word_1_184' title='bbox 355 1893 466 1937; x_wconf 80' lang='lat' dir='ltr'>poena,</span> <span class='ocrx_word' id='word_1_185' title='bbox 490 1892 545 1927; x_wconf 90' lang='lat' dir='ltr'>per</span> <span class='ocrx_word' id='word_1_186' title='bbox 559 1893 592 1914; x_wconf 90' lang='lat' dir='ltr'>se</span> <span class='ocrx_word' id='word_1_187' title='bbox 608 1880 655 1915; x_wconf 85' lang='lat' dir='ltr'>vel</span> <span class='ocrx_word' id='word_1_188' title='bbox 671 1880 762 1921; x_wconf 76' lang='lat' dir='ltr'>alios,</span> <span class='ocrx_word' id='word_1_189' title='bbox 778 1880 896 1935; x_wconf 81' lang='lat' dir='ltr'>absque</span> <span class='ocrx_word' id='word_1_190' title='bbox 913 1880 1010 1915; x_wconf 90' lang='lat' dir='ltr'>literis</span> <span class='ocrx_word' id='word_1_191' title='bbox 1026 1894 1103 1928; x_wconf 92' lang='lat' dir='ltr'>pro-</span> 
     </span>
     <span class='ocr_line' id='line_1_37' title="bbox 354 1930 1103 1976; baseline 0.001 -12"><span class='ocrx_word' id='word_1_192' title='bbox 354 1930 483 1965; x_wconf 87' lang='lat' dir='ltr'>visionis</span> <span class='ocrx_word' id='word_1_193' title='bbox 512 1931 542 1964; x_wconf 94' lang='lat' dir='ltr'>in</span> <span class='ocrx_word' id='word_1_194' title='bbox 566 1930 676 1970; x_wconf 86' lang='lat' dir='ltr'>forma,</span> <span class='ocrx_word' id='word_1_195' title='bbox 703 1930 741 1964; x_wconf 86' lang='lat' dir='ltr'>de</span> <span class='ocrx_word' id='word_1_196' title='bbox 761 1931 927 1976; x_wconf 84' lang='lat' dir='ltr'>r,egrmine</span> <span class='ocrx_word' id='word_1_197' title='bbox 943 1930 1103 1972; x_wconf 80' lang='lat' dir='ltr'>‹uber-na-</span> 
     </span>
     <span class='ocr_line' id='line_1_38' title="bbox 356 1979 1102 2027; baseline 0.001 -13"><span class='ocrx_word' id='word_1_198' title='bbox 356 1981 438 2014; x_wconf 91' lang='lat' dir='ltr'>tione</span> <span class='ocrx_word' id='word_1_199' title='bbox 459 1992 517 2014; x_wconf 83' lang='lat' dir='ltr'>seu</span> <span class='ocrx_word' id='word_1_200' title='bbox 539 1979 822 2023; x_wconf 75' lang='lat' dir='ltr'>administratione,</span> <span class='ocrx_word' id='word_1_201' title='bbox 845 1980 891 2013; x_wconf 91' lang='lat' dir='ltr'>vel</span> <span class='ocrx_word' id='word_1_202' title='bbox 919 1993 1020 2027; x_wconf 77' lang='lat' dir='ltr'>quisi</span> <span class='ocrx_word' id='word_1_203' title='bbox 1044 1993 1102 2015; x_wconf 85' lang='lat' dir='ltr'>ec—</span> 
     </span>
     <span class='ocr_line' id='line_1_39' title="bbox 354 2029 1103 2078; baseline 0.001 -14"><span class='ocrx_word' id='word_1_204' title='bbox 354 2030 533 2073; x_wconf 87' lang='lat' dir='ltr'>clesiarum,</span> <span class='ocrx_word' id='word_1_205' title='bbox 553 2030 815 2064; x_wconf 85' lang='lat' dir='ltr'>monasteriorum</span> <span class='ocrx_word' id='word_1_206' title='bbox 846 2029 1103 2078; x_wconf 87' lang='lat' dir='ltr'>prioratuumque</span> 
     </span>
     <span class='ocr_line' id='line_1_40' title="bbox 354 2084 1102 2132; baseline 0.001 -13"><span class='ocrx_word' id='word_1_207' title='bbox 354 2085 587 2132; x_wconf 87' lang='lat' dir='ltr'>praedictorum</span> <span class='ocrx_word' id='word_1_208' title='bbox 611 2084 657 2118; x_wconf 90' lang='lat' dir='ltr'>vel</span> <span class='ocrx_word' id='word_1_209' title='bbox 685 2084 820 2118; x_wconf 76' lang='lat' dir='ltr'>alicuius</span> <span class='ocrx_word' id='word_1_210' title='bbox 835 2096 957 2128; x_wconf 88' lang='lat' dir='ltr'>eorum,</span> <span class='ocrx_word' id='word_1_211' title='bbox 972 2097 1025 2119; x_wconf 83' lang='lat' dir='ltr'>seu</span> <span class='ocrx_word' id='word_1_212' title='bbox 1048 2085 1102 2120; x_wconf 89' lang='lat' dir='ltr'>bo-</span> 
     </span>
     <span class='ocr_line' id='line_1_41' title="bbox 354 2138 1102 2185; baseline -0.001 -11"><span class='ocrx_word' id='word_1_213' title='bbox 354 2151 467 2174; x_wconf 90' lang='lat' dir='ltr'>norum</span> <span class='ocrx_word' id='word_1_214' title='bbox 503 2138 710 2182; x_wconf 91' lang='lat' dir='ltr'>eorumdem,</span> <span class='ocrx_word' id='word_1_215' title='bbox 746 2139 776 2172; x_wconf 91' lang='lat' dir='ltr'>in</span> <span class='ocrx_word' id='word_1_216' title='bbox 812 2138 1028 2185; x_wconf 88' lang='lat' dir='ltr'>spiritualibus</span> <span class='ocrx_word' id='word_1_217' title='bbox 1056 2139 1102 2173; x_wconf 91' lang='lat' dir='ltr'>vel</span> 
     </span>
     <span class='ocr_line' id='line_1_42' title="bbox 354 2192 1101 2241; baseline 0 -14"><span class='ocrx_word' id='word_1_218' title='bbox 354 2193 580 2241; x_wconf 87' lang='lat' dir='ltr'>temporalibus</span> <span class='ocrx_word' id='word_1_219' title='bbox 603 2192 784 2226; x_wconf 87' lang='lat' dir='ltr'>nullatenus</span> <span class='ocrx_word' id='word_1_220' title='bbox 810 2204 842 2226; x_wconf 85' lang='lat' dir='ltr'>se</span> <span class='ocrx_word' id='word_1_221' title='bbox 873 2192 1032 2238; x_wconf 79' lang='lat' dir='ltr'>ingerere,</span> <span class='ocrx_word' id='word_1_222' title='bbox 1056 2194 1101 2228; x_wconf 93' lang='lat' dir='ltr'>vel</span> 
     </span>
     <span class='ocr_line' id='line_1_43' title="bbox 354 2246 1102 2293; baseline -0.003 -11"><span class='ocrx_word' id='word_1_223' title='bbox 354 2248 442 2282; x_wconf 84' lang='lat' dir='ltr'>aliter</span> <span class='ocrx_word' id='word_1_224' title='bbox 457 2259 490 2282; x_wconf 90' lang='lat' dir='ltr'>se</span> <span class='ocrx_word' id='word_1_225' title='bbox 512 2247 702 2290; x_wconf 85' lang='lat' dir='ltr'>immiscere,</span> <span class='ocrx_word' id='word_1_226' title='bbox 725 2254 778 2280; x_wconf 91' lang='lat' dir='ltr'>aut</span> <span class='ocrx_word' id='word_1_227' title='bbox 799 2259 895 2293; x_wconf 89' lang='lat' dir='ltr'>super</span> <span class='ocrx_word' id='word_1_228' title='bbox 913 2246 961 2281; x_wconf 92' lang='lat' dir='ltr'>his</span> <span class='ocrx_word' id='word_1_229' title='bbox 984 2247 1029 2280; x_wconf 87' lang='lat' dir='ltr'>vel</span> <span class='ocrx_word' id='word_1_230' title='bbox 1045 2259 1102 2281; x_wconf 90' lang='lat' dir='ltr'>eo-</span> 
     </span>
     <span class='ocr_line' id='line_1_44' title="bbox 355 2299 1102 2348; baseline -0.001 -12"><span class='ocrx_word' id='word_1_231' title='bbox 355 2314 424 2336; x_wconf 90' lang='lat' dir='ltr'>rum</span> <span class='ocrx_word' id='word_1_232' title='bbox 453 2301 571 2348; x_wconf 90' lang='lat' dir='ltr'>aliquo,</span> <span class='ocrx_word' id='word_1_233' title='bbox 593 2313 649 2335; x_wconf 90' lang='lat' dir='ltr'>seu</span> <span class='ocrx_word' id='word_1_234' title='bbox 677 2299 933 2347; x_wconf 62' lang='lat' dir='ltr'>depent‘lentibus</span> <span class='ocrx_word' id='word_1_235' title='bbox 956 2301 1003 2335; x_wconf 89' lang='lat' dir='ltr'>vel</span> <span class='ocrx_word' id='word_1_236' title='bbox 1032 2313 1102 2335; x_wconf 90' lang='lat' dir='ltr'>con-</span> 
     </span>
     <span class='ocr_line' id='line_1_45' title="bbox 355 2355 1102 2402; baseline 0 -11"><span class='ocrx_word' id='word_1_237' title='bbox 355 2356 455 2401; x_wconf 82' lang='lat' dir='ltr'>nexis,</span> <span class='ocrx_word' id='word_1_238' title='bbox 483 2355 730 2390; x_wconf 88' lang='lat' dir='ltr'>iurisdictionem</span> <span class='ocrx_word' id='word_1_239' title='bbox 761 2355 896 2402; x_wconf 86' lang='lat' dir='ltr'>aliquam</span> <span class='ocrx_word' id='word_1_240' title='bbox 925 2356 1102 2402; x_wconf 88' lang='lat' dir='ltr'>quomodo-</span> 
     </span>
     <span class='ocr_line' id='line_1_46' title="bbox 355 2410 1101 2457; baseline 0 -12"><span class='ocrx_word' id='word_1_241' title='bbox 355 2411 429 2446; x_wconf 88' lang='lat' dir='ltr'>libet</span> <span class='ocrx_word' id='word_1_242' title='bbox 467 2422 612 2445; x_wconf 81' lang='lat' dir='ltr'>exercere</span> <span class='ocrx_word' id='word_1_243' title='bbox 640 2417 898 2457; x_wconf 75' lang='lat' dir='ltr'>praesumerent,</span> <span class='ocrx_word' id='word_1_244' title='bbox 926 2410 1101 2457; x_wconf 86' lang='lat' dir='ltr'>ceterisque</span> 
     </span>
     <span class='ocr_line' id='line_1_47' title="bbox 356 2463 1102 2512; baseline -0.001 -12"><span class='ocrx_word' id='word_1_245' title='bbox 356 2464 466 2512; x_wconf 88' lang='lat' dir='ltr'>poenis</span> <span class='ocrx_word' id='word_1_246' title='bbox 493 2473 599 2499; x_wconf 87' lang='lat' dir='ltr'>contra</span> <span class='ocrx_word' id='word_1_247' title='bbox 627 2464 821 2511; x_wconf 86' lang='lat' dir='ltr'>praedictos,</span> <span class='ocrx_word' id='word_1_248' title='bbox 853 2476 867 2497; x_wconf 93' lang='lat' dir='ltr'>a</span> <span class='ocrx_word' id='word_1_249' title='bbox 896 2463 962 2498; x_wconf 89' lang='lat' dir='ltr'>iure</span> <span class='ocrx_word' id='word_1_250' title='bbox 989 2464 1038 2498; x_wconf 92' lang='lat' dir='ltr'>vel</span> <span class='ocrx_word' id='word_1_251' title='bbox 1064 2464 1102 2499; x_wconf 92' lang='lat' dir='ltr'>ab</span> 
     </span>
     <span class='ocr_line' id='line_1_48' title="bbox 354 2517 1100 2564; baseline -0.001 -11"><span class='ocrx_word' id='word_1_252' title='bbox 354 2518 492 2563; x_wconf 88' lang='lat' dir='ltr'>bomine,</span> <span class='ocrx_word' id='word_1_253' title='bbox 514 2518 606 2552; x_wconf 83' lang='lat' dir='ltr'>etiarn</span> <span class='ocrx_word' id='word_1_254' title='bbox 630 2519 750 2552; x_wconf 86' lang='lat' dir='ltr'>ratione</span> <span class='ocrx_word' id='word_1_255' title='bbox 766 2517 972 2564; x_wconf 77' lang='lat' dir='ltr'>negligentiae</span> <span class='ocrx_word' id='word_1_256' title='bbox 994 2530 1100 2552; x_wconf 90' lang='lat' dir='ltr'>mune-</span> 
     </span>
     <span class='ocr_line' id='line_1_49' title="bbox 356 2571 1101 2608; baseline 0 -2"><span class='ocrx_word' id='word_1_257' title='bbox 356 2573 397 2607; x_wconf 90' lang='lat' dir='ltr'>ris</span> <span class='ocrx_word' id='word_1_258' title='bbox 422 2572 668 2608; x_wconf 87' lang='lat' dir='ltr'>consecrationis</span> <span class='ocrx_word' id='word_1_259' title='bbox 696 2572 743 2606; x_wconf 91' lang='lat' dir='ltr'>vel</span> <span class='ocrx_word' id='word_1_260' title='bbox 776 2571 1006 2606; x_wconf 89' lang='lat' dir='ltr'>benedictionis</span> <span class='ocrx_word' id='word_1_261' title='bbox 1039 2584 1101 2607; x_wconf 91' lang='lat' dir='ltr'>non</span> 
     </span>
     <span class='ocr_line' id='line_1_50' title="bbox 355 2625 1101 2673; baseline -0.001 -11"><span class='ocrx_word' id='word_1_262' title='bbox 355 2627 505 2673; x_wconf 84' lang='lat' dir='ltr'>suscepti,</span> <span class='ocrx_word' id='word_1_263' title='bbox 531 2627 666 2670; x_wconf 83' lang='lat' dir='ltr'>statutis,</span> <span class='ocrx_word' id='word_1_264' title='bbox 695 2626 821 2661; x_wconf 82' lang='lat' dir='ltr'>inflictis</span> <span class='ocrx_word' id='word_1_265' title='bbox 847 2635 876 2661; x_wconf 90' lang='lat' dir='ltr'>et</span> <span class='ocrx_word' id='word_1_266' title='bbox 904 2625 972 2660; x_wconf 87' lang='lat' dir='ltr'>aliis</span> <span class='ocrx_word' id='word_1_267' title='bbox 992 2626 1021 2660; x_wconf 92' lang='lat' dir='ltr'>in</span> <span class='ocrx_word' id='word_1_268' title='bbox 1044 2639 1101 2661; x_wconf 89' lang='lat' dir='ltr'>suo</span> 
     </span>
     <span class='ocr_line' id='line_1_51' title="bbox 432 2682 729 2713; baseline -0.003 0"><span class='ocrx_word' id='word_1_269' title='bbox 432 2682 506 2713; x_wconf 70' lang='lat' dir='ltr'>Ball.</span> <span class='ocrx_word' id='word_1_270' title='bbox 522 2682 599 2713; x_wconf 84' lang='lat' dir='ltr'>Rom.</span> <span class='ocrx_word' id='word_1_271' title='bbox 626 2683 678 2712; x_wconf 67' lang='lat' dir='ltr'>Vol.</span> <span class='ocrx_word' id='word_1_272' title='bbox 701 2683 729 2713; x_wconf 77' lang='lat' dir='ltr'>V.</span> 
     </span>
    </p>
   </div>
   <div class='ocr_carea' id='block_1_5' title="bbox 946 2683 983 2712">
    <p class='ocr_par' dir='ltr' id='par_1_5' title="bbox 946 2683 983 2712">
     <span class='ocr_line' id='line_1_52' title="bbox 946 2683 983 2712; baseline 0 0"><span class='ocrx_word' id='word_1_273' title='bbox 946 2683 983 2712; x_wconf 68' lang='lat'>52&gt;</span> 
     </span>
    </p>
   </div>
   <div class='ocr_carea' id='block_1_6' title="bbox 1786 230 1854 262">
    <p class='ocr_par' dir='ltr' id='par_1_6' title="bbox 1786 230 1854 262">
     <span class='ocr_line' id='line_1_53' title="bbox 1786 230 1854 262; baseline 0.015 -1"><span class='ocrx_word' id='word_1_274' title='bbox 1786 230 1854 262; x_wconf 70' lang='lat'>409</span> 
     </span>
    </p>
   </div>
   <div class='ocr_carea' id='block_1_7' title="bbox 1152 293 1905 639">
    <p class='ocr_par' dir='ltr' id='par_1_7' title="bbox 1152 293 1905 539">
     <span class='ocr_line' id='line_1_54' title="bbox 1155 293 1905 341; baseline 0.004 -14"><span class='ocrx_word' id='word_1_275' title='bbox 1155 293 1265 328; x_wconf 85' lang='lat' dir='ltr'>robore</span> <span class='ocrx_word' id='word_1_276' title='bbox 1288 295 1515 341; x_wconf 83' lang='lat' dir='ltr'>permansuris,</span> <span class='ocrx_word' id='word_1_277' title='bbox 1531 293 1648 329; x_wconf 89' lang='lat' dir='ltr'>irritum</span> <span class='ocrx_word' id='word_1_278' title='bbox 1670 301 1700 328; x_wconf 90' lang='lat' dir='ltr'>et</span> <span class='ocrx_word' id='word_1_279' title='bbox 1723 294 1815 329; x_wconf 87' lang='lat' dir='ltr'>inane</span> <span class='ocrx_word' id='word_1_280' title='bbox 1834 307 1905 330; x_wconf 86' lang='lat' dir='ltr'>cen-</span> 
     </span>
     <span class='ocr_line' id='line_1_55' title="bbox 1153 343 1903 391; baseline 0.003 -14"><span class='ocrx_word' id='word_1_281' title='bbox 1153 344 1212 377; x_wconf 86' lang='lat' dir='ltr'>seri</span> <span class='ocrx_word' id='word_1_282' title='bbox 1236 355 1272 378; x_wconf 81' lang='lat' dir='ltr'>cx</span> <span class='ocrx_word' id='word_1_283' title='bbox 1295 356 1329 378; x_wconf 88' lang='lat' dir='ltr'>ea</span> <span class='ocrx_word' id='word_1_284' title='bbox 1352 343 1420 388; x_wconf 83' lang='lat' dir='ltr'>die,</span> <span class='ocrx_word' id='word_1_285' title='bbox 1443 344 1466 377; x_wconf 90' lang='lat' dir='ltr'>si</span> <span class='ocrx_word' id='word_1_286' title='bbox 1491 356 1582 378; x_wconf 87' lang='lat' dir='ltr'>secus</span> <span class='ocrx_word' id='word_1_287' title='bbox 1605 344 1650 378; x_wconf 82' lang='lat' dir='ltr'>vel</span> <span class='ocrx_word' id='word_1_288' title='bbox 1687 344 1776 379; x_wconf 85' lang='lat' dir='ltr'>aliter</span> <span class='ocrx_word' id='word_1_289' title='bbox 1808 357 1903 391; x_wconf 89' lang='lat' dir='ltr'>super</span> 
     </span>
     <span class='ocr_line' id='line_1_56' title="bbox 1154 393 1904 440; baseline 0.003 -14"><span class='ocrx_word' id='word_1_290' title='bbox 1154 393 1202 426; x_wconf 74' lang='lat' dir='ltr'>bis</span> <span class='ocrx_word' id='word_1_291' title='bbox 1225 405 1239 427; x_wconf 87' lang='lat' dir='ltr'>a</span> <span class='ocrx_word' id='word_1_292' title='bbox 1262 405 1432 440; x_wconf 87' lang='lat' dir='ltr'>quoquam,</span> <span class='ocrx_word' id='word_1_293' title='bbox 1455 394 1564 440; x_wconf 86' lang='lat' dir='ltr'>quavis</span> <span class='ocrx_word' id='word_1_294' title='bbox 1582 394 1776 438; x_wconf 84' lang='lat' dir='ltr'>auctoritate,</span> <span class='ocrx_word' id='word_1_295' title='bbox 1799 395 1904 429; x_wconf 90' lang='lat' dir='ltr'>scien—</span> 
     </span>
     <span class='ocr_line' id='line_1_57' title="bbox 1155 443 1903 489; baseline 0.003 -13"><span class='ocrx_word' id='word_1_296' title='bbox 1155 451 1198 477; x_wconf 90' lang='lat' dir='ltr'>ter</span> <span class='ocrx_word' id='word_1_297' title='bbox 1226 443 1272 478; x_wconf 89' lang='lat' dir='ltr'>vel</span> <span class='ocrx_word' id='word_1_298' title='bbox 1302 443 1504 489; x_wconf 84' lang='lat' dir='ltr'>ignoranter,</span> <span class='ocrx_word' id='word_1_299' title='bbox 1532 443 1560 476; x_wconf 88' lang='lat' dir='ltr'>in</span> <span class='ocrx_word' id='word_1_300' title='bbox 1590 452 1750 489; x_wconf 88' lang='lat' dir='ltr'>posterum</span> <span class='ocrx_word' id='word_1_301' title='bbox 1773 444 1903 479; x_wconf 88' lang='lat' dir='ltr'>contin-</span> 
     </span>
     <span class='ocr_line' id='line_1_58' title="bbox 1152 492 1684 539; baseline 0.004 -14"><span class='ocrx_word' id='word_1_302' title='bbox 1152 500 1240 538; x_wconf 73' lang='lat' dir='ltr'>geret</span> <span class='ocrx_word' id='word_1_303' title='bbox 1267 493 1408 527; x_wconf 86' lang='lat' dir='ltr'>attentari</span> <span class='ocrx_word' id='word_1_304' title='bbox 1432 492 1684 539; x_wconf 79' lang='lat' dir='ltr'>quomodolibet.</span> 
     </span>
    </p>

    <p class='ocr_par' dir='ltr' id='par_1_8' title="bbox 1154 541 1903 639">
     <span class='ocr_line' id='line_1_59' title="bbox 1201 541 1903 586; baseline 0.001 -10"><span class='ocrx_word' id='word_1_305' title='bbox 1201 542 1220 586; x_wconf 56' lang='grc' dir='ltr'>,Ε</span> <span class='ocrx_word' id='word_1_306' title='bbox 1248 545 1279 576; x_wconf 80' lang='lat'>5.</span> <span class='ocrx_word' id='word_1_307' title='bbox 1303 541 1490 577; x_wconf 83' lang='lat' dir='ltr'>Successive</span> <span class='ocrx_word' id='word_1_308' title='bbox 1514 554 1600 586; x_wconf 86' lang='lat' dir='ltr'>ver0,</span> <span class='ocrx_word' id='word_1_309' title='bbox 1624 542 1810 578; x_wconf 84' lang='lat' dir='ltr'>recolendae</span> <span class='ocrx_word' id='word_1_310' title='bbox 1833 555 1903 577; x_wconf 90' lang='lat' dir='ltr'>me-</span> 
     </span>
     <span class='ocr_line' id='line_1_60' title="bbox 1154 591 1900 639; baseline 0.004 -15"><span class='ocrx_word' id='word_1_311' title='bbox 1154 592 1270 626; x_wconf 90' lang='lat' dir='ltr'>moriae</span> <span class='ocrx_word' id='word_1_312' title='bbox 1296 591 1373 626; x_wconf 89' lang='lat' dir='ltr'>Pius</span> <span class='ocrx_word' id='word_1_313' title='bbox 1397 591 1478 639; x_wconf 84' lang='lat' dir='ltr'>Papa</span> <span class='ocrx_word' id='word_1_314' title='bbox 1506 591 1677 637; x_wconf 88' lang='lat' dir='ltr'>secundus,</span> <span class='ocrx_word' id='word_1_315' title='bbox 1700 593 1791 627; x_wconf 90' lang='lat' dir='ltr'>ctiam</span> <span class='ocrx_word' id='word_1_316' title='bbox 1811 605 1900 639; x_wconf 87' lang='lat' dir='ltr'>prae-</span> 
     </span>
    </p>
   </div>
   <div class='ocr_carea' id='block_1_8' title="bbox 1152 641 2032 688">
    <p class='ocr_par' dir='ltr' id='par_1_9' title="bbox 1152 641 2032 688">
     <span class='ocr_line' id='line_1_61' title="bbox 1152 641 2032 688; baseline 0.002 -14"><span class='ocrx_word' id='word_1_317' title='bbox 1152 641 1300 676; x_wconf 89' lang='lat' dir='ltr'>decessor</span> <span class='ocrx_word' id='word_1_318' title='bbox 1322 649 1429 675; x_wconf 78' lang='lat' dir='ltr'>noster</span> <span class='ocrx_word' id='word_1_319' title='bbox 1444 669 1451 680; x_wconf 89' lang='lat'>,</span> <span class='ocrx_word' id='word_1_320' title='bbox 1479 641 1612 688; x_wconf 87' lang='lat' dir='ltr'>cupiens</span> <span class='ocrx_word' id='word_1_321' title='bbox 1634 649 1694 676; x_wconf 91' lang='lat' dir='ltr'>tam</span> <span class='ocrx_word' id='word_1_322' title='bbox 1718 642 1809 676; x_wconf 87' lang='lat' dir='ltr'>saluti</span> <span class='ocrx_word' id='word_1_323' title='bbox 1833 644 1903 676; x_wconf 90' lang='lat' dir='ltr'>ani-</span> <span class='ocrx_word' id='word_1_324' title='bbox 1942 655 2032 668; x_wconf 74' lang='lat'>=··÷=¹=··</span> 
     </span>
    </p>
   </div>
   <div class='ocr_carea' id='block_1_9' title="bbox 1153 691 1902 739">
    <p class='ocr_par' dir='ltr' id='par_1_10' title="bbox 1153 691 1902 739">
     <span class='ocr_line' id='line_1_62' title="bbox 1153 691 1902 739; baseline 0.003 -16"><span class='ocrx_word' id='word_1_325' title='bbox 1153 702 1287 735; x_wconf 89' lang='lat' dir='ltr'>marum,</span> <span class='ocrx_word' id='word_1_326' title='bbox 1309 703 1402 736; x_wconf 87' lang='lat' dir='ltr'>quam</span> <span class='ocrx_word' id='word_1_327' title='bbox 1426 691 1525 736; x_wconf 90' lang='lat' dir='ltr'>ipsius</span> <span class='ocrx_word' id='word_1_328' title='bbox 1546 691 1696 727; x_wconf 85' lang='lat' dir='ltr'>Gamerae</span> <span class='ocrx_word' id='word_1_329' title='bbox 1712 691 1902 739; x_wconf 77' lang='lat' dir='ltr'>Apostolica·</span> 
     </span>
    </p>
   </div>
   <div class='ocr_carea' id='block_1_10' title="bbox 1153 740 1903 786">
    <p class='ocr_par' dir='ltr' id='par_1_11' title="bbox 1153 740 1978 786">
     <span class='ocr_line' id='line_1_63' title="bbox 1153 740 1903 786; baseline 0.004 -13"><span class='ocrx_word' id='word_1_330' title='bbox 1153 740 1348 774; x_wconf 82' lang='lat' dir='ltr'>indemnitati</span> <span class='ocrx_word' id='word_1_331' title='bbox 1377 740 1541 775; x_wconf 85' lang='lat' dir='ltr'>salubriter</span> <span class='ocrx_word' id='word_1_332' title='bbox 1568 741 1750 786; x_wconf 76' lang='lat' dir='ltr'>providere3</span> <span class='ocrx_word' id='word_1_333' title='bbox 1773 753 1809 776; x_wconf 91' lang='lat' dir='ltr'>ac</span> <span class='ocrx_word' id='word_1_334' title='bbox 1834 743 1903 776; x_wconf 80' lang='lat' dir='ltr'>exi-</span> 
     </span>
    </p>
   </div>
   <div class='ocr_carea' id='block_1_11' title="bbox 1143 790 1903 2679">
    <p class='ocr_par' dir='ltr' id='par_1_12' title="bbox 1143 790 1903 2679">
     <span class='ocr_line' id='line_1_64' title="bbox 1151 790 1902 836; baseline 0.003 -12"><span class='ocrx_word' id='word_1_335' title='bbox 1151 790 1282 824; x_wconf 89' lang='lat' dir='ltr'>stimans</span> <span class='ocrx_word' id='word_1_336' title='bbox 1304 802 1370 833; x_wconf 84' lang='lat' dir='ltr'>eOS,</span> <span class='ocrx_word' id='word_1_337' title='bbox 1394 802 1473 836; x_wconf 88' lang='lat' dir='ltr'>quos</span> <span class='ocrx_word' id='word_1_338' title='bbox 1496 790 1525 824; x_wconf 92' lang='lat' dir='ltr'>in</span> <span class='ocrx_word' id='word_1_339' title='bbox 1550 790 1631 824; x_wconf 90' lang='lat' dir='ltr'>dicta</span> <span class='ocrx_word' id='word_1_340' title='bbox 1658 790 1789 826; x_wconf 84' lang='lat' dir='ltr'>Camera</span> <span class='ocrx_word' id='word_1_341' title='bbox 1817 791 1902 826; x_wconf 90' lang='lat' dir='ltr'>dein-</span> 
     </span>
     <span class='ocr_line' id='line_1_65' title="bbox 1151 839 1901 888; baseline 0.004 -15"><span class='ocrx_word' id='word_1_342' title='bbox 1151 852 1225 886; x_wconf 82' lang='lat' dir='ltr'>ceps</span> <span class='ocrx_word' id='word_1_343' title='bbox 1248 852 1303 886; x_wconf 90' lang='lat' dir='ltr'>pro</span> <span class='ocrx_word' id='word_1_344' title='bbox 1317 847 1429 874; x_wconf 87' lang='lat' dir='ltr'>annata</span> <span class='ocrx_word' id='word_1_345' title='bbox 1449 839 1674 874; x_wconf 76' lang='lat' dir='ltr'>beneficiorum</span> <span class='ocrx_word' id='word_1_346' title='bbox 1699 853 1754 888; x_wconf 90' lang='lat' dir='ltr'>per</span> <span class='ocrx_word' id='word_1_347' title='bbox 1775 853 1829 876; x_wconf 88' lang='lat' dir='ltr'>eos</span> <span class='ocrx_word' id='word_1_348' title='bbox 1843 853 1901 876; x_wconf 86' lang='lat' dir='ltr'>au—</span> 
     </span>
     <span class='ocr_line' id='line_1_66' title="bbox 1150 889 1901 937; baseline 0.003 -14"><span class='ocrx_word' id='word_1_349' title='bbox 1150 890 1291 924; x_wconf 87' lang='lat' dir='ltr'>ctoritate</span> <span class='ocrx_word' id='word_1_350' title='bbox 1319 889 1489 936; x_wconf 88' lang='lat' dir='ltr'>apostolica</span> <span class='ocrx_word' id='word_1_351' title='bbox 1516 898 1744 934; x_wconf 79' lang='lat' dir='ltr'>assecutorum,</span> <span class='ocrx_word' id='word_1_352' title='bbox 1772 891 1901 937; x_wconf 86' lang='lat' dir='ltr'>obligari</span> 
     </span>
     <span class='ocr_line' id='line_1_67' title="bbox 1150 939 1903 985; baseline 0.003 -12"><span class='ocrx_word' id='word_1_353' title='bbox 1150 940 1358 985; x_wconf 84' lang='lat' dir='ltr'>contingeret,</span> <span class='ocrx_word' id='word_1_354' title='bbox 1381 939 1458 973; x_wconf 84' lang='lat' dir='ltr'>infra</span> <span class='ocrx_word' id='word_1_355' title='bbox 1479 940 1628 974; x_wconf 91' lang='lat' dir='ltr'>terminos</span> <span class='ocrx_word' id='word_1_356' title='bbox 1642 941 1686 974; x_wconf 89' lang='lat' dir='ltr'>eis</span> <span class='ocrx_word' id='word_1_357' title='bbox 1700 941 1903 985; x_wconf 87' lang='lat' dir='ltr'>constitutos,</span> 
     </span>
     <span class='ocr_line' id='line_1_68' title="bbox 1150 988 1902 1035; baseline 0.004 -13"><span class='ocrx_word' id='word_1_358' title='bbox 1150 989 1278 1022; x_wconf 90' lang='lat' dir='ltr'>omnino</span> <span class='ocrx_word' id='word_1_359' title='bbox 1305 988 1456 1023; x_wconf 78' lang='lat' dir='ltr'>Gamerae</span> <span class='ocrx_word' id='word_1_360' title='bbox 1478 989 1651 1035; x_wconf 80' lang='lat' dir='ltr'>praedictae</span> <span class='ocrx_word' id='word_1_361' title='bbox 1675 990 1902 1031; x_wconf 73' lang='lat' dir='ltr'>satisfacturos,</span> 
     </span>
     <span class='ocr_line' id='line_1_69' title="bbox 1150 1038 1901 1084; baseline 0.004 -13"><span class='ocrx_word' id='word_1_362' title='bbox 1150 1038 1186 1079; x_wconf 84' lang='lat' dir='ltr'>si,</span> <span class='ocrx_word' id='word_1_363' title='bbox 1212 1038 1288 1072; x_wconf 86' lang='lat' dir='ltr'>ultra</span> <span class='ocrx_word' id='word_1_364' title='bbox 1325 1039 1511 1072; x_wconf 87' lang='lat' dir='ltr'>sententiam</span> <span class='ocrx_word' id='word_1_365' title='bbox 1545 1040 1901 1084; x_wconf 77' lang='lat' dir='ltr'>excommunicationis,</span> 
     </span>
     <span class='ocr_line' id='line_1_70' title="bbox 1149 1088 1900 1134; baseline 0.004 -14"><span class='ocrx_word' id='word_1_366' title='bbox 1149 1099 1254 1134; x_wconf 88' lang='lat' dir='ltr'>quam,</span> <span class='ocrx_word' id='word_1_367' title='bbox 1290 1100 1351 1121; x_wconf 93' lang='lat' dir='ltr'>non</span> <span class='ocrx_word' id='word_1_368' title='bbox 1375 1088 1595 1122; x_wconf 71' lang='lat' dir='ltr'>satisfaciendo</span> <span class='ocrx_word' id='word_1_369' title='bbox 1629 1089 1658 1122; x_wconf 92' lang='lat' dir='ltr'>in</span> <span class='ocrx_word' id='word_1_370' title='bbox 1688 1089 1821 1123; x_wconf 90' lang='lat' dir='ltr'>termino</span> <span class='ocrx_word' id='word_1_371' title='bbox 1843 1090 1900 1124; x_wconf 90' lang='lat' dir='ltr'>sibi</span> 
     </span>
     <span class='ocr_line' id='line_1_71' title="bbox 1151 1137 1902 1186; baseline 0.004 -16"><span class='ocrx_word' id='word_1_372' title='bbox 1151 1138 1299 1183; x_wconf 83' lang='lat' dir='ltr'>praefixo,</span> <span class='ocrx_word' id='word_1_373' title='bbox 1318 1138 1385 1184; x_wconf 90' lang='lat' dir='ltr'>ipso</span> <span class='ocrx_word' id='word_1_374' title='bbox 1404 1137 1482 1171; x_wconf 80' lang='lat' dir='ltr'>lacto</span> <span class='ocrx_word' id='word_1_375' title='bbox 1498 1138 1706 1183; x_wconf 81' lang='lat' dir='ltr'>incurrerent,</span> <span class='ocrx_word' id='word_1_376' title='bbox 1726 1138 1829 1186; x_wconf 87' lang='lat' dir='ltr'>aliqua</span> <span class='ocrx_word' id='word_1_377' title='bbox 1846 1152 1902 1186; x_wconf 88' lang='lat' dir='ltr'>per·</span> 
     </span>
     <span class='ocr_line' id='line_1_72' title="bbox 1148 1187 1900 1235; baseline 0.004 -16"><span class='ocrx_word' id='word_1_378' title='bbox 1148 1198 1219 1220; x_wconf 87' lang='lat' dir='ltr'>eum</span> <span class='ocrx_word' id='word_1_379' title='bbox 1244 1187 1305 1221; x_wconf 93' lang='lat' dir='ltr'>illis</span> <span class='ocrx_word' id='word_1_380' title='bbox 1329 1199 1427 1233; x_wconf 87' lang='lat' dir='ltr'>poena</span> <span class='ocrx_word' id='word_1_381' title='bbox 1451 1187 1560 1221; x_wconf 84' lang='lat' dir='ltr'>fortior</span> <span class='ocrx_word' id='word_1_382' title='bbox 1585 1187 1790 1233; x_wconf 75' lang='lat' dir='ltr'>infligeretur,</span> <span class='ocrx_word' id='word_1_383' title='bbox 1811 1200 1900 1235; x_wconf 88' lang='lat' dir='ltr'>prae-</span> 
     </span>
     <span class='ocr_line' id='line_1_73' title="bbox 1149 1236 1901 1280; baseline 0.005 -11"><span class='ocrx_word' id='word_1_384' title='bbox 1149 1236 1265 1280; x_wconf 87' lang='lat' dir='ltr'>missis,</span> <span class='ocrx_word' id='word_1_385' title='bbox 1287 1249 1322 1270; x_wconf 87' lang='lat' dir='ltr'>ac</span> <span class='ocrx_word' id='word_1_386' title='bbox 1350 1237 1443 1270; x_wconf 87' lang='lat' dir='ltr'>certis</span> <span class='ocrx_word' id='word_1_387' title='bbox 1470 1236 1538 1271; x_wconf 88' lang='lat' dir='ltr'>aliis</span> <span class='ocrx_word' id='word_1_388' title='bbox 1566 1236 1806 1272; x_wconf 89' lang='lat' dir='ltr'>rationabilibus</span> <span class='ocrx_word' id='word_1_389' title='bbox 1822 1250 1901 1273; x_wconf 90' lang='lat' dir='ltr'>cau—</span> 
     </span>
     <span class='ocr_line' id='line_1_74' title="bbox 1147 1286 1900 1335; baseline 0.003 -16"><span class='ocrx_word' id='word_1_390' title='bbox 1147 1286 1191 1320; x_wconf 89' lang='lat' dir='ltr'>sis</span> <span class='ocrx_word' id='word_1_391' title='bbox 1212 1287 1353 1321; x_wconf 86' lang='lat' dir='ltr'>animum</span> <span class='ocrx_word' id='word_1_392' title='bbox 1366 1298 1459 1321; x_wconf 90' lang='lat' dir='ltr'>suum</span> <span class='ocrx_word' id='word_1_393' title='bbox 1484 1286 1695 1331; x_wconf 77' lang='lat' dir='ltr'>moventibus,</span> <span class='ocrx_word' id='word_1_394' title='bbox 1719 1299 1900 1335; x_wconf 89' lang='lat' dir='ltr'>perquam-</span> 
     </span>
     <span class='ocr_line' id='line_1_75' title="bbox 1147 1335 1900 1385; baseline 0.005 -17"><span class='ocrx_word' id='word_1_395' title='bbox 1147 1335 1217 1369; x_wconf 90' lang='lat' dir='ltr'>dam</span> <span class='ocrx_word' id='word_1_396' title='bbox 1246 1337 1504 1371; x_wconf 87' lang='lat' dir='ltr'>constitutionem</span> <span class='ocrx_word' id='word_1_397' title='bbox 1539 1348 1628 1371; x_wconf 88' lang='lat' dir='ltr'>suam</span> <span class='ocrx_word' id='word_1_398' title='bbox 1646 1364 1653 1378; x_wconf 90' lang='lat'>,</span> <span class='ocrx_word' id='word_1_399' title='bbox 1681 1349 1763 1384; x_wconf 87' lang='lat' dir='ltr'>quae</span> <span class='ocrx_word' id='word_1_400' title='bbox 1792 1338 1900 1385; x_wconf 89' lang='lat' dir='ltr'>incipit</span> 
     </span>
     <span class='ocr_line' id='line_1_76' title="bbox 1148 1387 1900 1433; baseline 0.003 -14"><span class='ocrx_word' id='word_1_401' title='bbox 1148 1387 1283 1420; x_wconf 78' lang='lat' dir='ltr'>Romani</span> <span class='ocrx_word' id='word_1_402' title='bbox 1300 1388 1481 1432; x_wconf 80' lang='lat' dir='ltr'>Ponlz&#39;fict&#39;s,</span> <span class='ocrx_word' id='word_1_403' title='bbox 1506 1395 1660 1433; x_wconf 89' lang='lat' dir='ltr'>perpetuo</span> <span class='ocrx_word' id='word_1_404' title='bbox 1688 1387 1840 1433; x_wconf 76' lang='lat' dir='ltr'>providit,</span> <span class='ocrx_word' id='word_1_405' title='bbox 1870 1396 1900 1421; x_wconf 90' lang='lat' dir='ltr'>et</span> 
     </span>
     <span class='ocr_line' id='line_1_77' title="bbox 1146 1436 1900 1482; baseline 0 -12"><span class='ocrx_word' id='word_1_406' title='bbox 1146 1436 1255 1470; x_wconf 87' lang='lat' dir='ltr'>eadem</span> <span class='ocrx_word' id='word_1_407' title='bbox 1284 1437 1468 1471; x_wconf 85' lang='lat' dir='ltr'>auctoritate</span> <span class='ocrx_word' id='word_1_408' title='bbox 1491 1436 1657 1482; x_wconf 84' lang='lat' dir='ltr'>apostoliea</span> <span class='ocrx_word' id='word_1_409' title='bbox 1674 1437 1781 1471; x_wconf 87' lang='lat' dir='ltr'>statuit</span> <span class='ocrx_word' id='word_1_410' title='bbox 1799 1447 1828 1473; x_wconf 90' lang='lat' dir='ltr'>et</span> <span class='ocrx_word' id='word_1_411' title='bbox 1845 1449 1900 1471; x_wconf 86' lang='lat' dir='ltr'>or-</span> 
     </span>
     <span class='ocr_line' id='line_1_78' title="bbox 1146 1486 1896 1534; baseline 0.003 -16"><span class='ocrx_word' id='word_1_412' title='bbox 1146 1486 1285 1531; x_wconf 83' lang='lat' dir='ltr'>dinavit,</span> <span class='ocrx_word' id='word_1_413' title='bbox 1322 1499 1358 1521; x_wconf 89' lang='lat' dir='ltr'>ac</span> <span class='ocrx_word' id='word_1_414' title='bbox 1392 1486 1528 1520; x_wconf 86' lang='lat' dir='ltr'>decrevit</span> <span class='ocrx_word' id='word_1_415' title='bbox 1559 1495 1588 1520; x_wconf 87' lang='lat' dir='ltr'>et</span> <span class='ocrx_word' id='word_1_416' title='bbox 1615 1486 1781 1521; x_wconf 80' lang='lat' dir='ltr'>declaravit</span> <span class='ocrx_word' id='word_1_417' title='bbox 1813 1488 1896 1534; x_wconf 86' lang='lat' dir='ltr'>quod</span> 
     </span>
     <span class='ocr_line' id='line_1_79' title="bbox 1146 1536 1897 1583; baseline 0.003 -14"><span class='ocrx_word' id='word_1_418' title='bbox 1146 1548 1256 1571; x_wconf 91' lang='lat' dir='ltr'>omnes</span> <span class='ocrx_word' id='word_1_419' title='bbox 1283 1545 1313 1570; x_wconf 88' lang='lat' dir='ltr'>et</span> <span class='ocrx_word' id='word_1_420' title='bbox 1335 1536 1478 1582; x_wconf 79' lang='lat' dir='ltr'>singulae</span> <span class='ocrx_word' id='word_1_421' title='bbox 1505 1536 1732 1581; x_wconf 80' lang='lat' dir='ltr'>obligationes,</span> <span class='ocrx_word' id='word_1_422' title='bbox 1754 1548 1834 1583; x_wconf 91' lang='lat' dir='ltr'>quae</span> <span class='ocrx_word' id='word_1_423' title='bbox 1861 1550 1897 1571; x_wconf 83' lang='lat' dir='ltr'>cx</span> 
     </span>
     <span class='ocr_line' id='line_1_80' title="bbox 1147 1586 1899 1634; baseline 0 -15"><span class='ocrx_word' id='word_1_424' title='bbox 1147 1586 1194 1620; x_wconf 93' lang='lat' dir='ltr'>illa</span> <span class='ocrx_word' id='word_1_425' title='bbox 1219 1586 1281 1625; x_wconf 82' lang='lat' dir='ltr'>die,</span> <span class='ocrx_word' id='word_1_426' title='bbox 1305 1599 1401 1633; x_wconf 88' lang='lat' dir='ltr'>super</span> <span class='ocrx_word' id='word_1_427' title='bbox 1416 1586 1538 1620; x_wconf 91' lang='lat' dir='ltr'>annatis</span> <span class='ocrx_word' id='word_1_428' title='bbox 1550 1599 1828 1634; x_wconf 85' lang='lat' dir='ltr'>quorumcumque</span> <span class='ocrx_word' id='word_1_429' title='bbox 1843 1587 1899 1620; x_wconf 89' lang='lat' dir='ltr'>be-</span> 
     </span>
     <span class='ocr_line' id='line_1_81' title="bbox 1147 1635 1897 1683; baseline 0.001 -14"><span class='ocrx_word' id='word_1_430' title='bbox 1147 1637 1342 1677; x_wconf 81' lang='lat' dir='ltr'>neficiorum,</span> <span class='ocrx_word' id='word_1_431' title='bbox 1366 1637 1394 1669; x_wconf 90' lang='lat' dir='ltr'>in</span> <span class='ocrx_word' id='word_1_432' title='bbox 1417 1636 1499 1670; x_wconf 78' lang='lat' dir='ltr'>dicta</span> <span class='ocrx_word' id='word_1_433' title='bbox 1515 1635 1646 1670; x_wconf 88' lang='lat' dir='ltr'>Camera</span> <span class='ocrx_word' id='word_1_434' title='bbox 1667 1636 1897 1683; x_wconf 82' lang='lat' dir='ltr'>reciperentur,</span> 
     </span>
     <span class='ocr_line' id='line_1_82' title="bbox 1146 1685 1896 1733; baseline 0.003 -15"><span class='ocrx_word' id='word_1_435' title='bbox 1146 1686 1418 1732; x_wconf 70' lang='lat' dir='ltr'>intelligerentur,</span> <span class='ocrx_word' id='word_1_436' title='bbox 1441 1685 1525 1733; x_wconf 88' lang='lat' dir='ltr'>quod</span> <span class='ocrx_word' id='word_1_437' title='bbox 1550 1685 1676 1732; x_wconf 81' lang='lat' dir='ltr'>obligati</span> <span class='ocrx_word' id='word_1_438' title='bbox 1702 1698 1756 1731; x_wconf 87' lang='lat' dir='ltr'>pro</span> <span class='ocrx_word' id='word_1_439' title='bbox 1783 1699 1839 1730; x_wconf 83' lang='lat' dir='ltr'>se,</span> <span class='ocrx_word' id='word_1_440' title='bbox 1872 1687 1896 1720; x_wconf 92' lang='lat' dir='ltr'>si</span> 
     </span>
     <span class='ocr_line' id='line_1_83' title="bbox 1146 1734 1898 1783; baseline 0.003 -15"><span class='ocrx_word' id='word_1_441' title='bbox 1146 1735 1223 1769; x_wconf 86' lang='lat' dir='ltr'>infra</span> <span class='ocrx_word' id='word_1_442' title='bbox 1243 1736 1288 1770; x_wconf 85' lang='lat' dir='ltr'>eis</span> <span class='ocrx_word' id='word_1_443' title='bbox 1311 1735 1465 1783; x_wconf 81' lang='lat' dir='ltr'>praefixos</span> <span class='ocrx_word' id='word_1_444' title='bbox 1488 1735 1651 1775; x_wconf 81' lang='lat' dir='ltr'>terminos,</span> <span class='ocrx_word' id='word_1_445' title='bbox 1674 1734 1816 1771; x_wconf 85' lang='lat' dir='ltr'>Camerae</span> <span class='ocrx_word' id='word_1_446' title='bbox 1829 1736 1898 1771; x_wconf 84' lang='lat' dir='ltr'>col-</span> 
     </span>
     <span class='ocr_line' id='line_1_84' title="bbox 1146 1785 1897 1832; baseline 0.003 -14"><span class='ocrx_word' id='word_1_447' title='bbox 1146 1786 1314 1819; x_wconf 82' lang='lat' dir='ltr'>lectoribus</span> <span class='ocrx_word' id='word_1_448' title='bbox 1339 1798 1368 1819; x_wconf 87' lang='lat' dir='ltr'>rn</span> <span class='ocrx_word' id='word_1_449' title='bbox 1398 1785 1539 1832; x_wconf 87' lang='lat' dir='ltr'>partibus</span> <span class='ocrx_word' id='word_1_450' title='bbox 1568 1798 1622 1832; x_wconf 92' lang='lat' dir='ltr'>pro</span> <span class='ocrx_word' id='word_1_451' title='bbox 1655 1793 1798 1832; x_wconf 82' lang='lat' dir='ltr'>ternpore</span> <span class='ocrx_word' id='word_1_452' title='bbox 1825 1786 1897 1820; x_wconf 82' lang='lat' dir='ltr'>exi—</span> 
     </span>
     <span class='ocr_line' id='line_1_85' title="bbox 1144 1835 1896 1882; baseline 0.001 -14"><span class='ocrx_word' id='word_1_453' title='bbox 1144 1835 1312 1876; x_wconf 76' lang='lat' dir='ltr'>stentibus</span> <span class='ocrx_word' id='word_1_454' title='bbox 1328 1835 1505 1869; x_wconf 79' lang='lat' dir='ltr'>satisfacere</span> <span class='ocrx_word' id='word_1_455' title='bbox 1528 1835 1728 1879; x_wconf 79' lang='lat' dir='ltr'>defecissent,</span> <span class='ocrx_word' id='word_1_456' title='bbox 1753 1844 1812 1870; x_wconf 90' lang='lat' dir='ltr'>tam</span> <span class='ocrx_word' id='word_1_457' title='bbox 1829 1836 1896 1882; x_wconf 88' lang='lat' dir='ltr'>ipso</span> 
     </span>
     <span class='ocr_line' id='line_1_86' title="bbox 1146 1885 1893 1940; baseline 0 -21"><span class='ocrx_word' id='word_1_458' title='bbox 1146 1885 1244 1929; x_wconf 80' lang='lat' dir='ltr'>licto,</span> <span class='ocrx_word' id='word_1_459' title='bbox 1267 1885 1356 1940; x_wconf 82' lang='lat' dir='ltr'>lapso</span> <span class='ocrx_word' id='word_1_460' title='bbox 1392 1886 1502 1920; x_wconf 84' lang='lat' dir='ltr'>eedem</span> <span class='ocrx_word' id='word_1_461' title='bbox 1528 1886 1684 1929; x_wconf 88' lang='lat' dir='ltr'>termino,</span> <span class='ocrx_word' id='word_1_462' title='bbox 1706 1887 1893 1920; x_wconf 87' lang='lat' dir='ltr'>seutentiam</span> 
     </span>
     <span class='ocr_line' id='line_1_87' title="bbox 1144 1913 1896 1982; baseline 0 -14"><span class='ocrx_word' id='word_1_463' title='bbox 1144 1913 1483 1970; x_wconf 72' lang='lat' dir='ltr'>‹xcoriimunicationis</span> <span class='ocrx_word' id='word_1_464' title='bbox 1508 1936 1714 1979; x_wconf 77' lang='lat' dir='ltr'>incurrerent,</span> <span class='ocrx_word' id='word_1_465' title='bbox 1733 1947 1826 1982; x_wconf 87' lang='lat' dir='ltr'>qnam</span> <span class='ocrx_word' id='word_1_466' title='bbox 1844 1935 1896 1969; x_wconf 89' lang='lat' dir='ltr'>be-</span> 
     </span>
     <span class='ocr_line' id='line_1_88' title="bbox 1146 1984 1893 2032; baseline 0 -14"><span class='ocrx_word' id='word_1_467' title='bbox 1146 1985 1265 2019; x_wconf 88' lang='lat' dir='ltr'>nelieiis</span> <span class='ocrx_word' id='word_1_468' title='bbox 1287 1985 1366 2029; x_wconf 89' lang='lat' dir='ltr'>suis,</span> <span class='ocrx_word' id='word_1_469' title='bbox 1390 1997 1445 2032; x_wconf 90' lang='lat' dir='ltr'>pro</span> <span class='ocrx_word' id='word_1_470' title='bbox 1473 1985 1588 2032; x_wconf 86' lang='lat' dir='ltr'>quibus</span> <span class='ocrx_word' id='word_1_471' title='bbox 1616 1985 1645 2018; x_wconf 93' lang='lat' dir='ltr'>in</span> <span class='ocrx_word' id='word_1_472' title='bbox 1664 1985 1745 2019; x_wconf 92' lang='lat' dir='ltr'>dicta</span> <span class='ocrx_word' id='word_1_473' title='bbox 1762 1984 1893 2019; x_wconf 88' lang='lat' dir='ltr'>Camera</span> 
     </span>
     <span class='ocr_line' id='line_1_89' title="bbox 1144 2034 1895 2081; baseline 0 -13"><span class='ocrx_word' id='word_1_474' title='bbox 1144 2046 1177 2068; x_wconf 90' lang='lat' dir='ltr'>se</span> <span class='ocrx_word' id='word_1_475' title='bbox 1200 2034 1414 2081; x_wconf 81' lang='lat' dir='ltr'>obligassent,</span> <span class='ocrx_word' id='word_1_476' title='bbox 1436 2035 1566 2069; x_wconf 90' lang='lat' dir='ltr'>omnino</span> <span class='ocrx_word' id='word_1_477' title='bbox 1594 2043 1698 2069; x_wconf 88' lang='lat' dir='ltr'>essent</span> <span class='ocrx_word' id='word_1_478' title='bbox 1725 2042 1754 2068; x_wconf 89' lang='lat' dir='ltr'>et</span> <span class='ocrx_word' id='word_1_479' title='bbox 1782 2046 1895 2069; x_wconf 89' lang='lat' dir='ltr'>cense-</span> 
     </span>
     <span class='ocr_line' id='line_1_90' title="bbox 1145 2084 1892 2132; baseline 0.001 -15"><span class='ocrx_word' id='word_1_480' title='bbox 1145 2093 1253 2118; x_wconf 82' lang='lat' dir='ltr'>rentur</span> <span class='ocrx_word' id='word_1_481' title='bbox 1280 2084 1404 2132; x_wconf 89' lang='lat' dir='ltr'>privati;</span> <span class='ocrx_word' id='word_1_482' title='bbox 1428 2084 1470 2118; x_wconf 87' lang='lat' dir='ltr'>illi</span> <span class='ocrx_word' id='word_1_483' title='bbox 1494 2097 1580 2128; x_wconf 88' lang='lat' dir='ltr'>vero,</span> <span class='ocrx_word' id='word_1_484' title='bbox 1602 2085 1655 2131; x_wconf 91' lang='lat' dir='ltr'>qui</span> <span class='ocrx_word' id='word_1_485' title='bbox 1679 2095 1740 2118; x_wconf 88' lang='lat' dir='ltr'>non</span> <span class='ocrx_word' id='word_1_486' title='bbox 1765 2096 1820 2131; x_wconf 93' lang='lat' dir='ltr'>pro</span> <span class='ocrx_word' id='word_1_487' title='bbox 1847 2096 1892 2123; x_wconf 83' lang='lat' dir='ltr'>se,</span> 
     </span>
     <span class='ocr_line' id='line_1_91' title="bbox 1144 2134 1893 2181; baseline -0.001 -13"><span class='ocrx_word' id='word_1_488' title='bbox 1144 2134 1198 2168; x_wconf 83' lang='lat' dir='ltr'>sed</span> <span class='ocrx_word' id='word_1_489' title='bbox 1222 2147 1278 2181; x_wconf 91' lang='lat' dir='ltr'>pro</span> <span class='ocrx_word' id='word_1_490' title='bbox 1305 2134 1400 2179; x_wconf 90' lang='lat' dir='ltr'>aliis,</span> <span class='ocrx_word' id='word_1_491' title='bbox 1424 2143 1455 2168; x_wconf 93' lang='lat' dir='ltr'>ut</span> <span class='ocrx_word' id='word_1_492' title='bbox 1483 2134 1670 2180; x_wconf 82' lang='lat' dir='ltr'>principales</span> <span class='ocrx_word' id='word_1_493' title='bbox 1696 2141 1725 2167; x_wconf 87' lang='lat' dir='ltr'>et</span> <span class='ocrx_word' id='word_1_494' title='bbox 1758 2135 1893 2180; x_wconf 85' lang='lat' dir='ltr'>privatae</span> 
     </span>
     <span class='ocr_line' id='line_1_92' title="bbox 1146 2183 1893 2231; baseline 0.003 -16"><span class='ocrx_word' id='word_1_495' title='bbox 1146 2196 1321 2229; x_wconf 82' lang='lat' dir='ltr'>personae,</span> <span class='ocrx_word' id='word_1_496' title='bbox 1357 2197 1453 2231; x_wconf 90' lang='lat' dir='ltr'>super</span> <span class='ocrx_word' id='word_1_497' title='bbox 1490 2183 1669 2218; x_wconf 83' lang='lat' dir='ltr'>huiusmodi</span> <span class='ocrx_word' id='word_1_498' title='bbox 1706 2184 1828 2218; x_wconf 88' lang='lat' dir='ltr'>armatis</span> <span class='ocrx_word' id='word_1_499' title='bbox 1859 2195 1893 2217; x_wconf 89' lang='lat' dir='ltr'>se</span> 
     </span>
     <span class='ocr_line' id='line_1_93' title="bbox 1144 2233 1893 2280; baseline 0 -13"><span class='ocrx_word' id='word_1_500' title='bbox 1144 2233 1329 2280; x_wconf 83' lang='lat' dir='ltr'>obligarent,</span> <span class='ocrx_word' id='word_1_501' title='bbox 1353 2234 1431 2268; x_wconf 89' lang='lat' dir='ltr'>ultra</span> <span class='ocrx_word' id='word_1_502' title='bbox 1456 2233 1658 2267; x_wconf 83' lang='lat' dir='ltr'>incidentiam</span> <span class='ocrx_word' id='word_1_503' title='bbox 1674 2233 1893 2268; x_wconf 76' lang='lat' dir='ltr'>excommuni-</span> 
     </span>
     <span class='ocr_line' id='line_1_94' title="bbox 1144 2283 1893 2330; baseline 0.001 -14"><span class='ocrx_word' id='word_1_504' title='bbox 1144 2284 1273 2318; x_wconf 83' lang='lat' dir='ltr'>cationis</span> <span class='ocrx_word' id='word_1_505' title='bbox 1296 2284 1469 2318; x_wconf 88' lang='lat' dir='ltr'>sententiae</span> <span class='ocrx_word' id='word_1_506' title='bbox 1497 2283 1683 2330; x_wconf 83' lang='lat' dir='ltr'>praedictae,</span> <span class='ocrx_word' id='word_1_507' title='bbox 1710 2283 1735 2317; x_wconf 92' lang='lat' dir='ltr'>si</span> <span class='ocrx_word' id='word_1_508' title='bbox 1764 2283 1794 2317; x_wconf 90' lang='lat' dir='ltr'>in</span> <span class='ocrx_word' id='word_1_509' title='bbox 1823 2291 1893 2317; x_wconf 88' lang='lat' dir='ltr'>ter—</span> 
     </span>
     <span class='ocr_line' id='line_1_95' title="bbox 1144 2331 1891 2368; baseline 0.001 -2"><span class='ocrx_word' id='word_1_510' title='bbox 1144 2333 1229 2367; x_wconf 91' lang='lat' dir='ltr'>mino</span> <span class='ocrx_word' id='word_1_511' title='bbox 1256 2334 1427 2368; x_wconf 83' lang='lat' dir='ltr'>constituto</span> <span class='ocrx_word' id='word_1_512' title='bbox 1449 2333 1550 2368; x_wconf 79' lang='lat' dir='ltr'>dictae</span> <span class='ocrx_word' id='word_1_513' title='bbox 1571 2331 1722 2367; x_wconf 86' lang='lat' dir='ltr'>Gamerae</span> <span class='ocrx_word' id='word_1_514' title='bbox 1753 2333 1799 2367; x_wconf 90' lang='lat' dir='ltr'>vel</span> <span class='ocrx_word' id='word_1_515' title='bbox 1827 2333 1891 2367; x_wconf 88' lang='lat' dir='ltr'>col-</span> 
     </span>
     <span class='ocr_line' id='line_1_96' title="bbox 1144 2382 1892 2430; baseline 0.001 -14"><span class='ocrx_word' id='word_1_516' title='bbox 1144 2382 1313 2417; x_wconf 80' lang='lat' dir='ltr'>lectoribus</span> <span class='ocrx_word' id='word_1_517' title='bbox 1336 2395 1398 2417; x_wconf 89' lang='lat' dir='ltr'>non</span> <span class='ocrx_word' id='word_1_518' title='bbox 1422 2382 1601 2422; x_wconf 88' lang='lat' dir='ltr'>solvissent,</span> <span class='ocrx_word' id='word_1_519' title='bbox 1629 2382 1697 2430; x_wconf 90' lang='lat' dir='ltr'>ipso</span> <span class='ocrx_word' id='word_1_520' title='bbox 1725 2382 1805 2417; x_wconf 89' lang='lat' dir='ltr'>facto</span> <span class='ocrx_word' id='word_1_521' title='bbox 1827 2383 1892 2417; x_wconf 89' lang='lat' dir='ltr'>suis</span> 
     </span>
     <span class='ocr_line' id='line_1_97' title="bbox 1143 2431 1891 2479; baseline 0.001 -13"><span class='ocrx_word' id='word_1_522' title='bbox 1143 2432 1308 2476; x_wconf 85' lang='lat' dir='ltr'>omnibus,</span> <span class='ocrx_word' id='word_1_523' title='bbox 1331 2444 1410 2479; x_wconf 84' lang='lat' dir='ltr'>quae</span> <span class='ocrx_word' id='word_1_524' title='bbox 1437 2431 1631 2473; x_wconf 88' lang='lat' dir='ltr'>obtinerent,</span> <span class='ocrx_word' id='word_1_525' title='bbox 1654 2432 1818 2467; x_wconf 86' lang='lat' dir='ltr'>beneficiis</span> <span class='ocrx_word' id='word_1_526' title='bbox 1845 2432 1891 2467; x_wconf 90' lang='lat' dir='ltr'>si-</span> 
     </span>
     <span class='ocr_line' id='line_1_98' title="bbox 1144 2481 1890 2529; baseline 0.003 -15"><span class='ocrx_word' id='word_1_527' title='bbox 1144 2481 1256 2516; x_wconf 91' lang='lat' dir='ltr'>militer</span> <span class='ocrx_word' id='word_1_528' title='bbox 1284 2482 1532 2527; x_wconf 80' lang='lat' dir='ltr'>intelligerentur</span> <span class='ocrx_word' id='word_1_529' title='bbox 1559 2493 1627 2516; x_wconf 90' lang='lat' dir='ltr'>esse</span> <span class='ocrx_word' id='word_1_530' title='bbox 1655 2482 1775 2529; x_wconf 87' lang='lat' dir='ltr'>privati,</span> <span class='ocrx_word' id='word_1_531' title='bbox 1797 2490 1890 2528; x_wconf 90' lang='lat' dir='ltr'>atque</span> 
     </span>
     <span class='ocr_line' id='line_1_99' title="bbox 1143 2531 1891 2578; baseline 0.001 -14"><span class='ocrx_word' id='word_1_532' title='bbox 1143 2531 1250 2566; x_wconf 91' lang='lat' dir='ltr'>talium</span> <span class='ocrx_word' id='word_1_533' title='bbox 1273 2531 1423 2566; x_wconf 83' lang='lat' dir='ltr'>beneficia</span> <span class='ocrx_word' id='word_1_534' title='bbox 1447 2538 1574 2578; x_wconf 89' lang='lat' dir='ltr'>possent</span> <span class='ocrx_word' id='word_1_535' title='bbox 1590 2532 1620 2566; x_wconf 88' lang='lat' dir='ltr'>in</span> <span class='ocrx_word' id='word_1_536' title='bbox 1639 2539 1784 2566; x_wconf 89' lang='lat' dir='ltr'>eventum</span> <span class='ocrx_word' id='word_1_537' title='bbox 1801 2542 1891 2577; x_wconf 87' lang='lat' dir='ltr'>prae-</span> 
     </span>
     <span class='ocr_line' id='line_1_100' title="bbox 1143 2579 1890 2629; baseline 0.007 -18"><span class='ocrx_word' id='word_1_538' title='bbox 1143 2579 1262 2615; x_wconf 73' lang='lat' dir='ltr'>dictum</span> <span class='ocrx_word' id='word_1_539' title='bbox 1297 2593 1352 2628; x_wconf 90' lang='lat' dir='ltr'>per</span> <span class='ocrx_word' id='word_1_540' title='bbox 1377 2593 1597 2629; x_wconf 89' lang='lat' dir='ltr'>quoscumque</span> <span class='ocrx_word' id='word_1_541' title='bbox 1630 2581 1725 2616; x_wconf 86' lang='lat' dir='ltr'>libere</span> <span class='ocrx_word' id='word_1_542' title='bbox 1755 2588 1785 2615; x_wconf 93' lang='lat' dir='ltr'>et</span> <span class='ocrx_word' id='word_1_543' title='bbox 1808 2580 1890 2616; x_wconf 86' lang='lat' dir='ltr'>licite</span> 
     </span>
     <span class='ocr_line' id='line_1_101' title="bbox 1145 2639 1312 2679; baseline 0.018 -17"><span class='ocrx_word' id='word_1_544' title='bbox 1145 2639 1312 2679; x_wconf 77' lang='lat' dir='ltr'>impetrari.</span> 
     </span>
    </p>
   </div>
   <div class='ocr_carea' id='block_1_12' title="bbox 1923 241 2014 267">
    <p class='ocr_par' dir='ltr' id='par_1_13' title="bbox 1923 241 2014 267">
     <span class='ocr_line' id='line_1_102' title="bbox 1923 241 2014 267; baseline 0.011 -1"><span class='ocrx_word' id='word_1_545' title='bbox 1923 241 1969 267; x_wconf 86' lang='grc' dir='ltr'>Λ3.</span> <span class='ocrx_word' id='word_1_546' title='bbox 1988 241 2014 267; x_wconf 82' lang='lat' dir='ltr'>C.</span> 
     </span>
    </p>
   </div>
   <div class='ocr_carea' id='block_1_13' title="bbox 2037 243 2101 267">
    <p class='ocr_par' dir='ltr' id='par_1_14' title="bbox 2037 243 2101 267">
     <span class='ocr_line' id='line_1_103' title="bbox 2037 243 2101 267; baseline 0.016 -1"><span class='ocrx_word' id='word_1_547' title='bbox 2037 243 2101 267; x_wconf 53' lang='lat'>1505</span> 
     </span>
    </p>
   </div>
  </div>
 </body>
</html>
