2281 3251
31 1953 41 1981 J
83 1959 124 1975 non
147 1959 209 1980 posse
229 1953 269 1974 de-

35 2002 38 2010 ,
81 1983 157 2004 vlunt.

93 287 142 314 An.
159 288 188 315 C.
208 289 273 314 1072

922 290 947 312 Sl
954 290 1033 312 xrtts
1054 291 1089 312 tv
1111 291 1159 313 Pr.

1707 281 1776 315 ⁶200
1849 291 1898 318 An.
1918 293 1946 319 c.
1965 292 2031 319 tura

288 353 371 380 tores
386 343 709 379 ethuicinfidelitatis
726 344 908 390 perditioni,
923 356 1037 391 qnam-
1081 345 1247 380 undecimo
1271 344 1421 379 kalendas
1444 344 1533 389 iunii,
1556 345 1756 393 pontificatus
1781 359 1832 381 no-

287 393 333 428 vis
379 392 471 427 fidem
487 420 494 433 ,
541 404 636 439 quam
684 392 851 439 negligunt
872 421 879 432 ,

286 441 471 485 videantur,
509 453 542 476 se
577 441 795 476 damnabiliter
832 442 1036 488 polluentes,

286 490 537 525 formidabilibus
558 492 700 525 censuris
730 499 759 524 et
791 492 900 537 poenis
924 493 1036 537 punire

285 548 444 581 curarunt;
464 541 502 574 ita
517 551 645 586 quoque
662 551 732 583 nos,
748 540 888 585 ipsorum
908 540 937 574 in
957 553 1036 587 apo-

284 587 416 623 stolatus
448 589 549 635 apice,
578 588 649 623 lieet
679 588 945 623 insufficientibus
968 602 1037 623 mr-

284 637 362 677 ritis‚
378 649 590 680 successores,
613 649 679 672 eam
705 645 812 672 nostro
837 639 1034 684 potissimum

283 695 424 733 tempore
451 699 466 721 a
494 685 635 721 Romana
659 686 755 722 Curia
786 696 815 721 et
844 688 963 721 cunetis
997 688 1036 721 fi-

283 735 400 770 delium
430 735 611 782 regionibus
642 737 766 782 penitus
796 736 959 771 eliminare
986 750 1037 770 ru-

283 784 418 831 pientes‚
437 797 493 831 per
511 784 590 819 lianc
613 793 751 820 nostram
776 786 1034 820 constitutionem

283 841 436 880 perpetuo
465 833 627 868 valituram
656 835 823 869 statuimus
850 844 879 869 et
907 834 1035 869 ordina-

283 894 353 917 mus
375 882 459 929 quod
483 895 594 918 omnes
616 893 645 917 et
669 884 798 930 singuli,
825 885 878 930 qui
904 896 961 930 pro
983 896 1035 917 sa-

280 932 341 966 cris
371 933 436 967 sive
451 932 519 966 aliis
535 932 735 968 conferendis
752 932 800 967 vol
822 933 1035 980 suscipiendis

97 986 171 1022 Eerm
186 987 268 1008 eonsu-
281 980 445 1016 ordinibus
467 989 521 1016 aut
543 982 763 1028 dignitatibus,
791 991 1034 1029 personatuum,

83 1021 268 1070 ζζιζωῖἱῃξῖξίἷ
281 1030 587 1065 administrationum
604 1059 612 1071 ,
640 1032 813 1066 officiorum
842 1031 889 1065 vel
913 1031 1035 1065 benefi-

83 1078 160 1105 ⁵³‘¹²¹⁵³
281 1079 400 1114 ciorum
436 1080 721 1115 ecelesiasticorum
757 1092 1034 1127 quorumcumque

281 1128 460 1169 collatione,
486 1129 675 1175 provisione,
692 1130 954 1176 praesentatione,
977 1130 1036 1163 ele-

281 1178 402 1222 ctione,
433 1178 659 1225 postulatione,
683 1178 901 1218 translatione,
924 1178 1033 1213 confir-

279 1227 417 1261 matione
444 1236 473 1261 et
496 1228 704 1271 assecutione,
747 1228 902 1262 simoniae
934 1228 1033 1262 labem

279 1277 476 1311 committere
499 1277 781 1323 praesumpserint,
803 1277 1034 1323 cuiuscumque

279 1324 463 1371 dignitatis,
490 1333 601 1365 status,
629 1326 745 1372 gradus
763 1326 810 1360 vel
845 1326 1034 1360 conditionis

279 1373 415 1414 fuerint,
440 1374 507 1409 illas
530 1386 658 1421 prorsus
681 1375 1034 1414 excommunicationis,

279 1424 500 1470 suspensionis
522 1431 552 1458 et
567 1424 723 1458 interdicti
739 1425 881 1470 aliasque
904 1433 1035 1459 senten—

281 1473 348 1513 tias,
371 1484 522 1508 censuras
544 1481 575 1508 et
598 1485 727 1520 poenas,
741 1473 780 1508 ab
800 1474 918 1509 eisdem
945 1486 1035 1521 prae-

279 1526 498 1562 decessoribus
531 1527 647 1562 nostris
682 1528 712 1561 in
749 1527 940 1562 simoniacos
981 1540 1036 1575 per

279 1580 542 1623 constitutiones,
585 1589 700 1616 statuta
745 1589 777 1616 et
817 1582 1035 1617 ordinationes

279 1634 419 1681 ipsorum
444 1634 597 1669 hactenus
619 1635 843 1683 promulgatas,
861 1636 928 1683 ipso
955 1636 1034 1671 sacto

279 1689 451 1724 incurrant.

328 1747 397 1787 ἐξ).
434 1743 474 1778 Et
508 1743 718 1779 nibilominus
751 1757 804 1792 per
839 1745 1035 1785 electiones,

22 1804 34 1821 ·
66 1800 268 1852 .ῃξ1ῑιὶἲέ;“ἷ“ὲῐξξξξ
282 1797 519 1845 postulationes,
539 1798 814 1838 confirmationes,
839 1799 1036 1845 provisiones

30 1870 41 1896 2
84 1862 266 1919 :LamssgL-teuissz,
281 1863 338 1886 seu
361 1863 578 1898 quascumque
598 1853 674 1886 alias
697 1852 934 1899 dispositiones,
958 1866 1037 1899 quas

83 1927 130 1944 etus
155 1923 268 1950 pet-cipere
283 1918 313 1940 tn
330 1913 418 1941 antea
434 1906 607 1941 simoniace
627 1906 692 1940 fleri
717 1907 898 1953 eontigerit,
915 1915 945 1942 et
958 1920 1036 1954 quas

283 1959 402 1994 viribus
437 1960 570 1994 omnino
603 1972 710 1995 carere
746 1961 974 2001 decernimus,
1004 1963 1034 1995 iu

282 2013 445 2052 Ecclesiis,
463 2014 674 2058 monasteriis,
691 2014 911 2060 dignitatibus,
927 2027 1037 2062 perso-

283 2067 421 2108 natibus,
431 2067 544 2102 officiis
554 2075 583 2102 et
601 2067 762 2103 beneficiis
777 2068 1036 2116 quibuscumque

284 2122 404 2156 nullum
429 2121 577 2169 cuiquam
602 2122 651 2156 ius
666 2122 906 2169 quomodolibet.
928 2124 1036 2171 aequi-

283 2184 381 2219 ratur,
396 2188 500 2222 neque
526 2175 616 2210 faciat
632 2177 800 2223 quisquam
818 2176 894 2211 alias
915 2177 1038 2212 fructus

283 2241 370 2274 suos,
392 2229 429 2264 ad
456 2241 591 2276 quorum
616 2230 767 2276 integram
803 2230 1035 2266 restitutionem

283 2283 428 2318 volumus
446 2295 515 2318 esse
538 2283 715 2318 adstrictos.

333 2337 353 2384 S
377 2341 410 2372 3.
431 2336 517 2372 Nulli
545 2350 620 2384 ergo
647 2338 777 2372 omnino
800 2337 963 2372 hominum
998 2339 1038 2372 li-

121 2393 238 2416 ⁰¹·¹¹⁵¹¹¹⁵⁸-
284 2400 351 2426 ceat
371 2391 450 2425 lianc
479 2392 623 2439 paginam
648 2392 744 2426 nostri
773 2392 892 2435 statuti,
911 2392 1039 2426 ordina—

285 2444 390 2489 tionis,
413 2445 648 2480 constitutionis
671 2453 701 2480 et
734 2445 902 2480 voluntatis
926 2445 1037 2480 infrin—

284 2510 359 2545 gere
382 2506 435 2533 etc.

335 2551 448 2586 Datum
475 2551 594 2586 Romae
616 2552 700 2600 apud
723 2552 874 2587 Sanctum
899 2552 1039 2596 Petrum,

285 2617 366 2640 anno
406 2605 634 2641 Incarnationis
662 2606 838 2641 dominicae
872 2606 1038 2641 millesimo

284 2657 594 2705 quadringentesimo
622 2661 856 2706 septuagesimo
885 2660 1039 2705 secundo,

365 2715 439 2745 Butt.
462 2715 538 2745 Rom.
561 2716 616 2746 Vol.
641 2717 669 2745 V.
859 2716 895 2746 ΞΤ

929 400 1036 428 [ΘΠίῚῈ
1079 395 1132 429 Sll'l
1157 407 1238 429 ssssllO
1267 394 1378 441 primo.

1139 455 1199 485 Dat.
1219 455 1264 485 die
1283 455 1320 484 22
1340 455 1408 485 maii
1428 455 1513 492 1472,
1533 455 1635 494 pontif.
1659 465 1735 486 anno
1754 465 1773 486 1.

1405 629 1431 661 v
1452 632 1506 674 (1).

1082 707 1174 747 Quod
1188 707 1295 750 festum
1311 707 1345 739 S.
1362 707 1531 746 Francisci,
1551 706 1679 740 Ordinis
1697 707 1833 750 fratrum

1129 756 1289 788 Minor-um
1325 756 1530 794 institutoris,
1567 757 1611 788 uti
1642 757 1757 800 duplex
1791 757 1831 789 ab

1127 805 1267 837 omnibus
1297 805 1471 843 celebretur,
1499 806 1538 838 ab
1571 806 1714 850 omnique
1746 816 1833 849 opere

1127 854 1233 886 servili
1252 854 1443 887 abstineatur
1465 866 1500 887 ac
1520 855 1574 888 sub
1590 854 1786 888 observantia
1806 862 1831 887 et

1123 910 1285 948 praecepto
1310 904 1366 945 (⁶2).

1348 975 1563 1006 SUMMARtUM

1077 1041 1265 1072 Prooemium.
1296 1058 1334 1062 —
1365 1042 1390 1070 l.
1422 1040 1450 1071 S.
1483 1041 1659 1071 Franciscus
1692 1041 1830 1073 Ordinem

1119 1086 1240 1115 fratrum
1265 1085 1406 1115 Minorum
1432 1086 1568 1115 instituit.
1591 1103 1628 1107 —
1646 1086 1674 1115 2.
1692 1087 1747 1122 Qui
1767 1087 1832 1117 fra-

1118 1134 1176 1159 tres
1196 1130 1260 1159 eius
1279 1129 1401 1167 vestigia
1421 1129 1530 1159 imitari
1550 1134 1578 1159 et
1597 1134 1716 1159 sanctae
1734 1129 1834 1160 Eccle-

1117 1175 1178 1203 siae
1201 1174 1327 1203 multum
1351 1174 1493 1212 prodesse
1516 1183 1573 1203 non
1596 1178 1725 1203 cessant.
1745 1190 1784 1196 —
1806 1175 1832 1205 3.

1116 1218 1171 1247 Pro
1187 1218 1344 1247 celebriori
1356 1218 1446 1255 igitur
1457 1216 1486 1247 S.
1498 1217 1646 1247 Francisci
1667 1217 1832 1254 festivitate,

1117 1262 1164 1290 cui
1195 1271 1227 1291 se
1262 1261 1393 1291 Pontifex
1429 1262 1554 1290 maxime
1582 1261 1729 1291 devictum
1763 1271 1831 1292 esse

1118 1306 1282 1345 profitetur,
1310 1322 1349 1327 —
1370 1306 1397 1334 lt.
1422 1305 1541 1334 Festum
1565 1306 1661 1344 ipsius
1691 1306 1832 1345 praecipit

1117 1350 1284 1386 observari,
1307 1355 1333 1379 et
1361 1349 1432 1379 illud
1457 1349 1498 1379 uti
1522 1350 1557 1379 de
1587 1354 1742 1388 praecepto
1765 1359 1832 1380 ser-

1118 1393 1254 1423 vantibus
1267 1394 1467 1432 indulgentias
1487 1393 1639 1431 elargitur.
1651 1393 1728 1423 —5.
1740 1392 1824 1424 Tranv

1119 1439 1244 1477 sumptis
1269 1438 1358 1468 liuius
1378 1438 1475 1468 bullae
1495 1438 1576 1468 credi
1600 1438 1690 1469 iubet.

1137 1510 1234 1539 Sixtus
1261 1510 1402 1545 episcopus
1422 1517 1518 1539 servus
1543 1517 1683 1539 servorum
1706 1510 1768 1544 Dei.

1213 1560 1247 1587 ad
1274 1560 1435 1595 perpetuam
1462 1559 1503 1588 rei
1527 1559 1695 1588 memoriam.

1127 1631 1291 1666 Praeclara
1314 1639 1494 1666 sanctorum
1512 1631 1622 1667 merita
1645 1640 1676 1667 et
1702 1631 1831 1678 grandia
1871 1647 2003 1669 pfooemium.

1079 1681 1229 1715 virtutum
1253 1680 1402 1727 insignia,
1425 1681 1543 1728 quibus
1581 1681 1776 1717 radiantibus
1800 1681 1831 1716 in

1079 1731 1275 1765 firmamento
1293 1730 1460 1778 syderibus
1476 1739 1673 1766 sacrosancta
1699 1731 1831 1767 illustra-

1079 1788 1129 1814 tur
1152 1780 1316 1821 Ecclesia,
1343 1792 1378 1814 ac
1411 1792 1506 1827 supra
1545 1788 1664 1827 petram
1696 1781 1832 1816 stabilita

1080 1829 1257 1865 firmissima
1292 1837 1471 1864 sanctorum
1497 1830 1662 1865 irradiatur
1683 1830 1833 1878 splendo-

1080 1879 1179 1919 ribus,
1198 1887 1227 1913 et
1245 1891 1342 1913 novae
1359 1879 1456 1925 prolis
1475 1879 1645 1915 instaurata
1662 1880 1833 1927 praesidio,

1080 1930 1312 1963 incrementum
1353 1929 1487 1976 suscipit
1526 1937 1555 1963 et
1588 1929 1768 1976 fulgorem,
1796 1941 1833 1964 eo

1079 1978 1278 2025 frequentius
1305 1977 1422 2013 debent
1450 1978 1584 2013 universi
1618 1979 1728 2014 fideles
1755 1991 1833 2014 con-

1079 2040 1156 2074 grua
1196 2027 1364 2061 devotione
1400 2028 1555 2067 recolere,
1591 2028 1763 2063 reverentia
1798 2040 1834 2063 ac

1080 2077 1172 2123 digua
1211 2077 1441 2111 reminiscentia
1469 2077 1626 2112 celebrare
1649 2077 1834 2112 solemniter

1079 2126 1309 2161 collabentibus
1331 2126 1474 2160 saeculis.

1129 2176 1149 2222 g
1173 2178 1204 2210 1.
1227 2175 1290 2210 Sed
1314 2187 1386 2210 cum
1412 2175 1569 2221 praedicta
1593 2175 1735 2210 faciendo
1761 2176 1832 2211 fidei
1862 2188 1883 2210 s.
1908 2188 2033 2209 franciscu-

1080 2225 1253 2260 catbolieae
1277 2225 1379 2259 fervor
1402 2225 1574 2272 plurimum
1595 2226 1761 2272 tepuisset,
1782 2226 1835 2260 de·
1848 2220 2034 2272 {ffffiss'fgmf‘ssssfssssssff

1081 2287 1137 2309 cus
1170 2275 1222 2309 ille
1250 2286 1390 2314 morum,
1426 2275 1558 2321 Deoque
1594 2275 1834 2322 acceptissimus
1849 2284 1896 2303 tui*-

1081 2335 1256 2371 pauperum
1285 2324 1458 2370 patriarcha
1481 2324 1684 2369 Franciseus,
1712 2325 1749 2359 ad
1772 2325 1835 2360 sal-

1117 2394 1156 2429 (l)
1172 2395 1243 2421 Haec
1259 2394 1328 2421 bulla
1350 2395 1374 2419 in
1392 2394 1462 2420 Edit.
1489 2394 1566 2421 Rom.
1588 2394 1638 2421 sub
1663 2402 1775 2422 numero
1803 2395 1833 2421 {V

1082 2434 1197 2460 habetur
1213 2436 1251 2469 (n.
1270 2435 1320 2467 aa).
1359 2434 1398 2468 (2)
1419 2434 1448 2459 B.
1476 2434 1632 2461 Franciscus
1652 2438 1706 2461 tres
1721 2435 1836 2462 Ordines

1082 2474 1207 2505 instituit,
1227 2478 1255 2499 ut
1275 2474 1364 2500 notavi
1381 2482 1441 2507 sup.
1459 2474 1491 2500 ad
1509 2474 1621 2500 Constit.
1639 2475 1708 2501 Hon.
1724 2475 1834 2507 111‚So-

1083 2516 1128 2545 let,
1147 2514 1190 2539 ubi
1208 2514 1284 2548 plene
1301 2513 1333 2539 de
1349 2513 1387 2539 eis
1403 2513 1467 2539 dixi.
1486 2513 1519 2539 Et
1536 2514 1632 2540 deiude
1656 2522 1669 2540 a
1694 2514 1774 2549 Greg.
1797 2516 1835 2541 {X

1082 2557 1236 2580 sanctorum
1252 2553 1388 2587 cathalogo
1408 2553 1558 2588 adscriptus
1574 2554 1672 2585 extitit,
1691 2558 1719 2579 ut
1735 2562 1796 2588 sup.
1808 2555 1833 2580 ln

1081 2594 1139 2620 eius
1157 2594 1301 2620 Constitut.
1320 2601 1370 2625 xii,
1389 2594 1470 2626 Mirm
1489 2597 1516 2619 et
1535 2593 1656 2627 stigmata
1678 2594 1709 2619 D.
1728 2593 1760 2619 N.
1775 2593 1833 2620 lesu

1081 2633 1178 2660 Christi
1195 2634 1219 2659 in
1236 2641 1348 2667 corpore
1373 2641 1421 2660 suo
1442 2634 1578 2668 portavit,
1606 2637 1635 2659 ut
1660 2633 1727 2659 idem
1751 2633 1833 2668 Greg.

1082 2677 1225 2704 declaravit
1247 2678 1272 2704 in
1289 2677 1336 2704 alia
1356 2678 1413 2704 eius
1429 2678 1540 2704 Constit.
1561 2685 1598 2710 u,
1620 2677 1767 2711 confessor.
