2281 3251
233 255 280 279 An.
299 252 329 279 C.
349 253 413 280 vas

252 1803 360 1824 Exordium

479 238 550 272 268

428 315 606 351 expressam
642 316 677 339 ac
711 305 749 339 de
778 305 870 340 verbo
897 305 935 340 ad
973 307 1100 341 verbum
1136 307 1175 342 dc

428 353 552 388 indulto
575 354 757 389 huiusmodi
781 355 989 390 mentionem.

475 402 560 438 Nulli
584 416 659 449 ergo
680 412 732 438 etc.

475 452 590 488 Datum
607 453 773 489 Bracliiani
796 454 993 489 Sutrinensis
1007 454 1173 499 dioecesis,

425 513 508 537 anno
545 502 772 539 lucarnationis
809 503 985 538 dominicae
1009 505 1173 540 millesimo

425 551 739 599 quadringentesimo
779 554 1013 600 septuagesimo
1052 563 1172 593 octavo

424 610 536 647 quarto
573 601 644 637 idus
680 603 822 649 augusti,
851 603 1053 651 pontificatus
1077 606 1171 640 nostri

425 662 507 686 anno
537 663 582 686 vit
605 654 662 695 (l).

463 711 523 742 Dat.
542 713 588 743 die
609 714 643 744 lO
658 715 776 753 augusti
796 715 878 750 1478,
897 720 975 755 pont.
993 726 1068 747 anno
1085 725 1132 747 vn.

1001 251 1187 276 ncttantcu

754 869 838 905 xxl.

421 952 612 996 Approbatio
622 953 744 997 antiqui
761 954 836 986 ritus
851 954 974 993 orandi,
991 955 1046 999 qui
1058 955 1173 988 Psalee-

471 1002 551 1035 rium
579 1003 616 1035 B.
642 1003 766 1036 Mariae
804 1003 938 1048 Virginis
963 1011 1169 1049 rtuncupalw·,

468 1063 535 1084 cum
557 1052 819 1096 indulgentiarum
851 1065 908 1097 pro
938 1054 980 1087 sic
1013 1055 1172 1088 orantibus

469 1101 659 1146 elarqt'ti'one.

693 1171 908 1203 §mutantem

420 1232 588 1264 Exordium.
611 1251 649 1257 —
668 1235 693 1264 1.
716 1234 825 1265 Orandi
845 1236 965 1271 modus,
993 1236 1043 1274 qui
1061 1235 1171 1266 Psalle-

459 1279 535 1308 rittm
553 1280 614 1310 sive
633 1279 789 1309 Rosarium
806 1279 835 1308 Β.
855 1280 961 1310 Mariae
978 1279 1106 1318 Virginis
1122 1291 1172 1319 ap-

460 1323 588 1361 pellatur
617 1325 645 1353 in
678 1324 785 1354 ducatu
819 1323 985 1354 Britanniae
1014 1325 1169 1355 innovatus

459 1373 512 1397 est.
530 1385 569 1390 —
586 1368 612 1398 ⁶2.
636 1368 697 1398 Dux
715 1374 741 1398 et
764 1369 882 1399 ducissa
903 1368 998 1408 Papae
1020 1369 1169 1408 approba-

462 1413 568 1442 tionem
592 1413 748 1453 petierunt.
764 1430 803 1435 —
821 1414 846 1443 3.
871 1412 922 1443 Hic
939 1413 1043 1443 l‘ontil'.
1066 1423 1170 1453 appro-

459 1456 507 1487 bat
525 1462 553 1487 et
575 1457 687 1496 indulg,
709 1458 852 1488 concedit.
870 1475 909 1480 —
926 1458 953 1488 4.
972 1458 1170 1494 Quibuscum-

458 1510 516 1540 que
532 1511 588 1531 non
607 1502 806 1533 obstantibus.
824 1520 863 1525 —
889 1504 915 1533 5.
935 1502 1091 1532 Clausulae
1114 1503 1167 1533 de-

457 1547 629 1585 rogatoriae.

480 1623 576 1653 Sixtus
596 1624 737 1660 episeopus
765 1630 861 1652 servus
880 1631 1020 1653 servorum
1044 1624 1103 1657 Dei,

551 1674 585 1702 ad
613 1674 775 1709 perpetuam
794 1673 834 1701 rei
865 1673 1032 1702 memoriam.

466 1744 511 1780 Ea
533 1757 627 1792 quae,
642 1758 678 1780 ex
695 1745 832 1780 fidelium
856 1745 1036 1787 devotione,
1051 1745 1089 1780 ad
1107 1746 1165 1781 Dei

417 1795 644 1842 omnipotentis
661 1804 691 1829 et
714 1795 869 1841 gloriosae
893 1795 1031 1843 Virginis
1051 1795 1166 1831 Mariae

417 1844 540 1879 laudem
565 1854 594 1880 et
616 1845 746 1891 gloriam
772 1845 820 1892 pie
847 1845 988 1880 ordinata
1016 1853 1105 1889 sunt,
1134 1854 1167 1879 nt

417 1894 504 1928 firma
539 1903 753 1942 permaneant,
777 1903 900 1929 nostrae
928 1895 1166 1942 approbationis

417 1944 528 1979 robore
550 1943 733 1988 solidamus,
755 1956 790 1978 ac
818 1944 924 1979 fideles
946 1946 1030 1991 ipsos
1049 1944 1085 1979 ad
1110 1945 1166 1979 de.—

416 1993 551 2029 votionis
572 2006 665 2041 opera
700 1993 871 2028 exercenda
905 1994 1109 2041 indulgentiis
1136 2004 1165 2029 et

417 2043 656 2078 remissionibus
671 2043 804 2078 libenter
817 2043 996 2084 invitamus,
1008 2053 1040 2079 ut
1053 2045 1165 2079 exinde

417 2092 587 2127 reddantur
600 2093 724 2128 divinae
736 2093 852 2140 gratiae
866 2093 1013 2140 aptiores,
1031 2094 1164 2128 maxime

415 2154 486 2177 cum
518 2142 747 2178 catholicorum
771 2143 948 2198 principum
973 2143 1003 2177 id
1022 2145 1165 2190 exposcit

415 2192 556 2233 devotio,
585 2202 615 2228 et
644 2192 703 2227 boc
733 2193 945 2240 conspicimus
974 2193 1003 2227 in
1027 2192 1163 2228 Domino

416 2241 583 2277 salubriter
610 2241 770 2290 expedire.

465 2292 485 2347 5
509 2294 539 2325 t.
564 2291 658 2326 Sane.
653 2305 729 2338 pro
752 2300 836 2338 parte
860 2292 964 2326 dilecti
982 2292 1034 2325 lilii
1052 2291 1164 2326 nobilis

230 2353 270 2370 υιι
274 2351 307 2369 ιι
320 2350 399 2373 ιιιιιιιι,
418 2341 658 2382 viriFrancisci,
672 2341 773 2381 ducis,
791 2341 994 2376 etdilectae
988 2354 1017 2376 in
1036 2340 1163 2376 Christo

220 2388 263 2431 Ἣ.
278 2381 302 2400 ¹‘
294 2383 365 2431 ‘·.“¹¹f}„
350 2387 400 2401 '²¹¹¹'
383 2391 496 2431 mliliae
519 2390 631 2426 nobilis
652 2391 793 2426 mulieris
803 2391 986 2437 Margaritae
1008 2391 1076 2425 eius
1095 2403 1163 2425 con

219 2444 276 2487 ¹5³¹
279 2442 402 2502 Ρῗεῆἷξ·
417 2440 556 2485 tlioralis,
583 2440 727 2475 ducissae
763 2441 954 2482 Britanniae,
978 2440 1068 2475 nobis
1109 2441 1164 2474 luit

219 2483 306 2525 Ysil.
309 2509 336 2525 tu
340 2505 401 2557 ⁸v¹⁵'
417 2503 518 2546 nuper
552 2491 746 2538 propositum
787 2491 900 2537 quod
894 2503 923 2525 in
946 2491 1061 2526 ducatu
1086 2490 1164 2524 Bri—

219 2542 276 2556 Ιῑιιιιιι

280 2542 319 2556 net

381 2540 538 2575 ''tanniae
561 2548 591 2574 et
614 2540 754 2587 pluribus
785 2541 853 2575 aliis
884 2540 978 2584 locis,
1004 2549 1164 2574 crescente

417 2589 555 2624 fidelium
591 2589 775 2629 devotione,
811 2590 849 2624 ab
883 2590 989 2637 aliquo
1025 2598 1164 2637 tempore

451 2661 490 2695 (l)
507 2661 573 2696 Lege
589 2670 660 2687 anno
677 2665 768 2687 octavo
788 2662 827 2695 (n.
848 2662 898 2695 T.).

1217 252 1377 277 nousxtu

1219 310 1317 355 citra,
1341 310 1505 346 innovatus
1543 320 1588 347 est
1623 320 1727 348 certus
1757 312 1871 348 modus
1905 314 1970 349 site

1218 359 1296 394 ritus
1329 360 1438 395 orandi
1471 361 1543 409 pius
1570 370 1600 396 et
1627 362 1777 402 dethtus
1799 363 1851 410 qui
1875 363 1968 399 etiam

1217 409 1354 456 antiquis
1377 411 1573 458 temporibus
1605 424 1621 446 a
1649 412 1909 448 christifidelibus
1938 415 1967 447 in

1217 458 1354 494 diversis
1373 460 1482 495 mundi
1508 461 1650 508 partibus
1669 462 1902 497 obsertabatur:
1924 463 1968 496 vi-

1217 507 1353 550 delicet,
1388 510 1472 557 quod
1501 511 1632 557 quilibet
1659 512 1766 547 volens
1801 524 1838 546 eo
1874 513 1968 547 modo

1217 569 1305 593 orare
1327 558 1403 595 dicit
1425 560 1563 607 qualibet
1584 561 1635 596 dic
1666 561 1704 596 ad
1728 561 1879 597 bonorem
1909 562 1968 597 Dei

1216 616 1247 642 et
1275 607 1474 644 beatissimae
1493 609 1635 657 Virginis
1656 610 1784 655 Mariae,
1807 620 1837 646 et
1861 620 1968 647 contra

1217 658 1414 694 imminentia
1437 638 1568 694 mundiD
1576 661 1726 708 pericula,
1752 662 1842 696 toties
1865 661 1970 709 Ange-

1216 707 1305 743 licam
1323 707 1557 745 Salutationem
1579 713 1642 745 Ave
1670 711 1789 751 Marta,
1803 719 1881 758 quot
1895 720 1968 747 sunt

1217 757 1329 813 psalmi
1370 759 1401 794 iu
1431 759 1584 795 Psalterio
1624 760 1787 802 Davidico,
1823 760 1969 797 videlicet

1216 808 1334 843 centies
1368 818 1398 844 et
1430 809 1667 858 quinquagies,
1693 811 1826 857 singulis
1860 811 1968 846 decem

1215 858 1457 894 salutationibus
1489 859 1673 895 huiusmodi
1703 860 1874 895 orationem
1904 860 1968 896 do-

1216 908 1362 943 minicam
1386 910 1483 944 semel
1507 910 1739 958 praeponendo.
1755 910 1793 944 Et
1811 911 1866 945 iste
1890 910 1968 946 ritus

1214 958 1279 993 sive
1313 958 1425 994 modus
1461 960 1569 994 orandi
1606 960 1794 995 Psalterinm
1826 959 1968 1008 Virginis

1214 1008 1330 1043 Mariae
1358 1009 1527 1055 vulgariter
1549 1018 1759 1057 nuncupatur.

1263 1058 1283 1106 5
1305 1060 1336 1092 2.
1363 1058 1452 1094 Unde
1471 1059 1533 1095 dux
1551 1068 1581 1096 et
1596 1060 1719 1095 ducissa
1738 1060 1881 1107 praelati,
1899 1072 1966 1108 pro·

1215 1117 1284 1155 pter
1325 1109 1517 1155 singularem
1552 1118 1581 1144 et
1614 1110 1770 1145 sinceram
1805 1122 1899 1157 quam
1927 1110 1964 1144 ad

1215 1158 1313 1204 ipsam
1337 1157 1373 1192 B.
1399 1158 1558 1205 Virginem
1579 1159 1708 1195 Mariam
1732 1169 1845 1206 gerunt
1867 1159 1964 1195 devo-

1213 1208 1343 1251 tionem,
1365 1209 1497 1255 cupiunt
1515 1209 1609 1243 ritum
1629 1210 1693 1244 sive
1713 1209 1840 1244 modum
1855 1209 1964 1245 orandi

1214 1257 1421 1304 praedictum,
1444 1258 1482 1292 ad
1510 1258 1735 1294 obstruendum
1764 1272 1816 1294 ora
1839 1259 1964 1307 aliquo-

1213 1319 1281 1341 rum
1309 1307 1555 1353 detrahentium,
1583 1322 1637 1355 per
1660 1309 1773 1343 Sedem
1803 1309 1963 1355 Apostoli—

1212 1369 1280 1391 cam
1303 1357 1481 1404 approbari.
1505 1358 1623 1400 Quare,
1636 1371 1691 1404 pro
1714 1366 1800 1406 parte
1823 1359 1913 1393 ducis
1931 1367 1962 1393 et

1212 1406 1356 1441 ducissae
1378 1417 1407 1443 ct
1430 1407 1562 1442 aliorum
1580 1408 1719 1442 fidelium
1741 1408 1961 1455 plurimorum,

1213 1456 1304 1491 nobis
1332 1456 1388 1491 suit
1421 1457 1584 1492 humiliter
1610 1458 1822 1504 supplicatum
1851 1467 1962 1505 quate-

1212 1519 1271 1541 nus
1293 1506 1386 1541 ritum
1410 1507 1474 1541 sive
1498 1507 1629 1542 modum
1653 1507 1761 1542 orandi
1776 1507 1959 1543 huiusmodi

1211 1556 1396 1603 approbare,
1423 1556 1564 1603 aliasque
1586 1569 1682 1604 super
1705 1557 1887 1604 praemissis
1909 1569 1962 1604 op-

1211 1614 1345 1651 portune
1369 1606 1532 1653 providere
1555 1607 1593 1641 de
1617 1606 1810 1653 benignitate
1831 1615 1960 1654 aposto-

1210 1656 1267 1691 lica
1295 1655 1509 1702 dignaremur.

1258 1706 1278 1754 5
1306 1708 1338 1740 5.
1366 1706 1431 1741 Nos
1454 1706 1558 1753 igitur,
1579 1714 1639 1740 tam
1656 1706 1745 1742 ducis
1766 1713 1797 1740 et
1817 1705 1959 1741 ducissae

1209 1767 1303 1803 quam
1330 1756 1463 1792 aliorum
1494 1755 1633 1791 fidelium
1656 1757 1738 1804 piam
1759 1755 1957 1792 devotionem

1210 1805 1240 1839 in
1256 1805 1382 1841 Christo
1405 1807 1448 1850 (sl)
1476 1805 1658 1841 habentium
1687 1805 1958 1850 commendantes,

1209 1855 1391 1891 huiusmodi
1405 1856 1691 1903 supplicationibus
1707 1854 1858 1901 inclinati,
1872 1868 1959 1903 prae-

1209 1905 1305 1941 fatum
1339 1905 1530 1941 Psalterium
1572 1906 1636 1940 sive
1677 1904 1806 1940 modum
1847 1905 1956 1940 orandi

1209 1955 1416 2002 praedictum,
1431 1955 1615 1991 anctoritate
1643 1955 1827 2003 apostolica,
1850 1963 1958 1990 tenore

1208 2005 1422 2052 praesentium
1447 2005 1672 2053 approbamus,
1696 2004 1849 2052 illumque
1872 2005 1958 2040 tole-

1208 2055 1341 2090 randum
1355 2055 1432 2097 sore,
1451 2067 1486 2090 ac
1505 2056 1628 2091 cunetis
1644 2054 1790 2090 fidelibus
1808 2066 1845 2089 eo
1863 2054 1957 2090 modo

1207 2116 1295 2140 orare
1317 2105 1431 2140 debere
1454 2114 1483 2140 ct
1506 2105 1598 2140 licere
1620 2105 1820 2141 decernimus
1846 2113 1875 2139 et
1899 2105 1956 2139 de-

1206 2154 1372 2190 claramus.

1255 2208 1270 2247 §
1293 2208 1324 2239 4.
1354 2205 1390 2239 Et
1415 2213 1447 2239 ut
1474 2217 1584 2240 omnes
1611 2212 1641 2239 et
1668 2204 1783 2251 singuli
1811 2204 1956 2240 christili-

1207 2254 1292 2290 deles
1324 2255 1362 2290 ad
1396 2255 1573 2290 devotionis
1608 2266 1702 2302 opera
1718 2233 1759 2289 Det
1796 2253 2005 2306 praedictobus

1207 2305 1300 2339 modo
1327 2305 1480 2340 orandum
1497 2317 1534 2339 co
1556 2304 1726 2339 ferventius
1751 2303 1953 2348 inducantur,

1206 2367 1269 2401 quo
1291 2355 1404 2389 exinde
1427 2355 1601 2389 animarum
1616 2366 1743 2389 suarum
1767 2353 1888 2389 facilius
1901 2366 1952 2389 sa-

1207 2403 1301 2439 lutem
1331 2405 1481 2451 consequi
1508 2404 1714 2451 speraverint,
1742 2403 1896 2438 universis
1921 2412 1950 2438 et

1206 2454 1338 2501 singulis
1360 2454 1617 2489 christifidelibus
1641 2453 1777 2501 praefato
1800 2452 1894 2488 modo
1916 2466 1952 2488 o-

1207 2516 1273 2538 rare
1288 2504 1474 2549 volentibus,
1491 2503 1619 2538 ubilibet
1632 2503 1852 2544 existentibus,
1869 2515 1952 2549 prae-

1205 2553 1349 2588 sentibus
1372 2562 1402 2588 et
1425 2553 1548 2593 suturis,
1565 2565 1620 2600 pro
1636 2552 1773 2600 qualibet
1795 2553 1861 2587 viee
1877 2564 1950 2599 qua,

1205 2603 1286 2638 sicut
1314 2603 1531 2650 praemittitur,
1554 2603 1721 2642 oraverint,
1740 2614 1795 2649 pro
1813 2601 1952 2649 qualibet

1239 2662 1278 2695 (1)
1291 2661 1389 2688 Forsan
1401 2660 1538 2696 legendum
1550 2669 1555 2686 :
1569 2663 1597 2687 in
1609 2662 1710 2687 Christi
1723 2664 1833 2687 »tratrem
1845 2659 1882 2694 (n.
1899 2658 1949 2694 τ.).

1987 259 2034 285 An.
2051 259 2080 286 C.
2101 260 2166 286 l't7t)

1994 1066 2035 1086 Dux
2047 1070 2066 1086 et
2078 1067 2161 1086 duetus

1981 1096 2048 1124 Papae
2058 1097 2163 1124 approbu-

1980 1130 2058 1150 tionem
2094 1129 2165 1154 petie-

1980 1163 2035 1181 runt.

1988 1712 2158 1739 ΗιΡῡιιιὶῐιιιΓ

1973 1745 2156 1770 Ιιιιιωνιιιιιι-

1973 1775 2027 1798 dulg.
2047 1776 2152 1795 cuiiredEL

1982 2224 2047 2250 ι)ιι.ιΙ.ι
2067 2230 2101 2243 ι
2104 2230 2151 2250 tue

1969 2261 2009 2275 ιιιοι
2045 2233 2149 2276 utimini-
