2281 3251
103 282 152 308 Aa.
166 282 194 307 c.
211 280 274 306 1¹187

630 331 712 365 xtu.

301 414 468 448 Dantnalt'o
491 414 711 446 nonnullarum
732 413 973 457 propositionum
990 413 1046 444 Io-

347 465 436 497 annis
453 463 654 504 Pici,c0m1'tis
672 463 869 504 (font-ordine,
884 475 949 494 enin
970 462 1048 493 t'nln'-

347 514 458 546 hittone
486 513 555 545 illas
583 512 778 555 imprimendi
799 524 835 544 ac
850 511 978 555 leqcntlt',
993 511 1046 543 sub

345 574 443 607 poena
471 561 797 595 exconnnunt‘calt'om's
820 562 844 602 <l
855 564 874 602 ).

562 639 777 670 sonnatium

297 707 464 737 Exordium.
492 723 531 728 —
551 707 575 735 l.
598 705 720 735 loannes
744 705 830 734 Picus
854 705 1047 742 noningentas

338 751 551 791 propositiones
573 750 647 779 male
665 754 804 779 sonantes
816 754 866 778 etc.
880 749 1047 778 substinen-

337 796 388 825 das
418 795 562 833 proponit3
584 810 621 815 —
649 794 676 822 2.
700 793 753 822 Eas
777 794 902 822 examini
930 792 1049 822 subiicit

337 839 479 874 Pontil'ex3
511 855 548 859 ——
580 839 606 875 3.
642 837 738 876 Ipsius
763 838 822 866 Pici
851 836 1048 873 consessione,

337 883 496 913 nonnullae
513 891 653 918 erroueze,
665 882 858 911 scaudalosae
871 881 986 920 aliquae
999 885 1048 910 etc,

336 932 468 966 repertae
492 931 568 956 sunt.
595 943 633 947 —
655 927 682 955 st.
714 926 855 955 Libellum
880 925 977 963 itaque
1000 934 1049 953 eas

336 971 535 1001 coutinentem
554 970 673 999 damtmt
689 969 890 1003 lunocentius;
903 985 941 990 —
954 969 980 997 5.
998 968 1050 997 Eo-

336 1016 469 1045 rumdetn
493 1015 661 1050 lectionem,
684 1014 907 1052 impressionem
927 1017 976 1042 etc.
1001 1013 1048 1041 in-

336 1060 453 1089 terdicit
466 1059 521 1087 sub
537 1068 627 1093 poena
645 1058 850 1087 anathematis.
868 1074 906 1079 —
925 1059 951 1087 o.
968 1057 1050 1086 loan—

336 1112 401 1133 nem
436 1112 503 1131 vero
527 1102 639 1137 Picum,
667 1102 717 1140 qui
748 1110 798 1130 eas
822 1101 932 1130 iudicio
965 1100 1049 1129 Sedis

336 1148 434 1186 Apost.
458 1146 604 1180 submisit,
624 1146 733 1174 nullam
755 1144 859 1174 malam
883 1148 979 1173 notam
1005 1144 1050 1172 iu-

337 1192 468 1221 currisse
501 1190 640 1227 declarat,
663 1206 701 1211 —-
729 1188 934 1227 Transumptis
962 1188 1047 1218 fidem

338 1236 398 1265 vult
419 1234 563 1268 adhiberi,
584 1251 623 1256 —
645 1234 671 1263 8.
691 1233 924 1272 Praesentesque
949 1233 1049 1263 literas

338 1280 494 1317 publicari,
520 1296 559 1301 —
586 1279 618 1309 Et
641 1280 669 1308 in
698 1282 888 1307 contumaces
912 1278 1048 1307 animad—

337 1325 420 1354 verti.

330 1391 501 1419 Innocentius
520 1390 661 1425 episcopus
678 1396 775 1418 servus
799 1395 940 1418 servorum
952 1389 1015 1422 Dei,

446 1440 479 1467 ad
511 1439 636 1468 futuram
666 1439 707 1467 roi
730 1438 898 1467 memoriam.

346 1503 413 1537 Etsi
442 1515 479 1537 ex
513 1502 655 1536 iniuncto
684 1501 796 1545 nobis,
823 1501 895 1536 licet
924 1501 1049 1536 insuffi-

297 1551 457 1587 cientibus
472 1551 600 1592 meritis,
615 1551 752 1597 desuper
774 1551 963 1597 apostolicae
979 1563 1048 1585 ser-

298 1602 405 1636 vitutis
429 1601 546 1644 officio,
566 1601 731 1635 homiuum
755 1600 971 1647 quorumlibet
987 1601 1050 1634 ani-

298 1663 419 1686 marum
436 1651 527 1685 saluti
543 1650 708 1684 consulere
724 1657 898 1689 teneamur,
917 1662 1049 1696 propen-

296 1701 369 1734 siori
386 1708 489 1734 tamen
510 1712 582 1733 cura
595 1699 631 1733 ad
645 1712 680 1733 ea
704 1698 867 1744 invigilare
882 1698 1048 1739 debemus,

296 1762 389 1796 quae,
418 1749 464 1783 vel
488 1748 611 1783 divinae
627 1748 780 1783 Maiestati
804 1755 857 1782 aut
881 1748 1048 1794 integritati

297 1799 467 1833 catholicae
482 1797 642 1843 religionis
664 1806 695 1831 et
719 1797 802 1841 fidei,
819 1797 886 1831 sine
906 1809 966 1844 qua
981 1797 1048 1831 Deo

296 1848 420 1895 placere
447 1859 510 1882 non
530 1859 711 1894 possumus,
725 1847 969 1893 comperiuntur
991 1846 1049 1881 ad-

297 1909 396 1932 versa.

346 1947 366 1993 S
384 1950 412 1981 t.
429 1946 538 1993 Nuper
552 1945 801 1992 siquidem,cum
816 1945 951 1979 dilectus
967 1944 1049 1979 fitius

112 2007 202 2042 ioannes
219 2007 281 2028 Picus
297 1995 411 2030 nobilis
433 1996 478 2029 vir
504 1994 638 2029 loannes
659 1995 765 2034 Picus,
781 1994 978 2029 Concordiae
994 2007 1049 2028 co-

97 2044 214 2096 {gssfflffigg
231 2044 282 2089 ¹222]
297 2057 375 2088 mes,
399 2044 608 2091 noningentas
646 2045 868 2079 conclusiones
892 2045 1046 2079 variarum

95 2100 278 2152 ¹⁸⁵g¹¹÷3¹1t⁰⁵d⁰¹0
297 2094 477 2129 facultatum
513 2093 638 2139 publice
672 2093 768 2140 affigi,
795 2101 826 2127 et
857 2094 887 2128 in
916 2093 1049 2128 diversis

97 2135 224 2190 pffipssiiss-ffiffn
241 2137 263 2152 ⁹¹
296 2144 373 2178 locis
397 2144 530 2191 publicis
557 2144 656 2177 almae
692 2143 789 2177 Urbis
804 2170 811 2182 ,
834 2142 865 2177 in
893 2155 954 2189 qua
976 2155 1047 2178 cum

297 2193 438 2228 Romana
464 2192 560 2228 Curia
585 2193 760 2227 residemus
788 2200 819 2226 et
845 2192 912 2226 aliis
940 2192 1047 2226 mundi

297 2243 438 2289 partibus
461 2242 611 2289 publicari
636 2242 772 2281 fecisset,
795 2241 930 2276 offerens
954 2254 999 2281 se,
1017 2251 1048 2276 ut

295 2293 392 2327 moris
419 2301 477 2336 est,
510 2299 654 2326 contenta
691 2292 719 2324 in
754 2291 824 2330 illis,
855 2291 883 2324 in
913 2290 1049 2337 publicis

295 2342 431 2389 desuper
453 2341 605 2376 habendis
628 2340 894 2387 disputationibus
931 2341 961 2373 in
996 2352 1049 2374 ea-

294 2391 365 2425 dem
401 2391 495 2426 Curia
531 2389 748 2432 substentare,
776 2397 806 2424 et
838 2402 854 2424 a
888 2389 1049 2424 nonnullis

294 2441 394 2475 zelum
424 2440 496 2475 fidei
533 2439 723 2474 habentibus
751 2447 942 2473 assereretur
968 2451 1049 2472 non-

295 2490 397 2524 nullas
419 2503 454 2525 ex
478 2489 597 2524 eisdem
618 2489 877 2524 conclusionibus
894 2487 1049 2534 praefatae

296 2539 366 2574 fidei
394 2539 577 2584 contrarias,
604 2551 763 2582 erroneas,
791 2537 993 2572 scandalosas
1020 2546 1050 2571 et

296 2589 551 2629 malesonantes,
580 2600 616 2623 ac
648 2588 687 2622 de
714 2600 775 2622 non
805 2599 878 2622 sana
907 2586 1049 2621 doctrina

331 2658 370 2693 (t)
391 2659 429 2685 Ex
447 2660 551 2693 Regest.
574 2659 599 2685 in
620 2658 729 2685 Archiv.
753 2657 836 2685 Vatic.

131 1563 247 1585 Exordium.

883 275 1033 298 mmihi-:NJ
1044 276 1092 297 ll'S
1115 274 1170 296 ΥΙΙΙ
1195 274 1242 296 ΙΨ.

1723 258 1790 290 3⁶27
1859 266 1908 292 Αη.
1923 264 1951 290 C.
1974 264 2038 290 tw

1089 336 1252 375 suspectas
1280 339 1360 371 esse,
1383 335 1411 361 et
1435 325 1548 359 exinde
1573 324 1742 358 multorum
1770 323 1839 357 [ide-

1090 379 1164 412 limn
1180 387 1300 412 mentes
1324 376 1490 422 plurimum
1515 373 1730 416 scandalizari,
1746 380 1777 406 et
1792 372 1842 406 di-

1091 429 1190 462 xinam
1206 427 1411 469 Maiestatem,
1424 437 1459 459 ac
1474 423 1633 469 religionis
1652 422 1841 456 christianae

1089 478 1197 516 decus,
1221 476 1483 522 Apostolicaeque
1503 473 1594 508 Sedis
1611 472 1760 506 bonorem
1778 483 1839 505 nou

1092 539 1199 573 parum
1228 525 1319 559 laedi.

1137 581 1152 618 g·
1175 577 1207 608 2.
1230 575 1295 609 Nos
1329 583 1402 608 tunc
1426 571 1593 618 integritati
1617 570 1687 606 fidei
1723 582 1841 605 cousu-
1882 583 1920 603 ss-is
1950 589 2030 603 exam,

1092 626 1164 664 lere,
1181 632 1211 657 et
1238 624 1393 658 scandalis
1421 620 1602 656 huiusmodi
1632 619 1757 654 obviare
1786 614 1941 666 vo-ssssffsti*
1967 613 2043 634 ⁹⁰¹''¹*

1093 675 1209 716 lentes,
1233 672 1400 707 venerabili
1421 671 1503 706 fratri
1522 670 1630 705 loanni
1647 669 1747 716 episc.
1767 669 1841 703 Tor·
1900 662 1903 670 ’

1092 736 1214 765 nacon,
1246 722 1359 756 domus
1386 730 1509 755 nostrae
1532 720 1695 765 magistro,
1721 718 1760 752 de
1785 730 1841 752 cu-

1092 775 1139 807 ius
1153 784 1275 806 morum
1290 771 1475 816 integritate,
1489 769 1646 804 literarum
1659 767 1790 803 scientia
1812 775 1842 801 et

1092 822 1157 855 zelo
1173 820 1333 866 religionis
1351 820 1522 866 plurimum
1543 817 1744 857 confidimus,
1758 828 1844 851 com-

1093 871 1234 905 misimus
1262 878 1290 903 et
1315 869 1533 903 mandavimus
1558 875 1601 906 ut,
1630 867 1746 901 vocatis
1763 877 1843 900 non-

1093 920 1186 954 nullis
1209 927 1282 952 tunc
1304 918 1462 964 expressis
1483 916 1713 951 venerabilibus
1735 915 1843 950 fratri—

1094 969 1150 1003 bus
1174 969 1289 1002 nostris
1311 967 1468 1014 episcopis
1495 976 1524 1000 et
1548 966 1618 1000 aliis
1636 977 1742 1000 sacrae
1758 965 1845 999 theo-

1093 1019 1193 1064 logiae
1212 1030 1246 1051 ac
1270 1017 1433 1063 utriusque
1451 1017 1529 1050 iuris
1543 1014 1787 1062 professoribus,
1804 1014 1841 1048 ad

1094 1067 1120 1100 id
1145 1080 1158 1100 a
1185 1066 1274 1100 nobis
1301 1065 1478 1112 specialiter
1507 1064 1686 1104 nominatis,
1704 1064 1733 1097 in
1762 1063 1842 1097 dicta

1092 1117 1187 1150 (Iuria
1224 1114 1435 1160 degentibus,
1464 1126 1498 1148 ac
1535 1112 1674 1160 praefato
1704 1113 1843 1155 comite,

1093 1173 1238 1199 vomenta
1263 1166 1293 1198 in
1317 1164 1410 1198 dictis
1430 1162 1691 1197 conclusionibus
1715 1174 1768 1207 per
1791 1173 1844 1195 eos

1093 1223 1212 1248 mature
1228 1213 1398 1248 examinari
1423 1221 1453 1246 et
1475 1211 1589 1246 discuti
1613 1211 1739 1251 faceret,
1760 1218 1843 1244 etan

1092 1264 1213 1310 aliquae
1235 1276 1271 1297 ex
1300 1262 1379 1301 iltis,
1407 1275 1443 1296 ex
1475 1262 1502 1295 vi
1532 1261 1711 1299 verborum,
1739 1272 1755 1294 a
1784 1259 1845 1293 fide

1092 1314 1242 1347 catholica
1267 1312 1441 1351 dissonare,
1464 1319 1517 1345 aut
1541 1309 1697 1344 haeresim
1721 1321 1844 1355 sapere,

1092 1374 1146 1396 seu
1171 1362 1286 1397 dubias
1307 1370 1335 1395 et
1364 1360 1518 1407 ancipites
1544 1371 1626 1401 esse,
1649 1366 1680 1393 et
1701 1358 1738 1392 ad
1755 1370 1845 1392 erro-

1093 1423 1187 1446 neum
1217 1423 1345 1445 sensum
1382 1410 1411 1443 in
1444 1409 1503 1443 lide
1535 1408 1611 1443 trahi
1641 1408 1728 1442 facile
1752 1419 1844 1454 posse

1093 1461 1359 1508 comperirenturg
1379 1468 1409 1493 et
1431 1458 1586 1505 explicato
1603 1458 1691 1505 prius
1706 1456 1782 1503 quid
1798 1469 1845 1490 ca-

1094 1511 1193 1556 ptiosa
1230 1509 1397 1544 verborum
1435 1507 1598 1554 congeries
1631 1506 1843 1554 protenderet,

1093 1559 1282 1594 roncordem
1312 1558 1536 1605 episcoporum
1565 1565 1595 1591 et
1630 1555 1842 1601 professorum

1092 1609 1384 1643 determinationem
1402 1606 1491 1641 nobis
1513 1606 1655 1649 referret,
1679 1612 1723 1646 ut,
1738 1603 1843 1639 habita

1093 1658 1273 1692 huiusmodi
1293 1656 1443 1691 relatione
1456 1655 1553 1700 fideli,
1568 1655 1704 1700 desuper
1725 1665 1844 1700 oppor-

1094 1716 1167 1741 tune
1195 1706 1359 1754 providere
1383 1717 1572 1752 possemus,
1601 1712 1694 1750 prout
1717 1704 1746 1736 in
1769 1702 1842 1749 qui-

1093 1757 1223 1791 busdam
1247 1756 1343 1790 literis
1359 1755 1473 1789 nostris
1496 1755 1525 1788 in
1546 1754 1644 1788 forma
1660 1752 1763 1787 brevis
1777 1752 1844 1799 ple-

1093 1806 1164 1840 nius
1186 1806 1376 1840 continetur.

1141 1855 1161 1902 ἓ
1189 1858 1220 1889 5.
1250 1853 1458 1889 Postmodum
1478 1865 1551 1888 vero
1573 1860 1634 1886 tam
1655 1851 1842 1887 Tornaeen..
1863 1858 2045 1885 Ipsiusrieicon-

1857 1889 1916 1913 sess..
1928 1889 2043 1910 nonnullae

1092 1917 1186 1950 quam
1205 1916 1259 1951 per
1286 1915 1359 1938 eum
1383 1903 1546 1938 convocati
1570 1901 1608 1935 de
1637 1908 1744 1934 nostro
1759 1911 1843 1933 man·
1858 1925 2044 1943 „fflflffldffiffi

1091 1954 1162 1988 dato
1185 1953 1347 2000 episcopi,
1376 1951 1552 1997 theologiae
1581 1949 1774 1997 professores
1808 1952 2043 2001 acdfltfffssatiquw

1090 2004 1258 2049 utriusque
1273 2002 1349 2036 iuris
1364 2002 1510 2036 doctores
1524 1999 1666 2046 praefati,
1684 2006 1754 2045 post
1769 1997 1843 2031 diu·
1858 1987 1889 2007 ¹⁰¹
1902 1989 1920 2002 '¹
1933 1988 1956 2002 ⁸8
1974 1986 2019 2001 ⁵⁰¹¹*

1093 2053 1188 2086 tinam
1218 2051 1442 2097 etdiligentem
1466 2049 1709 2087 discussionem,
1726 2055 1843 2081 etsac-

1093 2106 1174 2152 pius,
1191 2114 1256 2139 tum
1275 2113 1452 2152 praesente,
1468 2113 1531 2138 tum
1545 2103 1673 2138 absente
1688 2102 1770 2136 dicto
1787 2113 1842 2135 co-

1092 2160 1187 2199 mite,
1216 2160 1410 2201 reiteratum,
1439 2168 1667 2202 nonnunquam
1691 2155 1785 2189 etiam
1811 2154 1841 2188 iu

1093 2222 1194 2248 nostra
1219 2213 1410 2261 praeseutia,
1432 2218 1613 2246 accuratum
1630 2219 1660 2245 et
1682 2208 1842 2244 laudabile

1091 2279 1222 2301 examen
1252 2267 1404 2302 dictarum
1429 2264 1671 2300 conclusionum
1706 2271 1737 2296 et
1766 2275 1843 2297 con-

1093 2328 1250 2356 tentorum
1275 2321 1304 2355 in
1333 2320 1391 2364 eis,
1420 2319 1512 2353 nobis
1534 2317 1732 2353 concorditer
1755 2325 1845 2352 retu-

1093 2375 1194 2409 lerunt
1217 2374 1384 2409 nonnullas
1406 2385 1442 2407 ex
1465 2371 1725 2407 conclusionibus
1753 2382 1843 2418 prae-

1092 2429 1199 2469 dictis,
1218 2437 1279 2463 tam
1307 2426 1483 2462 secundum
1514 2426 1671 2474 propriam
1700 2424 1842 2459 eiusdem

1091 2483 1215 2517 comitis
1242 2494 1335 2529 quam
1367 2480 1501 2514 aliorum
1525 2480 1705 2526 opinionem
1726 2506 1734 2521 ,
1761 2477 1843 2511 hae-

1093 2537 1204 2571 reticas
1237 2544 1289 2570 aut
1323 2533 1478 2569 haeresim
1511 2534 1693 2580 sapientes,
1720 2532 1843 2578 aliquas

1091 2590 1292 2625 scandalosas
1313 2588 1497 2635 piarumque
1525 2587 1647 2622 aurium
1664 2585 1840 2623 offensivas,

1095 2645 1258 2691 plerasqut¹
1281 2643 1373 2676 etiam
1402 2650 1587 2677 renovantes
1614 2652 1736 2676 errores
1762 2651 1842 2687 gen·
