2281 3251
88 274 139 301 An.
159 273 186 300 C.
207 274 267 300 15¹1

101 679 130 698 Ad
147 685 210 705 ipsum
223 681 254 697 rto

88 715 128 730 mm
141 713 199 736 spect
222 716 270 729 run-

89 742 269 765 rttcurt¹ge11e1,ile

88 771 155 791 turici!
168 787 172 794 ,
198 778 270 797 quani—

89 808 118 822 vis
129 803 153 822 dc
163 808 207 822 ctus
218 809 271 822 caii-

90 839 111 853 sa
125 836 204 857 «tratur.

98 1275 126 1294 Ad
134 1275 236 1300 supradict

91 1311 129 1332 qus³
154 1305 273 1325 cardinales

91 1336 147 1356 nullo
158 1339 218 1362 pacto
230 1336 271 1356 hwc

92 1370 184 1393 potr-stas
207 1368 273 1387 steve-

92 1398 133 1418 tuta
148 1398 191 1418 suit.

104 1915 145 1937 Neo
170 1920 273 1936 terminus

92 1947 116 1967 ab
132 1948 163 1968 eis
177 1948 274 1973 assigni-

93 1983 124 1999 tus
136 1979 260 1998 aci-eitraha
263 1978 274 1997 l

92 2010 273 2033 conciliumffom-

93 2044 166 2065 petens
176 2041 272 2060 diiudica-

93 2072 108 2092 ri
124 2075 200 2098 potest.

937 269 1040 291 trLtts

287 339 347 375 que
366 335 542 374 propterea,
553 325 789 372 negligentibus
803 324 917 359 aliisS.
936 323 973 357 R.
991 323 1027 357 F.

286 375 518 415 cardinalibus,
546 375 583 409 ad
620 387 674 408 eos
700 374 877 409 devolutam
907 373 1028 408 concilii

286 425 495 472 congregandi
532 424 732 462 facultatem,
767 437 826 458 non
868 423 1028 462 mitantur,

286 475 445 522 quoniam,
475 482 551 509 teste
580 474 787 521 Hieronymo,
815 473 1028 517 schismatici,

285 537 357 559 cum
379 524 521 558 dubitant
544 536 653 558 causas
683 523 835 567 danmari,
859 523 888 557 in
917 531 1029 557 contu-

286 574 393 608 melias
417 574 594 620 prosiliunt.

334 624 353 669 S
375 627 407 658 9.
435 623 547 658 Dicant
570 622 731 669 macdicti,
759 622 884 656 nomine
911 629 1028 655 tantum

262 690 270 692 -
286 673 477 714 cardinales,
501 673 623 708 Dathan
651 680 681 706 et
703 671 836 711 Abiron,
863 671 1031 706 Acacium-

286 735 348 769 que
375 731 406 757 et
430 722 617 757 Dioscorum
643 730 925 768 repraesentantes,
941 728 1031 755 teue-

288 773 409 806 brarum
448 772 513 813 lilii,
550 771 701 818 numquid
731 771 865 805 Summo
889 770 1029 803 Pontifici

287 830 446 868 spectetet
461 821 615 869 pertineat
638 832 829 866 congregare
851 819 1031 862 concilium⁷

287 871 408 906 etiamsi
425 871 463 905 de
479 884 534 905 sua
551 874 642 905 cansa
661 869 785 915 agatur?
805 869 937 914 Legant,
955 869 1030 902 ultra

287 922 444 967 antiquOS‚
478 928 563 966 gesta
590 919 808 953 Constantieu.
839 918 974 962 concilii⁷
1002 918 1030 951 in

287 970 402 1017 quibus
425 984 458 1004 se
482 970 680 1016 potissimum
704 968 847 1007 fundant,
864 976 896 1001 ut
918 979 955 1001 ex
977 967 1033 1005 eis,

289 1030 446 1066 tamquam
463 1018 564 1053 iudaei
580 1032 615 1053 ex
633 1018 766 1065 propriis
778 1017 1035 1055 codicibus,con-

289 1070 470 1109 l'undantur,
499 1069 655 1115 reperient
685 1068 831 1102 loannem
860 1066 974 1110 Xthl,
996 1066 1034 1101 de

288 1118 377 1152 cuius
405 1118 601 1165 potissimum
625 1130 716 1152 causa
739 1117 899 1163 agebatur,
922 1116 1034 1150 conci—

290 1168 364 1202 linm
390 1168 630 1203 Constantiense
653 1166 832 1202 huiusmodi
857 1165 1019 1199 indixisse.

338 1217 357 1263 ξ
381 1220 435 1251 10.
459 1217 538 1252 Cum
559 1229 633 1263 ergo
645 1216 815 1251 concilium
842 1215 1034 1263 praedictum

242 1280 274 1293 ὑὲ·
289 1279 479 1313 congregare
499 1267 592 1312 parati
616 1266 728 1309 simus,
751 1266 825 1299 satis
848 1272 969 1299 constat
983 1264 1033 1298 do-

288 1316 370 1351 losas
397 1328 507 1350 eorum
534 1316 656 1361 linguas
688 1315 807 1349 locutas
830 1314 924 1348 fuisse
947 1327 1036 1347 men—

288 1366 422 1400 dacium.
445 1365 508 1400 Sed
523 1365 547 1399 si
562 1365 639 1399 haec
654 1365 759 1399 omnia
776 1372 944 1404 cessarent,
958 1372 1037 1397 stan-

289 1415 372 1450 tibus
396 1415 631 1462 impedimentis
655 1414 833 1461 praedictis,
857 1415 885 1448 in
910 1426 971 1460 qua
988 1425 1037 1447 ne-

288 1465 436 1511 gligentia
464 1465 524 1499 dici
549 1474 680 1512 possunt
707 1476 776 1498 esse
804 1464 914 1498 fratres
941 1464 1035 1498 nostri

288 1515 321 1549 S.
339 1515 378 1549 R.
392 1514 428 1548 E.
445 1514 620 1549 cardinales
644 1514 837 1555 huiusmodi,
861 1526 923 1547 non
940 1513 1037 1560 requi-

288 1564 339 1598 siti
361 1563 399 1598 ad
422 1564 590 1599 concilium
621 1564 894 1610 congregandum,
932 1563 971 1597 ita
1008 1571 1039 1597 ut

288 1614 325 1647 ad
356 1614 560 1660 paucissimos
587 1613 803 1648 Romanorum
823 1612 1014 1647 Pontificum
1030 1641 1037 1651 ,

288 1663 392 1709 culpa,
407 1663 640 1709 ambitioneque
656 1662 806 1703 infensos,
822 1662 1037 1697 schismatico*

289 1725 324 1747 ac
340 1722 425 1747 extra
448 1713 576 1747 domum
596 1713 652 1747 Dei
678 1713 806 1759 positos,
826 1713 962 1760 potuerit
983 1724 1040 1759 po-

290 1771 383 1797 testas
406 1762 589 1797 universalis
608 1762 769 1797 Ecclesiae
792 1762 926 1807 devolvi,
943 1763 1039 1797 immo

292 1812 398 1889 potius
425 1811 463 1846 ab
489 1812 534 1846 eis
558 1812 714 1858 usurpati.

340 1864 438 1901 §.11
473 1861 671 1896 Adiiciamus
705 1875 745 1895 ew
740 1874 778 1907 50
813 1874 897 1895 nunc
929 1860 1038 1895 huius-

291 1896 375 1945 modi
406 1911 567 1958 potestatis
594 1911 727 1946 abusum
740 1889 922 1946 Dostendere
946 1911 1037 1945 trium

290 1961 446 1995 mensium
470 1969 499 1995 et
522 1961 760 2008 quatuordecim
784 1961 906 1995 dierum
933 1960 970 1994 ab
997 1962 1041 1995 ei

290 2019 416 2057 tempus
437 2011 467 2044 in
486 2023 555 2051 suo,
580 2019 613 2045 ut
631 2011 751 2055 volunt,
770 2011 873 2046 edicto
890 2024 944 2045 seu
963 2023 1040 2045 conv-

291 2061 451 2095 vocatione
466 2061 670 2107 assignatum:
698 2071 728 2097 et
750 2061 786 2096 ad
802 2061 1038 2096 oecumenicum

290 2115 459 2150 concilium
482 2115 758 2162 congregandum,
780 2116 837 2150 hoc
870 2124 930 2150 tam
956 2116 1039 2151 brevi

290 2170 441 2217 temporis
468 2170 569 2217 spatio
605 2170 718 2217 poterit
744 2170 928 2205 nationibus
956 2171 1041 2205 chri-

290 2224 398 2260 stianis
420 2237 435 2259 a
458 2225 637 2260 Mediolano
657 2225 887 2269 remotissimis,
902 2225 1040 2271 legitime

291 2278 490 2314 innotuisse?
522 2279 675 2314 Poterunt
704 2291 765 2321 ne,
793 2280 818 2313 si
854 2279 1038 2314 innotuisset

292 2333 322 2367 in
345 2334 492 2377 termino,
516 2333 717 2368 dioecesanas
739 2342 768 2367 et
784 2333 1041 2380 metropolitanas

291 2386 428 2435 synodos
448 2399 634 2427 convocare,
657 2387 814 2422 celebrare
830 2395 859 2421 et
877 2388 1041 2434 perlicere?

293 2441 446 2476 Poteruut
469 2454 525 2486 ne,
552 2442 603 2488 qui
634 2443 755 2476 venturi
784 2442 1041 2478 decernerentur.

292 2495 330 2531 ad
356 2503 474 2530 tantum
504 2497 562 2531 iter
589 2496 761 2531 necessaria
791 2496 1042 2543 conquisivisse‘!

293 2550 444 2585 Poterant
464 2552 630 2598 principes,
653 2551 802 2586 accedere
827 2552 975 2595 volentes,
992 2564 1043 2598 po-

296 2604 378 2650 pulis
399 2604 457 2639 sibi
481 2605 617 2639 subditis
639 2614 668 2639 et
690 2613 790 2639 status
813 2605 858 2639 sui
882 2606 1040 2640 securitati

295 2657 374 2691 bene
393 2659 606 2694 consuluisse?
629 2660 792 2703 Poterunt,
815 2672 894 2707 quos
919 2660 1041 2695 mittere

1063 269 1086 290 tl
1107 268 1156 290 PP.

1702 254 1770 286 503

1072 322 1278 362 decreverint,
1289 329 1504 369 procuratores
1516 329 1569 355 aut
1583 328 1721 355 oratores
1731 319 1821 365 plene

1074 373 1254 407 informatos
1277 371 1416 406 mittere?
1438 370 1495 405 vix
1513 381 1623 405 cursor
1644 369 1821 416 expeditus,

1073 423 1165 456 trium
1185 422 1338 456 meusium
1354 429 1382 455 et
1398 421 1493 455 semis
1510 421 1622 467 spatio,
1651 419 1693 454 ire
1720 427 1750 454 et
1774 432 1822 453 re-

1073 472 1140 506 dire
1170 479 1273 518 posset
1301 472 1367 505 sinc
1402 470 1543 505 sarcinis.
1575 468 1666 504 Unde
1699 476 1730 504 et
1761 481 1822 515 quo

1074 522 1130 568 ipsi
1154 534 1261 567 graves
1285 521 1367 555 viros
1389 528 1418 555 et
1441 519 1535 554 multa
1563 531 1670 554 secum
1695 518 1824 566 impedi·

1075 580 1177 605 menta
1202 570 1371 611 trahentes,
1393 570 1461 604 siue
1483 569 1600 616 quibus
1627 568 1732 602 venire
1760 580 1821 603 non

1075 629 1227 667 possunt,
1253 628 1374 667 putant
1409 620 1504 653 innuo
1532 619 1706 653 decernunt
1727 630 1821 653 acce—

1074 672 1147 704 dere
1171 682 1261 717 posse
1289 678 1318 705 et
1346 668 1508 715 oportere?
1541 668 1665 712 Quare,
1691 667 1716 703 si
1746 667 1823 702 nihil

1074 719 1169 760 aliud,
1195 719 1398 753 indictionem
1414 718 1551 761 concilii,
1574 729 1668 765 quam
1690 724 1824 752 attenta—

1076 777 1158 807 runt,
1187 769 1215 802 in
1241 776 1380 814 tempore
1409 768 1546 814 prat-lixo
1568 766 1740 802 accedendi
1764 767 1824 801 irn-

1076 817 1265 865 possibilitas
1288 819 1354 864 ipsa
1378 817 1505 864 ponitus
1526 825 1663 852 enervat.

1124 873 1139 910 ἕ
1164 870 1217 901 12.
1246 868 1321 906 Sed,
1338 867 1362 901 si
1381 866 1531 914 possibile
1553 866 1658 911 suerit,
1676 874 1706 901 et
1720 866 1823 913 aliqua
1849 877 1883 897 *c-
1902 884 1932 897 civ

1077 918 1195 951 ratione
1217 916 1391 956 decretum,
1407 916 1467 950 hoc
1487 917 1589 963 ipsum
1610 916 1733 951 concilii
1749 923 1843 950 tem-'

1077 980 1146 1013 pus,
1174 967 1233 1001 loci
1256 967 1332 1001 ratio
1357 965 1559 1000 indictionem
1584 965 1682 1012 ipsam
1707 965 1823 1000 nullam

1078 1017 1157 1051 facit:
1182 1016 1270 1050 locus
1292 1016 1414 1050 concilii
1440 1015 1626 1050 commodus
1647 1028 1716 1050 esse
1735 1015 1824 1050 debet

1077 1074 1106 1100 et
1131 1075 1227 1100 tutus.
1251 1066 1332 1107 Quis
1361 1066 1495 1111 iffnorat,
1514 1065 1596 1112 quod
1625 1064 1768 1099 dolenter
1782 1065 1827 1099 di

1077 1116 1190 1159 cimus,
1219 1116 1327 1150 urbem
1357 1115 1445 1149 Pisas
1468 1127 1566 1161 prope
1587 1113 1825 1161 quatuordecim

1078 1177 1176 1200 annos
1193 1164 1360 1200 continuos
1374 1164 1534 1199 obsessam
1549 1163 1718 1198 durissime
1731 1163 1828 1198 luisse

1078 1223 1108 1248 et
1135 1214 1172 1249 ad
1201 1227 1268 1249 eam
1292 1214 1520 1249 desolationem
1548 1213 1630 1248 bello
1659 1213 1828 1257 redactam,

1078 1273 1113 1299 ut
1147 1264 1321 1299 rarissimae
1354 1264 1467 1299 domus
1499 1263 1628 1310 integris
1655 1263 1828 1310 parietibus

1081 1314 1110 1347 in
1136 1314 1186 1348 illa
1209 1314 1394 1358 consistant,
1417 1322 1446 1348 et
1469 1313 1531 1348 fere
1555 1312 1658 1348 nullae
1672 1314 1827 1360 sintquae

1080 1363 1370 1409 contignationibus
1397 1371 1427 1397 et
1453 1362 1576 1397 solariis
1616 1363 1827 1398 muniantur?

1079 1413 1264 1448 Habitarent
1292 1426 1330 1448 ne
1360 1412 1400 1448 ibi
1429 1412 1463 1447 S.
1493 1412 1531 1447 R.
1560 1412 1598 1447 E.
1629 1412 1827 1457 cardinales,

1082 1462 1286 1509 patriarchae,
1313 1462 1564 1509 archiepiscopi,
1587 1462 1744 1510 episcopi,
1771 1462 1828 1497 ab-

1080 1513 1188 1557 bates,
1216 1513 1375 1560 principes
1410 1512 1586 1547 saeculares
1614 1511 1661 1547 vel
1691 1520 1829 1548 oratores

1081 1575 1203 1607 eorum,
1221 1563 1482 1597 communitatum
1507 1562 1580 1596 item
1603 1562 1738 1597 nuncii?
1764 1562 1830 1597 Ha-

1083 1612 1215 1646 bitarent
1238 1624 1276 1647 ne
1298 1612 1442 1648 doctores
1469 1611 1665 1646 celeberrimi
1692 1619 1754 1647 tam
1782 1611 1831 1646 di—

1082 1662 1143 1696 vini
1172 1661 1246 1696 iuris
1278 1674 1371 1709 quam
1395 1661 1522 1697 humani
1551 1661 1694 1697 ruinosas
1720 1661 1831 1697 domos

1082 1711 1304 1758 civitatemque
1327 1713 1454 1759 penitus
1475 1711 1658 1756 desolatam,
1674 1724 1731 1758 pro
1746 1712 1831 1747 cele-

1082 1761 1202 1796 brando
1229 1763 1433 1797 oecumenico
1468 1760 1626 1796 concilio?
1660 1761 1829 1809 Nunquam

1083 1811 1195 1845 talibus
1231 1811 1261 1845 in
1297 1811 1373 1846 locis
1407 1810 1562 1858 scriptum
1590 1818 1638 1846 est
1664 1812 1833 1846 concilium

1082 1861 1227 1906 ‹renerale
1260 1860 1355 1895 fnisse
1381 1861 1584 1896 celebratum.
1619 1859 1833 1896 Revolvantur

1082 1923 1192 1945 omnes
1212 1910 1415 1946 conciliorum
1439 1911 1717 1946 oecumenicorum
1741 1911 1832 1946 histo-

1083 1960 1161 2004 riae,
1196 1960 1359 2008 apparebit
1387 1960 1527 2008 patribus
1550 1961 1686 2005 nostris,
1718 1963 1835 1996 sanctis

1082 2022 1157 2045 sane
1180 2019 1210 2045 et
1238 2010 1444 2058 prudentibus
1467 2010 1551 2053 viris,
1568 2023 1623 2058 pro
1645 2010 1834 2046 celebrando

1082 2060 1228 2101 concilio,
1250 2068 1321 2095 ante
1356 2061 1460 2096 omnia
1483 2060 1571 2095 cordi
1598 2060 1694 2095 fuisse
1719 2060 1834 2107 eligere

1083 2115 1240 2151 civitatem
1266 2115 1416 2162 amplam,
1434 2114 1587 2150 aediliciis
1611 2115 1835 2151 accommoda-

1085 2178 1157 2210 tam,
1186 2170 1320 2205 salubris
1341 2169 1439 2213 aeris,
1472 2169 1581 2204 fertilis
1608 2169 1691 2214 soli,
1718 2182 1835 2205 conve-

1083 2224 1197 2259 hendis
1214 2224 1442 2260 commeatibus
1466 2224 1600 2264 facilem,
1618 2236 1699 2272 quae
1718 2225 1833 2269 omnia,

1083 2279 1107 2313 si
1127 2278 1208 2314 Pisis
1232 2280 1342 2314 adesse
1365 2279 1520 2326 quispiam
1540 2277 1752 2324 affirmaverit,
1768 2281 1834 2314 rui-

1085 2346 1141 2368 nae
1169 2334 1325 2377 civitatis,
1348 2333 1567 2368 aedificiorum
1596 2333 1719 2378 rudera,
1742 2333 1833 2369 villa-

1085 2399 1151 2422 rum
1180 2397 1209 2422 et
1246 2388 1406 2422 vinearum
1441 2387 1620 2422 eversiones
1643 2387 1833 2434 redarguent

1083 2442 1127 2477 sic
1146 2443 1314 2477 dicentem.

1133 2501 1148 2540 g
1172 2499 1227 2531 45.
1254 2496 1336 2530 Haec
1360 2504 1476 2536 tamen,
1499 2496 1523 2531 si
1547 2495 1630 2531 Pisis
1652 2504 1757 2531 essent
1785 2497 1834 2531 in-

1086 2561 1181 2598 tegra,
1211 2560 1243 2586 ut
1266 2565 1326 2586 non
1355 2560 1441 2595 snut,
1463 2564 1565 2599 neque
1584 2551 1728 2586 affirmari
1753 2565 1833 2598 pos—

1085 2614 1158 2640 sunt
1185 2606 1251 2640 sine
1279 2605 1493 2653 impudentia,
1520 2605 1678 2653 quomodo
1715 2614 1762 2640 est
1794 2608 1831 2641 ad

1084 2660 1172 2694 Pisas
1201 2668 1286 2694 tutus
1320 2672 1465 2695 accessus
1489 2660 1533 2694 vel
1569 2660 1597 2693 in
1632 2671 1666 2694 ca
1695 2659 1829 2695 mansio.

1835 262 1884 289 Au.
1902 262 1930 288 C.
1952 261 2012 286 ¹2le

1936 880 1975 897 itas
1989 876 2024 897 Ρι-

1840 916 1890 927 sana
1904 908 1961 929 locus
1970 914 2024 928 com-

1840 941 1913 961 modus
1937 940 2023 960 com-ilii

1841 972 1933 996 general.
1944 977 2024 993 rogen-

1841 1003 1859 1023 cti
1880 1008 1928 1023 esse
1948 1003 2025 1028 ‹tigno-

1841 1035 1913 1057 scitur,

1862 2509 1933 2537 Neque
1949 2513 2011 2530 tutus.
