2281 3251
242 264 291 291 Αη.
310 265 339 292 C.
360 264 423 292 12157

494 255 559 289 ¹54

442 321 542 358 vitas,
570 334 650 369 quae
678 321 864 356 immensam
901 320 957 355 Dei
992 320 1088 354 nostri
1125 320 1190 355 cle-

443 372 590 406 mentiam
618 379 646 406 et
669 370 918 406 misericordiam
947 382 1018 416 erga
1044 382 1112 408 nos,
1135 370 1188 416 qui

440 420 602 456 Christum
632 420 795 456 induimus
821 428 849 454 et
874 419 977 467 lpsins
999 432 1111 454 sumus
1140 420 1190 454 iu-

441 471 546 518 signiti
561 470 1006 509 charactere,demonstravit:
1023 468 1078 503 sed
1093 477 1122 503 et
1138 482 1190 503 sa-

441 530 620 556 crosanctae
662 519 847 555 universalis
881 519 1042 554 Ecclesiae
1077 518 1190 553 tunda-

441 579 545 606 menta
564 583 624 605 non
648 570 749 605 solum
765 581 858 616 supra
884 577 1002 616 petram
1026 568 1187 604 Christum

441 621 591 665 fundavit,
608 633 715 656 rerum
728 620 822 654 etiam
843 618 1007 654 suabium:
1026 631 1096 653 nam
1116 631 1188 653 cum

441 671 642 718 interroganti
670 670 820 707 Domino,
861 677 889 703 et
916 681 1012 716 quem
1049 668 1188 703 dicerem

441 721 584 756 homines
609 732 678 755 esse
708 719 806 753 lilium
838 718 975 753 hominis
1002 719 1188 767 requirenti,

440 770 589 818 discipuli
625 770 702 804 alios
724 769 872 804 loannem
902 768 1088 815 Baptistam‚
1111 768 1190 804 ahos

439 820 566 867 quidem
596 819 694 854 Eliam
712 848 719 858 ,
747 818 825 853 alios
854 830 926 853 vero
948 818 1112 853 Ieremiam
1137 827 1189 853 aut

440 883 537 906 uuum
566 882 600 904 ex
631 869 794 916 prophetis
829 868 974 903 homiues
1002 868 1106 904 dicere
1141 881 1190 904 rc-

439 919 769 975 sivoiidissen13311111e
806 918 919 954 iterum
954 930 1009 953 eos
1031 917 1189 954 Dominus

439 969 662 1016 interrogavit:
686 970 743 1003 Vos
762 976 862 1004 autem
879 981 967 1014 quem
986 981 1044 1003 esse
1066 970 1190 1004 dicitis?

439 1020 476 1055 Et
495 1019 621 1063 Petrus,
645 1031 700 1066 pro
721 1031 755 1054 se
778 1026 808 1054 et
830 1018 930 1054 aliis
924 1019 1083 1066 inquiens,
1105 1018 1190 1054 affir-

438 1078 536 1105 maret
550 1083 556 1104 :
585 1071 630 1104 Tu
643 1082 672 1103 es
689 1070 827 1104 Christus
841 1069 938 1103 Filius
954 1069 1013 1103 Dei
1024 1070 1106 1103 viui.-
1124 1068 1190 1103 liaec

439 1120 502 1167 ipsa
520 1119 682 1155 verissima
697 1118 922 1166 salutiferaque
932 1117 1016 1153 Petri
1032 1118 1190 1153 confessio

439 1171 468 1204 in
492 1170 550 1205 bac
567 1168 744 1205 admirabili
762 1168 933 1204 Salvatoris
953 1169 1049 1204 nostri
1069 1167 1190 1203 Trans-

439 1219 624 1267 figuratione
640 1232 695 1267 per
710 1230 816 1254 rocem
835 1217 939 1254 Patris
954 1217 1110 1253 dicentis:
1131 1219 1191 1252 Hic

437 1278 477 1304 ert
506 1270 605 1305 Filius
627 1282 709 1304 meus
727 1270 864 1308 dilectus,
886 1270 919 1302 in
941 1281 1001 1313 quo
1024 1269 1101 1302 mihi
1121 1270 1192 1303 bene

437 1321 617 1366 complacui
645 1316 851 1362 confirmata,
874 1317 1010 1353 stabilita
1033 1327 1061 1353 et
1085 1317 1193 1352 multi-

438 1370 530 1405 mode
552 1369 726 1417 approbata
748 1377 806 1412 est
834 1376 863 1403 et
892 1367 1079 1404 iudaeorum
1110 1380 1189 1415 per-

438 1419 523 1464 fidia,
539 1432 600 1468 qua
618 1419 723 1467 ipsum
739 1430 808 1455 esse
822 1418 923 1454 Eliam
940 1426 994 1453 aut
1008 1417 1190 1462 Jerenfiam,

438 1470 483 1505 vel
506 1482 543 1504 ex
572 1469 735 1517 prophetis
767 1468 906 1516 aliquem
930 1467 1005 1504 lalsa
1028 1479 1191 1504 assevera-

437 1520 522 1555 tione
556 1518 819 1559 contendebant
856 1518 982 1566 penitus
1018 1518 1189 1553 confutata.

437 1569 581 1605 Aliorum
597 1581 670 1605 vero
692 1568 800 1615 Ipsum
821 1577 980 1616 tamquam
996 1567 1074 1615 legis
1087 1576 1192 1603 trans·

436 1631 615 1666 gressorem
649 1627 680 1654 ct
714 1619 935 1667 blasphemum
964 1618 1024 1653 sibi
1048 1617 1104 1653 Dei
1127 1617 1193 1664 glo·

436 1670 514 1704 riam
531 1678 736 1717 usurpantem
761 1669 954 1704 mendaciter
975 1669 1191 1704 accusantium

438 1720 495 1755 l'uit
522 1719 648 1754 exclusa
684 1719 863 1763 calumnia,
885 1731 958 1754 cum
983 1718 1045 1753 illie
1067 1717 1193 1766 Moyses

438 1769 595 1816 legislator
617 1779 645 1804 et
674 1769 760 1804 Elias
790 1781 846 1815 pro
868 1768 966 1814 gloria
1001 1768 1060 1804 Dei
1089 1781 1192 1803 aemu-

438 1819 517 1854 lator
553 1828 647 1866 atque
685 1818 838 1867 propheta
870 1818 1028 1859 eximius,
1055 1826 1193 1853 astantes

437 1869 577 1909 Christo,
597 1868 816 1904 testimonium
834 1868 1047 1916 perhiberent.
1063 1868 1192 1911 Quanta

438 1919 536 1965 igitur
563 1919 762 1954 veneratione
785 1917 916 1954 colenda
938 1930 974 1953 ac
992 1918 1192 1953 solemnitate

439 1969 607 2016 praecipua
635 1968 822 2004 celebranda
845 1977 891 2003 est
919 1967 1070 2003 hodierna
1100 1968 1194 2003 sesti-

440 2019 528 2058 vitas,
552 2019 582 2053 in
606 2030 665 2066 qua
698 2018 813 2057 Pater.
842 2030 916 2053 voce
953 2026 982 2052 et
1011 2017 1193 2053 testimonio

440 2068 672 2117 proprio,Petri
686 2068 918 2103 confessionem
935 2068 1100 2103 manifeste
1115 2080 1193 2103 con-

439 2124 554 2166 firmat,
580 2123 746 2159 roboratur
758 2122 972 2171 apostolorum
998 2122 1075 2158 [ides
1097 2131 1193 2170 atquc

439 2179 609 2223 confes-sm,
624 2191 704 2226 quae
721 2178 884 2214 Ecclesiae
901 2177 1076 2213 catholicae
1090 2178 1193 2213 extitit

441 2233 680 2268 fundamentum
704 2233 733 2267 in
750 2233 819 2281 ipso
832 2232 994 2267 Salvator-e
1007 2239 1036 2266 et
1051 2231 1194 2267 Redem-

442 2297 529 2336 ptore
552 2296 659 2323 nostro
683 2288 812 2323 firmiter
834 2287 1020 2323 stabilitum.
1043 2285 1193 2322 Christus

442 2356 577 2392 namque
610 2356 716 2379 verum
751 2343 991 2379 fundamentum
1032 2342 1193 2379 Ecclesiae

441 2408 501 2442 est,
524 2407 648 2447 praeter
669 2398 753 2446 qnod
783 2398 865 2433 aliud
896 2397 968 2445 poni
993 2409 1054 2431 non
1079 2405 1193 2443 potest;

441 2455 491 2488 cui
525 2454 591 2501 ipse
625 2452 839 2500 apostolorum
883 2452 1051 2497 Princeps,
1073 2451 1192 2498 Spiritu

441 2507 559 2544 Sancto
573 2506 708 2550 afflatus,
721 2506 757 2541 ad
773 2505 980 2541 confutandas
1001 2505 1192 2552 perfidorum

443 2562 593 2606 fallacias7
615 2562 708 2597 veluti
732 2562 820 2597 testis
836 2561 946 2605 fidelis,
959 2560 1089 2595 Christo
1105 2561 1194 2595 testi-

443 2617 585 2652 moninm
611 2615 753 2664 perlubet
776 2616 893 2650 dicens:
912 2615 1081 2662 Accipiens
1107 2615 1192 2649 enim

443 2684 458 2706 a
487 2671 553 2708 Deo
575 2670 668 2707 Patre
705 2670 856 2706 honorem
886 2678 915 2705 et
938 2670 1068 2718 gloriam
1086 2697 1093 2711 ‚
1118 2681 1192 2705 voce

1020 267 1068 287 ΒΗ
1083 265 1206 288 [ΑΠΙΙἋΙ
1236 266 1303 288 mm
1315 266 1396 288 ΧΝΙᾏῚῙ

1233 320 1358 368 delapsa
1383 320 1419 355 ad
1449 333 1521 355 euin
1552 319 1734 355 huiusmodi
1761 333 1776 354 a
1819 320 1984 367 magnilica

1232 369 1329 416 gloria
1346 384 1351 403 :
1376 371 1434 404 llic
1455 379 1494 405 est
1510 372 1608 405 Fi'tius
1623 382 1704 405 „teus
1719 371 1854 410 dilectus,
1879 372 1912 404 in
1925 382 1985 415 quo

1232 421 1309 454 mihi
1324 422 1395 455 bene
1407 422 1591 466 complacui,
1605 422 1704 466 ipsum
1719 422 1832 454 audite.
1849 419 1886 454 Et
1905 419 1984 454 hanc

1233 481 1340 505 vocem
1371 483 1428 504 nos
1455 470 1635 505 audivimus
1668 471 1707 504 de
1740 469 1827 504 caelo
1859 469 1982 505 allatam

1232 532 1303 554 cum
1327 532 1469 555 essemus
1496 533 1569 555 cum
1597 520 1644 555 Eo
1669 520 1697 553 in
1728 527 1834 554 monte
1860 528 1981 554 sancto.

1234 568 1457 604 lntellexerunt
1481 582 1616 617 namque
1645 569 1756 604 Petrus
1778 577 1807 604 et
1840 569 1983 607 comites.

1232 619 1316 665 quod
1342 618 1402 653 lide
1439 619 1597 664 tenebant,
1627 619 1819 654 maiestatem
1844 618 1898 653 filii
1923 619 1980 654 Dei

1233 681 1288 716 per
1310 668 1440 703 luminis
1461 669 1647 712 claritatem,
1670 680 1704 704 ac
1727 668 1756 703 in
1778 668 1825 703 Eo
1847 667 1982 704 divinam

1232 726 1261 753 et
1285 718 1457 753 humanam
1485 719 1671 754 convenisse
1694 727 1863 762 naturam,
1895 727 1927 754 ut
1954 727 1982 753 et

1233 777 1359 815 paterna
1385 782 1441 803 vox
1465 777 1494 804 et
1523 769 1674 803 immensa
1703 768 1787 803 velut
1822 768 1897 804 solis
1919 769 1984 804 cla-

1233 819 1324 858 ritas,
1347 831 1428 865 qnae
1451 831 1578 853 omnem
1602 831 1730 853 sensum
1755 826 1784 853 et
1804 818 1983 853 mortalium

1233 868 1409 903 lacultatem
1427 869 1560 907 excedit,
1579 868 1695 916 Moysis
1713 880 1841 915 quoque
1861 877 1889 903 et
1909 868 1985 904 Etia—

1234 918 1408 966 praesentia
1438 931 1508 954 cum
1534 917 1745 954 venerationis
1766 917 1893 953 debitae
1917 931 1984 953 ma-

1233 969 1331 1004 iestati
1355 967 1478 1004 divinae
1492 968 1688 1004 exhibitione
1711 967 1866 1003 defutura
1884 968 1984 1016 ipsius

1234 1019 1378 1066 passione
1409 1019 1620 1066 loquentium,
1642 1030 1713 1053 cum
1730 1030 1837 1053 verum
1854 1018 1911 1054 Dei
1930 1017 1984 1053 Fi-

1233 1069 1309 1104 lium
1326 1069 1518 1112 nuntiarent,
1537 1067 1620 1116 quod
1634 1067 1825 1115 evangelista
1852 1067 1983 1103 loannes

1232 1118 1401 1158 affirmans,
1431 1119 1549 1166 inquit:
1580 1119 1718 1153 Vidimus
1743 1119 1876 1163 gloriam
1903 1120 1983 1161 eius,

1230 1170 1364 1214 gloriam
1386 1170 1478 1215 quasi
1514 1169 1671 1214 Unigeniti
1697 1181 1716 1202 a
1741 1169 1834 1203 Patre
1858 1169 1981 1214 plenum

1231 1219 1352 1264 qratiae
1377 1227 1402 1253 et
1424 1220 1572 1253 veritatis.
1594 1217 1700 1252 Voluit
1724 1218 1818 1253 etiam
1842 1217 1986 1252 Salvator

1234 1276 1352 1313 noster,
1379 1269 1431 1316 qui
1461 1280 1497 1304 ex
1531 1268 1676 1315 passione
1710 1280 1765 1302 sua
1797 1267 1984 1315 trepidantia

1233 1318 1463 1366 discipulorum
1477 1318 1570 1354 corda
1585 1316 1780 1353 intellexerat
1797 1317 1985 1366 perturbari.

1235 1368 1518 1416 transfigurationis
1546 1367 1728 1403 huiusmodi
1758 1368 1920 1416 mysterio,
1949 1381 1986 1402 ne

1235 1418 1264 1453 in
1280 1418 1342 1453 fide.
1356 1418 1538 1460 deficerent,
1553 1417 1712 1457 roborare,
1731 1426 1762 1452 ut
1778 1418 1870 1453 cuius
1883 1425 1987 1452 trans—

1235 1468 1358 1515 figurati
1386 1468 1518 1516 gloriam
1544 1467 1707 1511 vidissent,
1729 1467 1907 1515 passionem
1930 1480 1987 1502 ne-

1234 1530 1392 1567 quaquam
1418 1518 1554 1566 potentia
1580 1517 1763 1553 iudaeorum
1780 1517 1912 1562 illatam,
1930 1518 1984 1552 sed

1234 1569 1393 1603 voluntate
1413 1569 1539 1616 propria
1563 1567 1729 1604 crederent
1743 1567 1840 1603 fuisse
1862 1580 1987 1604 assum-

1236 1626 1332 1666 ptam,
1361 1631 1464 1666 neque
1487 1631 1501 1653 a
1530 1617 1592 1653 lide
1620 1617 1799 1653 dominicae
1827 1617 1988 1654 Resurre-

1235 1669 1349 1704 ctionis
1367 1668 1561 1712 deciderent,
1575 1680 1668 1716 quam
1683 1668 1728 1703 eis
1743 1676 1812 1714 post
1835 1668 1986 1704 visionem

1236 1726 1339 1754 tantae
1359 1719 1532 1754 maiestatis
1554 1727 1582 1754 et
1605 1718 1722 1765 gloriae
1749 1718 1917 1762 intimavit,
1938 1717 1988 1752 di-

1236 1781 1327 1804 cens:
1372 1770 1524 1804 Visionem
1558 1770 1636 1803 hanc
1671 1769 1788 1803 'remim'
1819 1769 1984 1807 dixeritis,

1235 1821 1329 1853 donec
1355 1832 1373 1853 a
1401 1821 1530 1853 mortuis
1558 1819 1657 1853 Filius
1680 1819 1812 1853 hominis
1836 1826 1986 1863 resurgat.

1236 1869 1298 1903 Per
1319 1869 1414 1905 huius
1436 1869 1531 1904 etiam
1559 1867 1762 1903 admirandae
1790 1868 1987 1915 transfigura-

1237 1919 1331 1954 tionis
1354 1919 1562 1967 misterium,
1589 1918 1628 1954 ad
1658 1917 1861 1966 perferendas
1891 1929 1987 1965 prae-

1235 1969 1333 2004 sentis
1356 1969 1519 2016 caliginosi
1543 1967 1660 2004 saeculi
1678 1967 1832 2015 procellas
1845 1969 1989 2005 animan.-

1238 2029 1286 2053 tui
1300 2018 1538 2054 christifideles
1532 2031 1563 2053 in
1578 2030 1742 2065 personam
1758 2018 1987 2065 apostolorum

1237 2069 1344 2116 utqui
1373 2068 1521 2104 claritatis
1550 2077 1696 2104 aeternae
1724 2068 1789 2104 fieri
1819 2068 1988 2116 participes

1236 2132 1297 2159 tota
1327 2123 1424 2159 animi
1460 2123 1636 2158 intentione
1669 2123 1922 2171 concupiscunt,
1949 2122 1988 2158 ab

1236 2178 1305 2225 ipso
1327 2178 1429 2226 capite
1457 2177 1539 2213 duce
1561 2186 1591 2213 et
1612 2176 1775 2213 Salvatore
1797 2186 1903 2213 nostro
1928 2177 1988 2213 hu-

1237 2232 1350 2267 militer
1373 2232 1493 2267 discant
1507 2241 1537 2267 et
1554 2244 1610 2280 pro
1629 2232 1708 2266 Eius
1723 2231 1865 2275 nomine,
1886 2231 1989 2278 Ipsius

1238 2287 1390 2322 imitando
1419 2288 1547 2335 vestigia
1565 2315 1573 2324 ,
1610 2287 1774 2334 passiones
1807 2294 1837 2321 et
1872 2295 1990 2322 mortes·

1237 2342 1368 2377 minime
1404 2341 1617 2377 reformidare.
1655 2341 1715 2376 Per
1749 2341 1848 2387 ipsius
1882 2342 1987 2389 itaque

1237 2397 1375 2445 szterii
1390 2396 1641 2443 intelligentiam,
1656 2395 1694 2430 ad
1716 2396 1988 2432 confirmationem

1236 2451 1352 2485 Christi
1375 2451 1442 2485 lesu
1461 2451 1603 2498 etipsius
1618 2450 1837 2488 imitationeun
1850 2450 1887 2485 ad
1904 2451 1989 2489 fidei,

1236 2506 1302 2552 spei
1323 2514 1352 2540 et
1366 2505 1541 2548 charitatis,
1563 2517 1599 2539 ac
1621 2504 1749 2552 pictatis
1763 2512 1792 2539 et
1810 2504 1990 2539 misericor-

1237 2559 1306 2594 diae
1318 2572 1390 2607 erga
1419 2559 1521 2594 Deum
1546 2566 1574 2593 et
1601 2558 1761 2606 proximos
1776 2571 1869 2606 opera
1893 2571 1989 2606 quae-

1237 2626 1375 2662 cumque
1399 2614 1556 2648 meritoria
1578 2613 1753 2648 exercenda
1778 2613 1988 2657 instruimur,

1237 2667 1274 2703 ad
1292 2668 1517 2716 poenitentiam
1535 2668 1716 2710 invitamur,
1734 2667 1828 2703 etiam
1848 2667 1885 2703 ad
1903 2680 1988 2706 mar-

2000 265 2048 292 An.
2068 267 2096 291 ιῑ.
2118 266 2181 294 l'rb?
