2281 3251
236 289 287 316 An.
305 289 332 316 C.
349 288 416 317 ¹519

269 644 371 672 Uulne·
381 660 386 670 ,

263 1245 365 1267 Doctores
388 1250 427 1272 po-

244 1281 297 1301 nea,

260 1744 398 1768 conten-om

300 1778 376 1804 etiam,

481 278 551 312 718

434 344 685 394 promulgatores
711 350 739 376 et
770 339 1015 388 praedicatores,
1039 338 1106 386 qui,
1131 350 1186 384 per

435 395 541 430 orbem
565 393 759 431 universum,
783 403 883 437 genus
899 386 1184 435 humanum,quod

435 444 494 480 sub
521 443 693 478 diabolicae
720 440 882 488 potestatis
911 440 984 484 iugo
1008 438 1184 477 tenebatur,

435 495 473 530 ad
496 494 628 528 salutem
645 492 826 530 excitantes,
845 490 901 524 Dei
924 489 1053 524 verbum
1071 488 1101 522 in
1117 500 1186 522 om-

436 544 531 579 nibus
554 552 653 577 terrae
676 541 793 576 linibus
817 539 1049 587 praedicarunt.

485 594 504 641 ἓ
532 596 562 627 5.
602 591 667 626 Hos
700 590 888 637 subsequuti
926 597 1000 623 sunt
1036 596 1186 635 martyres

435 642 605 691 splendidi,
627 642 695 689 qui,
720 641 789 675 lidei
815 640 941 674 loricam
967 637 1187 678 induti,etin—

436 704 610 728 concussae
648 690 825 725 stabilitatis
865 689 990 724 baltheo
1013 687 1187 730 succincti,

436 743 531 779 stolas
553 754 626 777 suas
659 741 689 775 in
728 739 884 787 sauguine
912 739 1089 773 innocentis
1105 737 1187 783 Agui

435 793 588 835 lavantes,
607 790 772 826 candidato
796 789 933 824 exercitu
957 787 1119 823 Christum
1142 787 1188 821 le-

436 856 505 878 sum
523 841 644 885 imitati,
656 852 813 888 supernae
829 839 962 874 civitatis
977 837 1188 873 Hierusalem.

437 893 497 928 hoc
519 900 566 927 est
589 890 815 938 triumphantis
837 889 1012 933 Ecclesiae,
1035 900 1106 922 cum
1121 887 1190 933 glo—

437 943 519 977 riosa
542 941 670 976 victoria
697 941 816 988 palmas
845 939 991 973 manibus
1018 945 1188 985 gestantes,

438 1005 472 1028 se
498 992 582 1026 dicto
606 991 674 1026 vivo
695 991 789 1038 lapidi
813 988 941 1024 Christo
963 988 1189 1031 adiunxerunt,

438 1051 663 1089 sempiternam
705 1041 753 1075 sui
792 1041 976 1074 memoriam
1013 1046 1044 1073 et
1077 1050 1190 1073 exem—

439 1093 526 1140 plum
562 1090 737 1126 venerabile
773 1090 920 1125 militanti
947 1088 1108 1124 Ecclesiae
1135 1100 1191 1122 re-

438 1143 627 1189 linquentes.

490 1193 509 1240 g
536 1195 568 1226 4.
593 1190 755 1237 Progressi
780 1198 853 1225 sunt
875 1198 905 1224 et
921 1189 1068 1224 doctores
1083 1187 1191 1231 lucidi,

441 1242 496 1290 qui
513 1242 579 1276 suis
599 1241 751 1276 doctrinis
773 1248 802 1275 et
829 1239 982 1286 exemplis
1006 1238 1190 1272 catholicam

442 1301 471 1327 et
499 1291 705 1327 orthodoxam
731 1289 824 1324 fidem
847 1289 1058 1331 defensantes,
1086 1287 1191 1322 falsis—

443 1354 503 1389 que
519 1341 680 1389 prophetis
694 1353 729 1375 ac
752 1340 870 1387 iniquis
892 1338 1088 1382 doctoribus,
1099 1337 1190 1371 tidem

444 1393 540 1438 ipsam
570 1391 751 1425 subvertere
778 1389 1004 1436 satagentibus,
1028 1400 1061 1422 se
1090 1400 1192 1434 oppo-

444 1450 567 1485 nentes,
582 1442 695 1475 ‹lictam
712 1440 887 1475 Ecclesiam
905 1439 1089 1473 militantem
1109 1437 1192 1471 mul-

443 1492 591 1538 tiplieiter
614 1491 828 1533 illustrarunt,
854 1488 970 1535 quibus
997 1487 1105 1522 eadem
1129 1486 1193 1521 Ec-

443 1542 535 1576 clesia
557 1541 722 1576 coniuncta
742 1541 942 1585 proqreditur
967 1539 1057 1583 qnasi
1077 1549 1195 1571 aurora

443 1603 638 1637 cousuryeus,
663 1592 795 1636 pulchra
823 1598 854 1623 uc
877 1591 964 1632 litua,
986 1590 1077 1622 electa
1091 1595 1121 1623 ut
1136 1589 1194 1627 sol,

445 1643 588 1676 terribilis
610 1649 641 1675 ul
664 1651 835 1675 castrorum
858 1642 934 1673 acies
962 1640 1119 1672 ordinata.

493 1692 513 1739 g
541 1694 572 1725 ὅ.
597 1690 784 1738 Sequuntur
808 1698 914 1736 postea
943 1688 1040 1723 sancti
1069 1687 1195 1722 conses-

444 1754 544 1786 sores,
561 1741 628 1789 qui,
652 1741 798 1774 virtutum
822 1739 956 1786 geminis
979 1747 1194 1777 coruscantes,

445 1791 583 1826 Domino
608 1791 758 1825 rationem
779 1790 817 1823 ‹le
842 1789 967 1823 talentis
995 1789 1122 1823 creditis
1146 1788 1198 1821 de-

447 1842 586 1890 poscenti
610 1845 728 1887 (utpote
754 1839 860 1873 fideles
875 1847 905 1873 et
921 1839 993 1872 boni
1011 1839 1102 1873 servit
1121 1838 1198 1873 mul-

446 1892 618 1939 tiplicatum
643 1892 682 1925 (lc
709 1889 773 1924 suis
801 1888 962 1923 laboribus
989 1888 1125 1923 fructum
1152 1897 1197 1922 at-

446 1942 598 1981 tulerunt,
614 1948 643 1975 ct
667 1941 695 1974 iu
720 1951 823 1973 arcem
853 1939 1021 1973 coelestem
1047 1939 1197 1985 deposue-

447 2000 542 2033 runt;
570 1990 739 2036 omniaque
765 1988 874 2023 :nundi
907 1988 1120 2023 blandimenta
1153 1997 1198 2032 tut

446 2054 603 2076 venenum
627 2039 782 2088 aspidum)
806 2038 982 2084 fugientes,
1011 2037 1137 2073 latibula
1167 2039 1197 2072 iu

447 2091 538 2127 terris
560 2091 711 2130 fecerunt,
739 2101 755 2124 a
778 2090 869 2124 terris
891 2088 993 2133 obliti,
1016 2088 1085 2122 rudi
1116 2088 1197 2122 rictu

448 2153 478 2181 ct
517 2145 719 2181 scaturientis
752 2156 851 2190 aquae
879 2143 936 2178 levi
970 2150 1042 2190 potu
1073 2155 1198 2177 earnem

449 2210 655 2246 macerantes,
678 2201 815 2247 tegmine
837 2199 960 2234 hircino
984 2198 1102 2239 amicti,
1126 2199 1199 2233 iun-

449 2268 505 2292 ceo
539 2256 582 2291 rel
618 2256 789 2291 stramiaco
818 2254 911 2289 cubili
950 2253 1029 2288 fessa
1061 2254 1200 2288 membra

450 2323 562 2347 somno
585 2310 737 2350 foventes,
759 2309 853 2344 nudis
872 2307 1005 2356 pedihus
1026 2307 1198 2342 Dominum

451 2365 674 2413 quaesierunt,
697 2373 919 2411 aeternamque
948 2362 1077 2410 patriam
1114 2362 1201 2397 iuve-

453 2428 578 2455 nerunt.

501 2475 521 2523 S
543 2479 575 2510 6.
599 2474 724 2510 Adsunt
741 2483 771 2509 et
786 2474 922 2520 virgines
939 2471 1068 2517 nitidae,
1086 2471 1203 2507 mundo

257 2536 404 2591 ’γὲὶἷῑξιουιιιο
418 2541 440 2559 et
454 2542 601 2577 corpore,
628 2530 752 2564 sincero
774 2528 868 2563 corde
890 2534 1063 2575 sanctaque
1087 2535 1203 2567 mente,

456 2597 526 2620 cum
551 2585 618 2619 oleo
647 2584 677 2618 in
701 2582 901 2630 lampadibus
919 2583 984 2618 suis
1006 2593 1123 2629 sponso
1140 2580 1202 2628 (qui

457 2647 504 2674 est
521 2651 593 2685 prae
609 2638 682 2673 liliis
698 2637 862 2673 homiuum
883 2637 1056 2684 speciosus)
1079 2635 1202 2670 obviam

1017 282 1206 307 Bt'LtARtmi
1231 282 1395 306 nmmum

1229 337 1387 382 riduae,et
1397 336 1474 371 aliae
1489 335 1739 383 quamplurimae
1753 346 1850 370 sexus
1865 334 1979 370 utrius-

1227 401 1287 436 que
1327 398 1504 434 personae,
1533 386 1590 433 piis
1617 398 1653 421 ac
1679 386 1796 420 sanctis
1826 383 1978 432 operibus

1227 451 1352 485 semper
1379 438 1528 474 intentae,
1556 448 1627 470 cum
1652 435 1751 483 plenis
1773 436 1866 470 etiam
1905 447 1979 469 ma-

1229 488 1345 535 nipulis
1367 487 1469 522 cidem
1493 486 1620 521 coelesti
1651 498 1769 532 sponso
1796 497 1830 519 se
1854 497 1980 531 reprae-

1228 547 1365 577 sentant,
1385 550 1455 572 cum
1473 535 1594 582 angelis
1612 535 1741 582 gloriam
1762 536 1792 569 in
1816 535 1980 570 altissimis

1229 588 1296 623 Deo
1319 596 1349 622 et
1378 587 1407 621 iu
1435 595 1514 620 terra
1544 598 1651 633 pacem
1677 585 1857 620 hominibus
1881 585 1981 620 bonae

1230 637 1400 673 voluntatis
1417 636 1545 671 mirifice
1560 635 1793 682 depromentes.
1817 635 1901 670 Haec
1917 647 1982 670 om-

1231 689 1279 723 nia
1304 701 1385 722 unus
1413 696 1506 734 atque
1530 685 1612 720 idem
1629 686 1769 733 Spiritus
1797 685 1982 720 admirando

1231 739 1402 786 plurimum
1427 745 1575 783 operatur
1603 736 1762 783 mysterio3
1784 735 1998 769 sicutAltis-·

1230 790 1331 823 simus
1352 787 1392 822 ab
1420 787 1509 821 initio
1533 786 1652 820 vineam
1677 798 1766 820 suam
1792 785 1907 819 talibus
1924 784 1983 832 piis

1231 838 1406 873 cultoribus
1441 838 1542 880 (iuxta
1571 844 1710 870 sanctam
1741 835 1982 881 promissionem

1231 891 1343 931 suam)
1382 887 1536 926 visitarit,
1565 886 1696 921 lit-inavit
1732 894 1762 920 et
1797 885 1904 925 auxit,
1937 885 1984 919 sic

1232 950 1358 986 semper
1380 937 1416 972 ad
1447 936 1528 971 illam
1558 948 1634 971 suae
1659 935 1862 982 protectionis
1887 934 1985 970 auxi-

1232 989 1309 1024 lium
1335 987 1552 1034 multipliciter
1575 986 1761 1033 impertitur.

1281 1039 1300 1083 g
1329 1041 1360 1072 7.
1397 1037 1576 1072 Novissime
1612 1048 1684 1071 vero
1719 1035 1830 1070 diebus
1869 1033 1985 1070 nostris
2012 1048 2033 1071 s.
2057 1048 2184 1070 rancisca-

1999 1078 2185 1134 teteme-

1232 1087 1379 1123 coelestis
1399 1087 1450 1121 ille
1467 1085 1614 1133 Agricola
1638 1086 1760 1120 vineam
1783 1097 1885 1125 suam,
1900 1096 1986 1120 more

1233 1139 1338 1177 solito,
1353 1137 1494 1177 visitans,
1511 1137 1609 1171 virum
1626 1135 1736 1170 fortem
1749 1135 1784 1169 ad
1803 1134 1984 1169 huiusmodi

1234 1189 1341 1223 vineae
1364 1187 1518 1222 culturam
1546 1186 1701 1224 adduxit,
1724 1185 1897 1227 gloriosum
1921 1185 1987 1219 sci-

1234 1238 1306 1273 licet
1328 1237 1554 1276 consessorem,
1573 1236 1696 1270 beatum
1716 1235 1923 1270 Franciscum
1947 1234 1987 1270 de

1236 1288 1343 1333 Paula,
1365 1299 1504 1334 superno
1531 1287 1633 1321 coetui
1659 1286 1769 1320 merito
1788 1285 1986 1324 sociandum,

1235 1339 1332 1372 immo
1356 1338 1460 1372 verius
1482 1337 1654 1375 sociatum,
1678 1335 1746 1382 qni,
1769 1336 1849 1370 iuter
1864 1343 1988 1369 ceteros

1235 1387 1353 1422 Christi
1376 1386 1521 1431 athletas,
1544 1387 1611 1420 suis
1639 1386 1759 1419 meritis
1782 1394 1811 1419 et
1833 1385 1987 1431 exemplis

1235 1438 1334 1485 ipsam
1363 1446 1501 1472 sanctam
1530 1435 1705 1470 Ecclesiam
1729 1435 1849 1479 (diviua
1873 1447 1988 1481 coope-

1236 1496 1323 1522 rante
1346 1487 1452 1534 gratia)
1481 1485 1696 1532 multiplieiter
1719 1484 1890 1528 decoravit,
1907 1496 1988 1530 prae-

1236 1537 1335 1572 sentis
1364 1536 1516 1583 temporis
1540 1536 1690 1581 caligines
1725 1548 1800 1569 suae
1836 1534 1990 1581 lampadis

1238 1588 1359 1633 fulgore
1383 1586 1568 1621 mirabiliter
1602 1585 1780 1626 illustravit3
1809 1585 1875 1631 ipse
1905 1584 1990 1619 enim

1237 1639 1387 1672 adt-ersus
1410 1636 1578 1680 mundum,
1606 1648 1732 1670 caruem
1756 1644 1785 1669 et
1803 1635 1990 1669 daemonem

1239 1688 1360 1723 sortiter
1379 1687 1551 1726 dimicarit,
1569 1699 1604 1721 ac
1625 1687 1652 1719 iu
1676 1685 1804 1720 odorem
1829 1686 1992 1719 suavitatis

1239 1739 1393 1773 Altissitni
1417 1750 1560 1776 currens,
1583 1737 1742 1782 copiosam
1762 1736 1924 1782 utriusque
1941 1747 1993 1769 se-

1240 1801 1297 1823 xus
1321 1788 1459 1822 fidelium
1485 1787 1717 1821 multitudinem
1739 1783 1906 1820 salubriter
1924 1794 1994 1831 post

1239 1852 1272 1874 se
1295 1839 1397 1882 traxit,
1421 1851 1455 1872 ac
1478 1838 1571 1880 (velut
1599 1837 1728 1871 effusam
1757 1848 1852 1882 super
1880 1834 1990 1870 facicm

1241 1892 1350 1930 terrae)
1375 1888 1552 1933 religiosam
1577 1886 1781 1934 professionis
1803 1898 1878 1920 suae
1895 1898 1994 1932 geue-

1242 1940 1392 1974 rationem
1410 1938 1586 1985 dereliquit,
1618 1945 1649 1971 ut
1669 1936 1706 1970 ad
1732 1936 1991 1970 illuminationem

1241 1990 1384 2035 gentium
1407 1987 1539 2022 celebris
1566 1987 1612 2021 sui
1649 1987 1798 2020 memoria
1823 1988 1992 2033 (tamquam

1243 2039 1370 2073 rutilum
1405 2038 1511 2086 sydus)
1548 2037 1577 2071 in
1614 2036 1773 2071 Ecclesiae
1797 2037 1993 2070 lirmamcnto

1242 2096 1389 2124 servaret.

1291 2143 1311 2190 S
1333 2145 1365 2177 8.
1393 2142 1440 2177 De
1463 2142 1554 2177 euius
1591 2141 1716 2189 quidem
1750 2140 1888 2186 origiue.
1912 2139 1971 2175 vita
1987 2167 1995 2182 ‚

1244 2197 1423 2232 moribuset
1434 2196 1525 2238 sama,
1540 2208 1664 2231 nccuou
1679 2194 1875 2230 mirabilibus
1890 2196 1994 2242 (quae,

1245 2253 1273 2286 iu
1298 2252 1472 2300 praemium
1489 2251 1664 2287 sanctitatis
1680 2251 1760 2295 eius,
1772 2249 1857 2284 Deus
1873 2248 1994 2285 mundo

1245 2307 1462 2355 multipliciter
1497 2305 1662 2341 ostendere
1685 2305 1833 2352 dignatus
1855 2307 1933 2348 est),
1957 2316 1996 2339 ne

1245 2362 1283 2397 de
1311 2371 1372 2397 tam
1400 2361 1516 2397 celebri
1544 2361 1608 2395 viro
1630 2361 1723 2395 etiam
1747 2359 1915 2407 posteritas
1931 2359 1996 2405 ipsa

1246 2425 1401 2452 remaneat
1426 2415 1542 2464 ignara,
1558 2428 1657 2464 pauca
1673 2427 1709 2449 ex
1725 2414 1831 2449 multis
1846 2413 1996 2449 duximus

1247 2471 1449 2507 recensenda.
1477 2470 1608 2506 Constat
1634 2469 1809 2516 siquidem,
1837 2469 1865 2503 in
1898 2480 1995 2516 regno

1246 2525 1463 2574 Neapolitano,
1492 2526 1571 2561 inter
1604 2524 1733 2560 Brutios
1760 2532 1790 2559 et
1827 2523 1995 2568 Lucanos,

1248 2580 1362 2615 Paulae
1385 2580 1537 2629 oppidum
1560 2580 1654 2615 situm
1679 2591 1760 2624 esse,
1782 2577 1866 2626 quod
1883 2578 1995 2612 itinere

1248 2636 1343 2670 unius
1375 2635 1436 2669 dici
1472 2647 1487 2670 a
1510 2634 1672 2673 Cusentia,
1701 2633 1782 2668 illius
1818 2631 1996 2680 provinciae

457 2693 636 2735 venientes3
654 2691 783 2728 devotae
798 2691 923 2727 taudem
940 2692 1204 2736 continentesque
1223 2683 1231 2740 l
1249 2689 1425 2737 metropoli,
1465 2689 1568 2726 distat.
1607 2689 1684 2725 Inde
1720 2688 1872 2735 originem
1901 2687 1995 2724 traxit

1990 279 2040 306 An.
2057 280 2086 306 C.
2108 274 2175 306 tato

2021 2153 2086 2180 ougo
2095 2151 2116 2175 S.
2128 2151 2196 2174 Fran-

2010 2185 2061 2206 cisct
2078 2184 2102 2205 de
2118 2183 2192 2205 Paula.
