2281 3251
102 263 150 289 An.
168 263 196 289 C.
215 263 281 290 ¹5¹5

112 368 168 394 Quae
199 368 277 394 pubbli-

98 403 142 419 cat-i
155 399 276 420 solemniter

97 430 133 450 sun
142 445 146 453 ,

98 1114 123 1135 Et
151 1115 219 1139 modo,
247 1114 272 1134 ad

93 1147 267 1167 abundantiorem

89 1177 200 1204 cautelam,
212 1178 235 1198 ab
248 1183 273 1198 e-

91 1210 151 1229 ndem
162 1208 273 1234 Pontitice,

90 1245 150 1260 sacro
194 1245 273 1266 appro-

88 1270 151 1291 bante
170 1271 269 1295 concilio,

89 1302 223 1322 confirmatur
249 1305 270 1323 et

87 1333 205 1353 innovatur.

946 266 1051 288 IULOES

345 319 365 365 5
386 322 418 352 2.
441 318 529 360 Quae
548 318 653 354 literae
675 319 801 361 deinde,
825 333 881 367 pro
905 322 1041 369 ipsarum

295 368 495 403 subsistentia
519 368 647 402 liriniori
678 377 708 403 ct
731 371 914 406 notorietatc
931 400 938 413 ,
966 372 1040 405 dum

295 417 455 452 Bononiae
477 430 548 452 cum
574 426 678 452 nostra
706 419 801 454 Curia
825 432 981 465 essemus,
1004 421 1042 455 de

294 478 401 501 mense
428 466 583 511 octobris,
612 468 810 514 pontificatus
839 471 934 505 nostri
961 483 1041 505 anno

291 516 441 563 septimo,
471 516 502 550 in
537 518 723 552 consistorio
760 527 866 554 nostro
902 529 1039 564 secretu,

291 565 383 600 etiam
400 568 444 610 (Ἰ)
467 565 696 601 venerabilibus
717 568 861 603 fratribus
877 570 990 604 nostris
1006 570 1038 604 S.

291 614 328 649 R.
352 614 389 649 E.
418 615 630 660 cardinalibus
653 625 682 651 et
708 617 865 665 aliquibus
894 619 1040 665 praelatis

291 665 405 699 nostris
423 664 614 706 domesticis,
638 666 734 701 lectae
756 676 786 703 et
813 668 987 714 publicatae
1010 677 1037 703 et

290 714 490 761 approbatae,
514 723 543 749 et
565 715 692 750 demum
718 717 746 750 in
769 718 938 764 quinterno
953 718 1040 753 Can-

290 764 432 799 cellariae
460 764 634 812 descriptae
668 774 698 800 et
734 775 910 808 annotatae,
946 778 975 803 et
1009 769 1037 801 in

289 813 446 849 audientia
463 814 725 850 contradictarum
749 829 784 851 ac
806 816 874 851 aliis
895 817 969 852 locis
985 831 1039 865 pn-

289 862 378 898 blicis
400 864 502 898 dictae
523 864 668 909 civitatis,
685 874 714 900 et
731 874 887 912 postremo
906 867 1038 912 Romae,

290 913 320 947 in
340 913 417 948 locis
435 913 617 960 designatis,
641 914 815 962 publicatae
838 917 1010 951 extiterunt
1028 945 1037 962 ,

288 970 320 998 et
340 975 448 998 eorum
472 964 662 1011 exemplaria
685 964 722 999 ad
741 978 851 1001 omnes
875 966 936 1001 fere
952 967 1038 1001 chri-

288 1020 407 1047 suanos
434 1013 594 1060 principes
622 1015 814 1049 transmissa.

337 1061 357 1109 S
379 1064 411 1097 5.
451 1063 516 1098 Nos
538 1064 686 1111 insuper,
708 1065 906 1100 attendentes
928 1067 1035 1113 quanti

290 1111 439 1159 ponderis
477 1113 650 1160 quantique
677 1113 762 1148 exitii
800 1114 916 1149 Christi
952 1116 1036 1150 vica-

290 1161 405 1197 riorum
447 1162 476 1196 in
515 1162 605 1197 terris
635 1162 828 1198 adulterinae
867 1164 1036 1199 electiones

288 1219 403 1256 essent,
419 1220 637 1258 quantumque
654 1212 831 1247 detrimenti
846 1214 1035 1249 christianae

288 1260 429 1305 religioni
452 1260 563 1296 afferre
592 1269 744 1308 possent,
773 1263 955 1309 praesertim
988 1265 1036 1299 bis

286 1310 477 1345 difficillimis
504 1311 722 1357 temporibus,
752 1313 869 1359 quibus
901 1313 1035 1348 diversi—

286 1359 380 1395 mode
396 1368 524 1395 vexatur
546 1361 712 1396 christiana
736 1362 844 1408 religio
867 1363 1034 1405 universa3

285 1409 586 1446 volentesSathanae
595 1410 673 1446 dolis
688 1419 718 1446 et
731 1412 865 1453 insidiis,
879 1413 1034 1449 humanae

284 1461 530 1508 praesumptioni
558 1470 589 1496 et
612 1460 787 1507 ambitioni,
810 1471 961 1509 quantum
976 1477 1034 1500 no-

283 1510 333 1545 bis
360 1511 561 1558 permittitur,
584 1510 728 1553 obviare,
751 1521 786 1547 ut
813 1512 919 1548 literae
948 1526 1034 1561 prae-

284 1560 384 1596 dictae
411 1573 448 1596 co
470 1562 569 1608 magis
590 1561 807 1601 observentur,
829 1575 893 1610 quo
919 1563 1034 1599 clarius

284 1611 460 1646 constiterit
481 1623 534 1646 cas
560 1621 681 1647 matura
708 1619 738 1647 et
764 1612 879 1647 salubri
913 1613 1032 1649 delibe-

284 1661 403 1695 ratione
426 1661 499 1696 dicti
523 1662 602 1696 sacri
631 1662 755 1697 concilii
790 1663 978 1710 approbatas
1004 1673 1033 1699 ct

284 1711 457 1753 innovatas,
480 1724 542 1758 qua
564 1719 698 1747 statutae
726 1719 756 1747 et
778 1712 941 1748 ordinatae
964 1714 1032 1749 sue-

284 1768 378 1801 runt,
411 1761 483 1796 licet
505 1761 544 1796 ad
571 1762 618 1796 sui
642 1761 878 1797 subsistentiam
902 1771 932 1798 et
955 1764 1031 1798 vali-

281 1810 409 1845 ditatem
429 1810 488 1845 alia
508 1811 734 1858 approbatione
759 1825 819 1847 non
843 1813 1031 1859 indigerent,

280 1860 337 1895 sed
359 1861 397 1895 ad
421 1860 661 1896 abundatiorem
684 1862 838 1897 cautelam
858 1871 887 1897 et
908 1864 947 1897 ad
972 1864 1031 1898 tol-

281 1909 406 1944 lendam
436 1923 562 1945 omnem
586 1911 649 1946 doli
673 1924 709 1946 ac
736 1912 872 1947 malitiae
904 1925 1029 1948 causam

283 1959 362 1994 mate
397 1960 607 2006 cogitantibus
644 1968 675 1995 et
713 1969 774 1996 tam
808 1962 1031 1998 saluberrimae

283 2009 499 2044 constitutioni
522 2011 739 2046 contravenire
761 2012 1030 2058 satagentibus,ut

282 2071 319 2094 eo
347 2059 487 2095 tenacius
510 2060 716 2096 observentur
737 2069 768 2095 et
794 2061 953 2097 difficilius
970 2063 1030 2097 tol-

282 2109 398 2154 lantur,
420 2121 483 2157 qno
507 2117 662 2145 tantorum
693 2119 816 2158 patrum
841 2111 1030 2160 fuerintap—

283 2158 466 2207 probatione
480 2160 629 2199 munitae,
640 2160 745 2195 literas
756 2161 942 2208 praedictas,
957 2175 1027 2197 cnm

282 2208 430 2245 omnibus
464 2218 493 2244 et
520 2210 654 2256 singulis
682 2211 817 2255 statutis,
849 2212 1030 2247 ordinatio-

283 2259 798 2304 nibus,decretis,delinitionibus,
814 2262 936 2308 poenis,
951 2262 1030 2296 inbi-

282 2308 452 2344 bitionibus
483 2309 614 2357 aliisque
649 2310 797 2345 omnibus
831 2319 861 2346 et
892 2312 1029 2358 singulis

281 2359 431 2394 clausulis
454 2359 485 2393 in
508 2359 552 2394 eis
574 2360 741 2401 contentis,
769 2373 858 2396 sacro
880 2360 940 2396 hoc
961 2361 1029 2396 La-

283 2417 389 2443 terano
412 2409 547 2444 coneilio
569 2409 776 2456 approbante,
798 2411 980 2446 auctoritate
999 2421 1029 2446 et

282 2459 445 2505 potestatis
467 2459 665 2506 plenitudine
690 2460 836 2506 praefatis
871 2460 1028 2507 approba-

283 2520 353 2543 mus
384 2516 415 2543 et
447 2508 644 2549 innovamus,
671 2521 787 2557 easque
811 2510 1029 2546 inviolabiliter

282 2564 313 2592 et
339 2557 589 2605 irrefragabiliter
620 2558 776 2593 observari
810 2567 841 2594 et
876 2561 1027 2596 custodiri

283 2607 479 2650 mandamus,
502 2607 660 2656 roburque
683 2616 851 2656 perpetuae
875 2609 1028 2646 firmitatis

318 2663 356 2699 (t)
374 2665 430 2699 Leg.
453 2674 543 2691 corum
564 2665 620 2693 loco
636 2668 715 2692 etiam
733 2666 769 2702 (a.
791 2667 842 2702 τ.).

362 2709 434 2739 Ball.
454 2709 530 2740 Rom.
560 2711 613 2741 Vol.
636 2711 665 2741 V.
832 2712 869 2743 08

1715 262 1783 293 537

1084 321 1237 363 obtinere3
1268 335 1304 358 ac
1331 324 1517 365 cardinales,
1543 325 1740 366 mediatores,
1765 339 1834 361 oizi-

1084 385 1188 423 tores,
1217 379 1350 413 nuncios
1386 388 1415 413 et
1450 379 1527 414 alios
1560 380 1589 414 in
1624 380 1715 415 dictis
1738 381 1834 415 litoris

1083 432 1304 476 contentos,ad
1316 433 1454 480 ipsarum
1473 434 1630 469 literarum
1647 442 1677 468 ct
1691 436 1831 469 omnium

1082 492 1111 518 et
1133 485 1326 531 singulorum
1354 487 1382 521 in
1411 488 1457 521 eis
1479 500 1698 535 expressorum
1723 489 1833 523 obser-

1083 539 1254 584 vationem,
1277 540 1337 574 sub
1360 542 1502 575 censuris
1525 551 1553 576 et
1578 543 1688 589 poenis
1711 551 1741 577 et
1764 543 1832 577 aliis

1083 593 1111 626 in
1142 593 1186 628 cis
1209 596 1379 639 contentis,
1404 596 1486 630 iuxta
1509 596 1692 631 earumdem
1719 597 1831 631 litera-

1082 660 1149 682 rum
1180 657 1318 683 tenorem
1343 657 1373 683 et
1396 649 1541 692 formam,
1565 651 1661 685 teneri
1691 659 1719 685 et
1743 651 1830 686 obli—

1079 709 1168 746 gatos
1196 702 1259 737 sore
1288 702 1488 738 decernimus
1515 712 1545 739 et
1573 704 1779 739 declaramus.

1074 267 1094 288 tt
1119 267 1164 288 ΙΨ.

1128 757 1147 802 S
1170 758 1201 789 21.
1230 756 1299 791 Non
1323 757 1522 792 obstantibus
1549 759 1828 794 constitutionibus
1858 774 1861 786 ι
1883 779 1894 791 1,

1079 818 1108 843 et
1135 809 1387 846 ordinationibus
1412 812 1594 859 apostolicis
1625 825 1660 847 ac
1682 814 1830 849 omnibns
1853 840 1881 853 ,ΗΞ
1923 812 1932 821 “’

1079 863 1159 905 illis,
1190 877 1270 911 quae
1294 865 1324 899 in
1348 866 1438 900 dictis
1467 867 1563 901 literis
1586 867 1743 903 voluimus
1767 881 1828 903 non

1078 917 1223 957 obstare,
1262 921 1459 968 caeterisque
1494 922 1660 957 contrariis
1695 923 1829 970 quibus—

1078 985 1226 1020 cumque.

1126 1027 1209 1061 Nulli
1239 1040 1314 1074 ergo
1341 1037 1394 1063 etc.

1127 1081 1240 1116 Datum
1266 1082 1386 1117 Romae
1410 1083 1440 1117 in
1466 1083 1594 1119 basilica
1610 1085 1828 1130 Lateranensi,

1077 1135 1106 1168 in
1131 1148 1217 1170 sacra
1233 1137 1385 1181 sessione,
1400 1150 1482 1172 anno
1498 1137 1624 1173 Domini
1641 1152 1753 1175 mnxni
1771 1142 1830 1186 (t),

1077 1191 1316 1236 quartodecimo
1332 1191 1482 1226 kalendas
1497 1193 1612 1238 martii,
1628 1195 1828 1241 pontificatus

1078 1252 1174 1279 nostri
1198 1257 1282 1279 anno
1305 1258 1337 1280 x.

1116 1306 1176 1337 Dat.
1193 1307 1239 1337 die
1257 1308 1292 1338 to
1309 1307 1450 1338 februarii
1471 1309 1556 1347 1513,
1575 1315 1651 1350 pont.
1669 1321 1744 1342 anno
1762 1321 1787 1342 x.

1382 1521 1464 1570 LEO
1502 1522 1532 1570 X

1344 1614 1437 1644 PAI'A
1459 1614 1560 1644 CCXIX

1229 1684 1319 1716 Anno
1343 1683 1472 1716 Domini
1499 1685 1666 1718 MDXIII.

1073 1765 1221 1839 Ioannes
1247 1804 1398 1850 Medices,
1421 1805 1639 1848 Florentium,
1664 1807 1697 1842 S.
1723 1808 1761 1842 R.
1786 1809 1821 1842 E.

1071 1858 1251 1904 cardinatis,
1274 1859 1479 1895 diaconorum
1508 1862 1604 1908 prior,
1632 1863 1751 1898 electus
1778 1874 1823 1898 est

1073 1913 1103 1947 in
1139 1912 1319 1948 Romanuin
1356 1914 1544 1950 Pontificem
1568 1916 1618 1950 die
1648 1918 1687 1950 ‘ll
1721 1918 1824 1952 martii

1077 1970 1179 2010 1515,
1203 1977 1233 2003 et
1258 1969 1309 2003 die
1340 1972 1382 2004 19
1411 1970 1566 2011 eiusdem,
1590 1983 1670 2018 quae
1695 1973 1725 2006 in
1749 1973 1822 2007 sab-

1072 2022 1179 2057 batum
1197 2032 1340 2058 sanctum
1358 2025 1529 2070 incidebat,
1546 2026 1728 2061 solemniter
1743 2040 1824 2062 con—

1071 2086 1211 2113 secratus
1230 2087 1276 2113 est
1298 2087 1327 2113 ct
1351 2080 1509 2125 pontificia
1532 2080 1694 2116 redimitus
1712 2081 1821 2115 thiara.

1070 2130 1159 2166 Sedit
1183 2132 1212 2166 in
1242 2133 1428 2179 pontificatu
1452 2134 1648 2181 temporibus
1670 2135 1822 2169 Maximi-

1071 2186 1157 2231 liani,
1180 2188 1263 2234 regis
1290 2187 1520 2228 Romanorum,
1537 2200 1636 2223 annos
1651 2201 1722 2233 vni,
1738 2202 1823 2223 men-

1069 2253 1120 2276 ses
1143 2253 1217 2286 vlu,
1239 2241 1307 2276 dies
1329 2255 1388 2282 xx,
1416 2250 1445 2276 et
1472 2251 1543 2276 octo
1568 2244 1821 2289 promotionibus

1070 2308 1140 2330 xLir
1170 2296 1285 2331 creavit
1312 2296 1498 2331 cardinales.
1527 2296 1614 2331 Obiit
1635 2297 1685 2332 die
1712 2301 1723 2331 l
1757 2298 1820 2333 de-

1069 2350 1206 2385 cembris
1228 2363 1310 2385 anno
1340 2353 1445 2394 1521,
1472 2358 1503 2385 et
1538 2351 1681 2398 sepultus
1708 2361 1755 2386 est
1789 2353 1818 2386 in

1069 2404 1195 2439 basilica
1209 2404 1375 2439 Vaticana:
1400 2405 1482 2440 unde
1498 2418 1614 2453 corpus
1631 2407 1700 2440 eins
1716 2414 1819 2440 trans-

1069 2459 1164 2493 latum
1181 2467 1227 2494 est
1249 2460 1285 2494 ad
1309 2472 1427 2494 sacram
1450 2459 1558 2494 aedem
1578 2460 1611 2495 S.
1628 2461 1743 2495 Mariae
1758 2474 1819 2495 su—

1069 2526 1123 2560 pra
1150 2513 1334 2548 Minervam.
1358 2512 1484 2548 Vacavit
1511 2513 1613 2549 Sedes
1635 2516 1701 2550 dies
1728 2528 1780 2550 xl„

1104 2593 1143 2629 (1)
1159 2594 1246 2619 Editio
1264 2594 1379 2619 Romana
1397 2593 1475 2621 habet
1501 2595 1525 2620 in
1551 2595 1641 2621 notula
1667 2594 1749 2627 15123
1771 2596 1816 2621 sed

1068 2641 1217 2668 perperam.
1242 2634 1302 2659 Dies
1311 2634 1379 2659 enim
1391 2634 1604 2661 sextusdecimus
1615 2635 1739 2661 februarii
1753 2635 1818 2661 1512

1067 2677 1124 2700 erat
1140 2673 1307 2708 pontificatus
1326 2681 1395 2701 anno
1411 2682 1480 2701 nono
1498 2674 1537 2709 (a.
1554 2676 1604 2708 aa).

1852 275 1888 297 ΛΗ

1917 275 1943 298 11.
1966 274 2030 299 1:5¹7,
