2281 3251
96 290 144 317 An.
161 290 189 315 C.
207 290 274 316 1Ιι7Ιι

107 399 128 420 Et
140 403 197 420 irrita
209 399 277 421 decla-

93 434 132 450 'fli-

941 286 1049 309 SleUS
1071 286 1103 308 lV
1132 287 1180 308 ΡΡ.

341 344 361 391 5
386 345 439 378 18.
474 342 680 377 Decernimus
707 354 832 389 quoque
859 353 894 376 ex
930 353 1036 380 nunc,

292 404 401 428 omnes
429 400 459 427 et
485 392 626 439 singulas
660 390 1036 427 excommunicationum.

291 442 536 489 suspensionum
565 449 591 476 et
622 441 775 475 interdicti
804 440 911 487 aliasq.
941 440 1035 475 eccle-

290 492 431 526 siasticas
458 491 642 530 sententias,
679 502 828 525 censuras
855 498 885 524 et
920 502 1036 536 poenas

289 553 326 576 ac
343 552 521 588 processus,
543 552 622 587 quos
644 548 674 574 et
696 552 774 586 quas
797 549 903 574 contra
934 552 988 572 vos
1007 548 1034 573 et

289 590 435 625 eremitas
444 601 479 624 ac
489 601 650 636 personas,
668 589 840 633 Ecclesias,
854 588 1032 623 eremitoria

290 648 319 674 et
342 639 406 673 loca
430 638 612 673 huiusmodi
635 646 665 672 et
699 647 833 673 vestrum
863 638 1036 685 quemlibet

290 688 480 736 promulgari
505 688 671 734 contigerit
707 689 753 722 vel
785 688 906 732 baberi,
931 689 1036 722 irritas

291 747 321 773 et
350 738 454 772 irritos
476 745 505 772 et
532 738 641 772 inanes
674 749 710 772 ac
746 738 862 772 nullius
901 738 1035 772 existere

291 787 444 822 firmitatis
466 787 512 822 vel
536 788 698 822 momenti.

337 836 421 872 Nulli
445 849 519 883 ergo
536 844 590 871 etc.

336 886 370 921 Si
393 887 465 934 quis
491 894 595 920 autem
617 895 669 920 etc.

336 935 451 971 Datum
468 935 601 979 Romae,
624 948 707 970 anno
727 936 956 970 incarnationis
977 936 1034 969 do-

286 986 421 1021 minicae
444 986 611 1021 millesimo
641 985 954 1033 quadringentesimo
977 998 1034 1020 se·-

287 1036 484 1083 ptuagesimo
507 1044 630 1083 quarto,
653 1043 742 1070 sexto
770 1035 918 1070 kalendas
942 1035 1033 1078 iunii,

287 1085 487 1133 pontificatus
511 1086 606 1119 nostri
630 1097 713 1120 anno
735 1085 788 1119 ΙΙΙ.

335 1146 396 1176 Dat.
415 1147 461 1176 die
479 1146 516 1176 ⁰27
535 1147 603 1176 maii
624 1147 709 1183 1474,
728 1146 829 1186 pontif.
851 1155 927 1176 anno
945 1155 985 1176 tu.

585 1342 656 1377 viu
677 1345 732 1387 (1).

286 1425 499 1469 Amplissimae
523 1425 643 1469 qratiae
665 1431 690 1457 et
714 1425 878 1470 privilegia
900 1425 1035 1468 fratrum

335 1475 494 1508 Minorum
506 1475 762 1513 conventualium,
780 1474 908 1508 Ordinis
927 1475 1037 1509 Sancti

333 1525 503 1564 Francisci,
518 1536 596 1569 quae
606 1532 768 1570 propterea
781 1523 866 1559 Mare
882 1536 1032 1571 magnum

333 1581 562 1620 nuncupantur.

552 1657 766 1689 SUMMARIUM

285 1731 473 1761 Prooemium.
499 1747 539 1753 —
569 1731 595 1766 1,
613 1730 640 1759 2.
664 1729 734 1768 Eug.
757 1729 791 1759 lV
820 1730 912 1760 edidit
940 1736 1034 1761 const.

325 1775 545 1804 confirmantem
566 1774 675 1804 bullam
699 1774 788 1804 Clem.
808 1774 854 1805 IV.
878 1792 917 1797 —
935 1775 961 1805 3.
981 1775 1034 1805 Hic

327 1819 408 1849 Pont.
430 1829 479 1850 eas
498 1820 660 1850 confirmat.
682 1837 721 1841 —
741 1820 769 1849 4.
792 1820 950 1859 Ampliatio
977 1823 1035 1861 pri-

323 1864 419 1903 vilegii
453 1864 621 1894 celebrandi
654 1868 783 1903 tempore
815 1865 980 1902 interdicti,
1008 1871 1036 1896 et

323 1918 388 1938 cum
407 1909 491 1938 altari
511 1909 647 1948 portatili.
665 1926 704 1931 —
718 1910 745 1938 5.
763 1909 921 1948 Ampliatio
940 1910 1035 1939 facul-

324 1955 389 1984 tatis
403 1954 597 1992 praelatorum
617 1953 787 1983 absolvendi
803 1953 916 1983 fratres.
930 1971 967 1977 —-
979 1954 1032 1990 Qui

323 1999 383 2028 sint
410 2008 496 2028 casus
519 1998 704 2037 Apostolicae
728 1998 795 2029 Sedi
823 2000 973 2029 reservati.
996 2017 1034 2022 —

322 2044 349 2073 6.
372 2043 530 2083 Ampliatio
552 2043 627 2073 iuris
651 2043 822 2083 sepeliendi.
854 2060 893 2066 —
926 2044 952 2073 7.
978 2044 1033 2074 Ex-

323 2088 432 2126 emptio
452 2087 565 2126 aliquid
584 2087 715 2118 solvendi
735 2088 770 2118 de
789 2088 892 2126 legatis
911 2088 979 2127 piis.
995 2105 1033 2112 —

323 2133 351 2162 8.
372 2131 528 2171 Ampliatio
551 2132 744 2172 exemptionis
763 2142 777 2162 a
801 2133 936 2163 decimis.
952 2150 992 2156 —
1006 2135 1032 2164 9.

324 2176 481 2215 Ampliatio
504 2177 698 2215 exemptionis
721 2187 734 2206 a
759 2177 962 2208 iurisdictione
989 2188 1035 2208 or-

325 2222 518 2251 dinariorum.
538 2237 577 2243 —
592 2222 637 2252 10.
657 2221 792 2252 Facultas
811 2223 950 2253 audiendi
966 2233 1034 2253 con-

324 2266 482 2296 sessiones.
499 2282 537 2288 —
553 2267 598 2295 11.
612 2266 684 2295 Loca
705 2266 878 2296 monialium
896 2267 1032 2298 destituta

324 2310 464 2340 fratribus
486 2310 680 2350 applicentur.
707 2328 746 2333 —
768 2311 814 2340 1⁶2.
840 2311 944 2342 Mortui
967 2322 1032 2342 cum

325 2355 425 2385 babitu
444 2355 652 2385 Tertiariorum
676 2365 741 2385 cum
766 2355 882 2386 licentia
912 2357 1032 2386 fratrum

325 2400 515 2439 sepeliantur.
529 2416 568 2422 —
581 2400 627 2429 13.
646 2399 795 2438 Exemptio
819 2400 1032 2438 parochialium

324 2444 402 2474 Eccl.
419 2444 537 2474 Ordinis
550 2454 563 2474 a
583 2444 788 2474 iurisdictione
805 2444 1033 2475 ordinariorum.

324 2506 361 2511 —
385 2490 431 2519 14.
451 2489 651 2519 Praelatorum
679 2488 797 2519 Ordinis
819 2489 942 2519 facultas
970 2491 1033 2520 dis-

325 2534 466 2573 pensandi
487 2533 522 2562 ab
539 2533 765 2572 irregularitate,
784 2537 834 2563 etc.
849 2550 888 2556 —
904 2534 949 2563 15.
968 2535 1033 2564 Am-

324 2577 424 2617 pliatio
443 2578 640 2608 damnationis
658 2579 800 2608 hactenus
821 2577 912 2608 factae
924 2578 959 2608 de
970 2579 1033 2618 opi-

317 2639 356 2676 (¹)
375 2640 448 2667 Hanc
462 2639 559 2667 bullam
579 2639 629 2668 sub
645 2648 720 2667 num.
739 2640 786 2667 Vll
807 2641 832 2667 in
859 2641 935 2668 Rom.
961 2641 1032 2668 Edit.

285 2679 403 2714 perleges
422 2680 460 2715 (n.
481 2679 531 2716 τ.).

363 2724 437 2754 Bull.
460 2724 535 2755 Rom.
563 2724 617 2754 Vol.
646 2724 673 2754 V.
836 2724 873 2754 ⁶28

1709 277 1779 306 ⁶217

1120 340 1226 374 nione,
1259 339 1335 376 quod
1367 337 1494 368 confessi
1538 337 1676 367 fratribus
1690 361 1697 374 ‚
1725 338 1828 368 iterum

1120 383 1256 423 parochis
1278 382 1411 412 confiteri
1430 382 1564 411 debeant.
1577 382 1672 412 -16,
1691 382 1829 412 Commu-

1120 428 1228 458 nicatio
1251 427 1471 466 privilegiorum
1489 428 1565 456 inter
1579 426 1718 456 Ordinem
1730 426 1757 457 S.
1777 427 1830 456 Do-

1119 473 1220 502 minici
1237 476 1264 502 et
1279 470 1418 501 Ordinem
1438 471 1467 501 S.
1483 471 1645 501 Francisci.
1660 488 1699 493 —
1715 472 1760 501 17.
1784 471 1830 501 ln-

1119 517 1222 546 ltibitio
1252 520 1350 546 contra
1382 525 1586 555 quoscumque
1615 514 1732 545 Ordinis
1759 525 1827 554 per-

1119 561 1296 591 turbatores.
1328 578 1366 583 —
1397 561 1443 590 18.
1466 560 1617 599 Deputatio
1640 564 1827 590 executurum

1119 606 1207 635 huius
1223 605 1333 635 bullae.
1351 622 1390 628 —-
1405 605 1451 635 19.
1464 603 1649 634 Obstantium
1667 604 1827 642 derogatio.

1117 667 1156 672 —
1176 650 1223 680 ⁶20.
1244 649 1508 689 Transumptorum
1529 649 1609 679 fides.
1625 665 1664 671 —
1681 648 1728 678 21.
1751 648 1825 679 San-

1118 695 1175 724 ctio
1195 694 1338 733 poenalis.

1140 769 1235 799 Sixtus
1256 770 1398 806 episeopus
1425 776 1521 799 servus
1539 775 1682 798 sorvorum
1707 769 1764 803 Dei,

1209 819 1243 847 ad
1270 820 1432 854 perpetuam
1455 819 1496 848 rei
1525 819 1693 848 memoriam.

1127 889 1285 937 Regimini
1300 890 1485 925 universalis
1507 891 1684 929 Ecclesiae.
1704 891 1828 926 meritis

1078 939 1148 974 licet
1171 939 1446 981 insufficientibus,
1462 941 1650 988 disponente
1672 940 1825 983 Domino,

1079 989 1313 1036 praesidentes,
1347 990 1430 1024 curis
1461 1002 1667 1036 perurgemur
1688 990 1827 1025 assiduis

1078 1048 1121 1081 ut,
1142 1039 1225 1073 iuxta
1253 1038 1390 1073 creditae
1418 1040 1508 1073 nobis
1530 1039 1666 1086 desuper
1693 1039 1827 1086 dispen-

1077 1089 1207 1123 sationis
1230 1088 1379 1131 offieium,
1402 1089 1498 1135 quieti
1522 1089 1719 1123 subditorum
1745 1102 1827 1136 quo-

1078 1138 1236 1182 rumlibet,
1249 1138 1430 1185 praesertim
1455 1137 1514 1172 sub
1529 1138 1703 1185 Religionis
1717 1139 1822 1173 habitu

1077 1187 1182 1222 studio
1204 1188 1379 1222 vacantium
1416 1187 1485 1235 piae
1507 1187 1606 1232 vitae,
1629 1188 1660 1222 in
1692 1200 1824 1235 quorum

1078 1236 1189 1284 utique
1213 1237 1420 1284 prosperitate
1442 1237 1615 1277 reficimur,
1633 1237 1708 1283 iugi,
1724 1249 1826 1284 quan—

1077 1294 1143 1321 tum
1160 1286 1251 1321 nobis
1268 1299 1305 1322 ex
1319 1286 1382 1322 alto
1404 1286 1600 1331 conceditur,
1615 1286 1827 1322 solicitudinis

1076 1336 1184 1371 studio
1206 1336 1418 1381 intendamus,
1440 1345 1470 1371 et
1489 1344 1522 1370 ut
1535 1348 1582 1382 ea,
1605 1348 1684 1384 quae
1701 1348 1757 1383 pro
1779 1336 1827 1371 di-

1077 1386 1139 1420 vini
1161 1386 1277 1425 cultus,
1305 1386 1406 1421 dictae
1428 1385 1604 1433 Religionis
1631 1386 1826 1421 incremento

1076 1437 1319 1483 animarumque
1345 1436 1446 1471 salute
1479 1448 1495 1470 a
1533 1435 1827 1482 praedecessoribus

1077 1485 1192 1521 nostris
1204 1485 1356 1520 Romanis
1379 1484 1587 1521 Pontificibus
1602 1484 1732 1532 provide
1745 1484 1823 1520 faeta

1077 1543 1163 1579 sunt,
1174 1535 1306 1570 sublatis
1332 1534 1592 1583 ambiguitatibus
1613 1547 1695 1582 quae
1711 1534 1826 1570 exinde

1076 1585 1244 1621 emersisse
1274 1594 1481 1626 noscuntur,⁴
1510 1585 1540 1619 in
1564 1596 1620 1620 sua
1649 1584 1826 1632 integritate

1077 1635 1258 1683 persistant,
1281 1635 1377 1670 nostri
1400 1634 1569 1670 ministerii
1593 1643 1697 1682 partes
1725 1635 1825 1669 inter-

1078 1685 1225 1732 ponimus
1259 1685 1412 1720 efficaces.
1447 1684 1576 1719 Dudum
1615 1683 1773 1732 siquidem
1808 1696 1824 1718 a

1077 1735 1115 1769 se.
1141 1747 1182 1769 re.
1206 1734 1351 1781 Eugenio
1379 1735 1461 1781 Papa
1484 1742 1607 1781 quarto,
1635 1733 1825 1781 praedeces-

1076 1797 1146 1819 sore
1174 1792 1282 1819 nostro
1297 1812 1305 1823 ,
1333 1785 1439 1819 literae
1461 1792 1685 1819 emanaverunt
1707 1783 1826 1819 tenoris

1076 1835 1249 1882 sequentis,
1272 1834 1428 1869 videlieet.

1125 1884 1144 1931 S
1174 1889 1204 1919 1.
1234 1884 1394 1931 Eugenius
1416 1884 1587 1931 episcopus
1615 1896 1723 1919 servus
1756 1895 1824 1917 ser-

1078 1946 1185 1969 vorum
1201 1933 1272 1975 Dei,
1294 1934 1332 1969 ad
1351 1941 1534 1982 perpetuam
1559 1934 1600 1968 rei
1626 1933 1821 1968 memoriam.

1076 1984 1164 2019 Licet
1185 1984 1327 2019 debitum
1363 1984 1526 2031 pastoralis
1557 1983 1663 2027 officii,
1686 1992 1738 2018 ete.
1767 1984 1822 2026 (1).

1124 2034 1144 2081 g
1170 2035 1203 2067 2.
1233 2033 1382 2069 Clemens
1416 2034 1597 2081 episcopus,
1622 2042 1675 2068 etc.
1698 2033 1823 2067 Virtute

1076 2084 1277 2130 conspicuos,
1304 2092 1355 2117 etc.
1385 2086 1441 2127 (2).

1125 2133 1145 2180 S
1172 2137 1203 2167 5.
1227 2133 1291 2167 Nos
1313 2134 1418 2179 igitur,
1441 2133 1492 2180 qui
1526 2132 1601 2167 dicti
1617 2131 1746 2166 Ordinis
1769 2131 1823 2165 l'ra-

1076 2190 1158 2217 trum
1181 2183 1353 2222 Minorum,
1377 2183 1405 2216 in
1434 2195 1498 2229 quo
1513 2182 1666 2228 generalis
1688 2181 1822 2216 ministri

1076 2232 1288 2279 fungebamur
1316 2232 1419 2267 officio
1440 2233 1514 2267 dum
1543 2232 1580 2266 ad
1614 2231 1824 2266 cardinalatus

1076 2281 1227 2317 honorem
1243 2282 1395 2329 assumpti
1419 2282 1550 2324 fuimus,
1569 2289 1600 2316 et
1617 2293 1822 2328 personarum

1076 2333 1147 2367 eius
1182 2340 1296 2367 statum
1331 2343 1514 2379 prosperum
1538 2339 1568 2366 et
1605 2330 1824 2378 tranquillum,

1077 2389 1205 2430 propter
1231 2381 1344 2417 uberes
1379 2381 1498 2416 fructus
1531 2393 1614 2428 quos
1636 2380 1724 2415 Ordo
1747 2380 1824 2426 ipse,

1077 2431 1175 2467 multa
1200 2431 1357 2477 refulgens
1379 2431 1476 2477 gloria
1501 2431 1684 2465 meritorum
1708 2438 1737 2464 et
1753 2442 1824 2476 gra-

1077 2482 1117 2516 tia
1140 2480 1287 2516 redolens
1309 2481 1494 2524 sanctitatis,
1519 2481 1549 2514 in
1565 2492 1640 2527 agro
1662 2479 1825 2513 militantis

1076 2530 1250 2574 Ecclesiae,
1283 2530 1312 2564 in
1347 2530 1573 2577 propagatione
1607 2528 1769 2575 religionis
1795 2536 1824 2562 et

1111 2606 1150 2640 (t)
1166 2605 1304 2632 Omittitur
1323 2605 1387 2632 haec
1402 2605 1483 2637 bulla,
1500 2605 1561 2640 quia
1578 2608 1618 2632 est
1633 2604 1745 2639 simplex
1761 2611 1825 2630 con-

1077 2645 1220 2712 firmagotga
1246 2645 1332 2672 bullae
1353 2644 1434 2672 Clem.
1462 2645 1506 2672 tv.
1545 2645 1585 2679 (εὶ)
1606 2644 1671 2671 Vide
1696 2647 1761 2670 tom.
1783 2651 1823 2676 ui,

1076 2693 1133 2721 pag.
1170 2686 1213 2712 5.

1845 286 1895 312 An.
1913 285 1941 311 C.
1962 286 2027 312 l'i7l1

1869 905 1999 925 preamium*

1853 1895 1902 1921 Eug,
1919 1895 1946 1915 lV
1960 1896 2024 1916 edidit

1839 1928 1924 1947 constit.
1946 1927 2025 1947 conflr-

1840 1961 1930 1978 muntem
1947 1958 2022 1978 bullum

1839 1988 1902 2009 Clem.
1920 1988 1952 2008 lv.

1854 2142 1890 2163 Hic
1906 2142 1967 2163 Pont.
1988 2148 2023 2163 ea·

1840 2177 1955 2195 continuat.
