2281 3251
218 290 269 318 An.
286 290 317 317 C.
334 291 400 318 ¹520

240 2034 363 2056 Electiones
383 2034 407 2054 tid

223 2066 311 2086 alterius
330 2070 409 2092 procu-

222 2097 326 2117 rationem
339 2095 409 2116 tactae

468 280 538 314 756

416 346 576 395 poralibus
600 347 738 381 locorum
759 356 1046 392 quorumcumque
1066 343 1169 378 cuius-

415 396 745 443 cumquedignitatis,
764 403 875 437 status,
890 393 1018 440 graduS,
1034 392 1167 432 ordinis

414 424 629 488 conditionise,
653 444 825 478 nobilitatis
853 452 882 477 et
911 443 1167 497 prteemineutiae

416 496 545 538 suerint,
567 503 596 529 et
619 505 821 541 quacumque
847 492 1032 527 auctoritate
1059 500 1088 526 et
1111 503 1170 526 ex-

415 545 558 579 cellentia
582 543 766 590 fungantur,
785 555 823 578 ne
843 543 882 577 de
901 550 1039 585 caetero,
1061 552 1170 576 oecur-

416 594 558 629 rentibus
580 592 797 628 vacationibus
832 591 1112 634 monasteriorum,
1135 602 1169 625 e-

416 645 490 678 tiam
528 642 712 677 monialium
742 640 1016 684 Cisterciensium,
1039 639 1169 675 Ordinis

416 692 612 734 huiusmodi,
635 700 688 726 aut
715 691 803 738 prius
830 703 924 738 quam
950 698 1079 732 vacent,
1101 691 1169 725 sire

415 742 504 786 alias,
527 741 672 788 praefatis
694 741 918 783 conventibus,
935 752 992 787 pro
1005 739 1170 786 quibusvis

416 792 558 839 personis
586 790 739 837 eligendis
765 791 831 825 sire
861 789 1069 836 postulandis,
1097 801 1170 824 cou-

415 841 550 876 siliarios
573 841 619 874 vel
648 840 726 875 alios
749 841 886 880 mittere;
909 847 961 874 aut
976 839 1089 882 literis,
1105 851 1171 886 pre-

415 891 525 935 cibus,
554 890 820 937 promissionibus
843 889 889 924 vel
913 889 1171 923 comminationi-

416 940 486 984 bus,
509 940 574 975 sive
595 939 689 973 etiam
722 939 1006 986 impressionibus,
1034 946 1068 973 ut
1097 950 1170 985 per-

415 1002 508 1024 sonas
530 989 652 1036 aliquas
674 989 791 1035 eligant
814 988 862 1023 ιοΙ
896 989 1069 1035 postulent,
1098 1000 1172 1035 per-

415 1040 559 1095 suadere3
575 1047 604 1073 et
622 1038 698 1073 alias
715 1046 892 1074 conventus
909 1038 1075 1093 praefatos.
1079 1050 1171 1093 quo-

415 1089 522 1124 miuus
545 1088 643 1123 libere
671 1087 708 1122 ad
738 1089 940 1130 electionem
970 1088 1053 1121 iuxta
1078 1087 1173 1121 insti-

416 1147 480 1173 tuta
517 1138 672 1184 regularia
709 1149 746 1172 ac
783 1137 945 1185 privilegia
982 1145 1012 1171 et
1052 1137 1171 1171 indulta

417 1188 589 1234 praedicta,
607 1187 778 1235 procedere
799 1187 931 1235 possint
950 1186 1102 1233 impedire
1115 1198 1170 1221 seu

419 1237 630 1284 perturbare;
656 1248 692 1271 ac
720 1236 792 1272 illos
831 1237 896 1271 sire
933 1248 988 1283 per
1023 1247 1077 1270 eos
1117 1248 1172 1283 pro

418 1296 566 1334 tempore
588 1286 706 1321 electos
727 1286 895 1322 molestare
918 1298 974 1321 seu
989 1286 1084 1319 etiam
1100 1298 1174 1340 pei-

419 1336 556 1377 turbare;
583 1347 706 1370 necnon
731 1336 822 1370 etiam
840 1363 847 1376 ,
870 1335 932 1370 sub
953 1335 1174 1370 excommuni-

418 1386 553 1420 cationis
575 1385 654 1420 latae
669 1386 845 1420 sententiae
869 1397 980 1431 poena,
997 1397 1011 1418 a
1029 1397 1089 1431 qua
1110 1397 1172 1418 uon

419 1436 478 1470 nisi
503 1447 558 1482 per
580 1435 713 1469 dilectos
736 1435 817 1469 filios
840 1435 1022 1469 definitores
1045 1434 1172 1480 capituli

419 1485 575 1530 generalis
602 1484 676 1518 dieti
699 1483 830 1519 Ordinis
851 1484 1059 1518 absolutionis
1076 1484 1174 1518 bene-

419 1534 527 1568 ficium
556 1533 701 1569 obtinere
724 1534 859 1577 valeant,
876 1533 1046 1580 quibusvis
1070 1545 1176 1580 perso-

419 1584 481 1627 nis,
509 1595 548 1618 ne
576 1583 759 1618 huiusmodi
789 1595 899 1629 preces
921 1591 951 1617 ct
974 1583 1090 1623 literas,
1110 1585 1175 1617 sive

420 1645 476 1680 pro
509 1633 572 1674 eis,
608 1640 662 1667 aut
684 1641 719 1667 ut
748 1632 951 1679 postmodum
982 1633 1011 1667 in
1041 1632 1174 1667 aliorum

419 1682 557 1718 favorem
585 1682 698 1717 cedere
733 1683 880 1728 possint,
918 1694 1113 1729 procurare;
1140 1694 1176 1717 ac

419 1732 630 1767 conventibus
653 1732 814 1779 praefatis,
843 1745 882 1766 ue
909 1732 946 1766 ad
973 1744 1094 1778 preces,
1111 1731 1177 1766 lite-

420 1793 492 1822 ras,
529 1793 774 1829 promissiones,
814 1790 1091 1825 couinuuationes,
1114 1794 1176 1815 im-

423 1832 603 1878 pressiones
620 1840 651 1866 et
669 1832 725 1865 alia
747 1832 918 1877 praemissa
941 1843 1176 1878 quemcumque

421 1881 537 1927 eligere
559 1880 786 1928 quoquomodo
808 1881 926 1915 directe
945 1881 991 1915 vel
1016 1881 1177 1920 indirecte

422 1931 515 1965 tacite
537 1931 584 1965 vel
608 1931 730 1965 occulte
747 1939 963 1977 praesumant,
983 1930 1176 1965 inliibemus.

471 1979 492 2027 S
514 1982 546 2015 5.
569 1980 787 2015 Deceruentes
809 1980 980 2015 electiones
1002 1993 1056 2014 seu
1073 1989 1179 2026 postu-

424 2029 568 2071 lationes,
588 2042 667 2077 quas
693 2029 732 2064 ad
760 2030 882 2064 similes
911 2041 1040 2076 preces,
1061 2030 1177 2073 literas,

426 2080 675 2126 procurationes,
698 2080 960 2114 comminationes
987 2087 1017 2113 et
1045 2079 1179 2126 impres-

223 2128 294 2149 nullae
302 2127 409 2149 nectat-an·
442 2133 448 2138 ·

224 2162 264 2181 tur.

425 2145 530 2168 siones
554 2145 610 2180 pro
632 2141 774 2180 tempore
794 2133 859 2168 lieri
879 2133 1058 2179 contigerit,
1078 2134 1179 2168 nullas

425 2199 461 2222 ac
482 2199 588 2222 cassas
604 2195 635 2221 et
655 2187 768 2227 irritas,
784 2187 966 2234 nulliusque
991 2187 1114 2221 roboris
1134 2188 1178 2222 rel

426 2242 577 2276 momenti
601 2241 678 2280 sore,
693 2241 783 2276 etsie
798 2253 852 2287 per
867 2253 1087 2288 quoscutuqut‘e
1111 2254 1179 2275 eau-

426 2307 532 2330 sarum
556 2295 664 2330 Palatii
688 2296 860 2342 Apostoliei
886 2295 1045 2329 auditores
1061 2303 1088 2330 et
1108 2308 1181 2330 sau-

426 2357 493 2384 ctae
508 2348 671 2384 Romanae
686 2349 848 2384 Ecclesiae
862 2349 1039 2384 cardinales
1054 2361 1089 2383 ac
1105 2351 1181 2383 alios

427 2403 547 2439 iudices
569 2412 599 2438 et
621 2404 856 2439 commissarios
880 2404 1074 2451 ubicumque
1095 2404 1181 2439 loco-
1202 2414 1204 2421 ¹

427 2470 511 2499 rum,
534 2466 595 2492 tam
625 2458 654 2492 iu
686 2458 826 2493 Romana
849 2457 945 2493 Curia
975 2470 1068 2504 quatu
1096 2467 1181 2492 extra

427 2523 519 2556 eain,
555 2512 584 2546 in
619 2524 819 2559 quacumque
855 2513 1004 2546 instantia
1032 2512 1181 2556 iudicari,

428 2567 611 2601 sententiari
635 2574 666 2601 et
686 2566 813 2600 diffiniri
838 2566 963 2607 debere,
987 2565 1109 2600 sublata
1137 2566 1183 2600 cis

429 2628 459 2655 et
482 2632 590 2655 eorum
619 2620 749 2656 cuilibet
775 2621 886 2667 quavis
908 2620 998 2656 aliter
1028 2621 1183 2667 interpre-

431 2674 516 2709 tandi
543 2683 571 2709 et
602 2674 777 2710 diffiniendi
806 2682 959 2723 potestate
974 2682 1004 2710 et
1024 2674 1182 2710 facultate:

1007 288 1192 312 numium!
1218 288 1353 310 nomast*
1357 289 1379 310 Μ

1213 343 1335 377 irritum
1365 354 1492 390 quoque
1520 350 1551 377 et
1579 342 1682 386 inane,
1705 342 1728 376 si
1752 353 1845 377 secus
1871 353 1967 389 super

1212 392 1271 432 liis,
1294 405 1309 427 a
1332 404 1506 448 quoquam
1518 393 1627 439 quavis
1649 392 1846 435 auctorit.,ite
1863 391 1966 427 scien·

1213 451 1259 477 ter
1282 442 1327 476 vel
1349 443 1530 487 ignoranter
1552 442 1720 488 contigerit
1743 441 1898 476 attentari.

1261 496 1276 535 ἕ
1304 496 1335 526 4
1365 491 1521 533 Quocirca
1556 491 1790 525 venerabilium
1819 490 1967 525 fratribus
1995 500 2168 528 aequatum-1

1214 541 1330 576 uostris
1361 540 1566 576 Cabilonensi
1607 549 1635 575 et
1674 540 1870 586 Lingonensi
1899 541 1967 587 epi-
1981 532 2171 584 ζ’ξυῑὶῬεᾱοω

1212 591 1316 637 scopis
1342 603 1376 625 ac
1404 590 1518 625 dilecto
1546 589 1610 624 lilio
1645 589 1749 623 abbati
1785 590 1966 625 monasterii

1213 640 1348 675 Sanctae
1370 639 1552 675 Genoiesae
1573 639 1785 683 parisiensis,
1809 651 1864 686 per
1887 651 1967 686 apo-

1212 690 1322 724 stolica
1345 690 1484 745 scripta,
1512 697 1598 723 motu
1635 688 1755 732 simili,
1776 667 1968 723 'mandamus

1212 749 1370 786 quatenus
1398 740 1455 786 ipsi
1492 739 1538 773 iel
1561 738 1624 773 duo
1649 747 1701 772 aut
1729 751 1813 772 unus
1835 750 1968 782 eorum,

1215 801 1270 836 per
1291 801 1325 824 se
1349 789 1393 823 iel
1417 789 1513 823 alium
1536 800 1592 822 seu
1617 788 1706 831 alios,
1731 796 1912 834 praesentes
1931 787 1970 821 li-

1215 847 1295 873 teras
1317 847 1346 873 et
1375 839 1403 872 in
1421 839 1466 874 eis
1485 846 1632 873 contenta
1649 849 1886 884 quaecumque,
1902 836 1968 879 ubi,

1214 888 1354 935 quaudo,
1381 900 1416 922 ac
1449 900 1505 935 pro
1530 896 1617 934 parte
1639 887 1846 921 dilliuitorum
1877 898 1969 934 prae-

1214 939 1372 973 dictorum
1396 938 1462 972 sive
1489 938 1623 971 alieuius
1645 937 1718 971 dicti
1747 936 1880 971 Ordinis
1908 936 1970 971 fue·

1217 989 1276 1022 tint
1300 988 1456 1035 requisiti
1476 987 1662 1021 solemniter
1685 986 1898 1033 publiiauteS,
1914 986 1971 1020 eis—

1215 1050 1276 1084 que
1315 1039 1344 1072 in
1380 1037 1562 1084 praemissis
1597 1036 1733 1070 ellicacis
1773 1036 1971 1070 defensionis

1216 1087 1374 1133 ptaesidio
1413 1087 1609 1126 assistentes,
1638 1085 1754 1120 saciant
1786 1085 1972 1120 auctoritate

1217 1145 1320 1171 nostra
1345 1144 1526 1183 praesentes
1548 1135 1654 1169 literas
1670 1136 1744 1170 etin
1761 1136 1806 1169 eis
1821 1143 1970 1170 contenta

1216 1186 1399 1220 liuiustuodi
1429 1198 1484 1233 per
1507 1185 1665 1232 principes
1685 1193 1715 1218 et
1733 1184 1882 1219 dominos
1897 1194 1975 1219 tem-

1217 1236 1338 1281 porales
1365 1247 1400 1270 ac
1439 1243 1613 1269 coni-cutus
1643 1234 1819 1279 praefatos,
1849 1245 1972 1268 necnon

1217 1297 1435 1331 quoscumque
1458 1285 1536 1318 alios
1559 1284 1780 1318 iuviolabiliter
1799 1283 1972 1323 observari,

1217 1335 1463 1369 contradictores
1491 1333 1651 1380 quoslibet
1689 1342 1719 1367 et
1753 1333 1909 1372 rebelles,
1938 1344 1974 1368 ac

1217 1385 1261 1418 eis
1283 1384 1446 1423 auxilium,
1469 1383 1640 1417 eonsilium
1667 1382 1713 1417 vel
1735 1382 1872 1417 savorem
1892 1395 1975 1430 quo-

1218 1433 1391 1467 modolibet
1428 1441 1621 1480 praestantes
1660 1445 1714 1479 per
1743 1431 1974 1467 ecclesiasticas

1217 1482 1415 1526 sententias,
1438 1495 1592 1517 censuras
1627 1490 1657 1516 et
1692 1494 1822 1528 poenas,
1849 1482 1974 1529 ali-tque

1217 1541 1396 1588 opportuna
1409 1533 1485 1566 iuris
1499 1532 1649 1571 remtdia
1658 1531 1870 1578 appellatione
1887 1539 1975 1577 post-

1220 1583 1336 1628 posita,
1358 1581 1612 1629 compescendo,
1636 1582 1780 1616 imocaio
1815 1581 1908 1614 etiam
1936 1580 1975 1615 ad

1220 1634 1290 1676 boc,
1317 1633 1342 1666 si
1369 1644 1450 1679 opus
1478 1631 1584 1672 fuerit,
1613 1631 1732 1666 auxilio
1760 1631 1879 1665 bracliii
1904 1642 1976 1666 sae-

1218 1682 1348 1716 cularis.

1268 1731 1342 1778 85.
1378 1730 1447 1765 Non
1471 1730 1672 1765 obstantibus
1700 1729 1799 1765 felicis
1827 1729 1976 1765 recorda-

1220 1781 1313 1815 tiouis
1333 1781 1358 1815 B
1362 1780 1486 1815 ouisacii
1511 1779 1708 1827 ΡιψιιεΧΙΠ,
1724 1780 1976 1834 praedecessoris

1221 1830 1340 1873 nostri,
1371 1843 1430 1877 qua
1464 1838 1592 1865 emetur
1619 1841 1658 1864 ne
1683 1842 1758 1884 quis
1789 1838 1875 1864 extra
1902 1841 1977 1864 suas

1220 1881 1377 1915 civitatem
1401 1888 1433 1915 et
1455 1880 1641 1923 dioecesim,
1664 1891 1722 1913 nisi
1753 1892 1782 1913 iu
1806 1879 1900 1913 certis
1926 1890 1979 1913 cx-

1220 1931 1319 1977 ceptis
1346 1929 1484 1969 casibus
1501 1930 1576 1963 etin
1594 1929 1665 1967 illis
1681 1929 1759 1963 ultra
1777 1941 1871 1963 uuam
1887 1928 1978 1963 diae-

1222 1989 1281 2014 tam
1311 1992 1327 2014 a
1356 1980 1416 2014 line
1453 1992 1530 2014 suae
1561 1979 1734 2019 dioecesis,
1762 1979 1798 2013 ad
1824 1978 1977 2013 iudicium

1222 2038 1381 2070 evocetur3
1403 2040 1459 2063 scu
1485 2041 1523 2063 ne
1542 2028 1665 2063 iudices
1679 2041 1693 2062 a
1712 2028 1796 2063 Sede
1821 2028 1979 2075 praedicta

1222 2078 1375 2126 deputati,
1395 2087 1480 2113 extra
1496 2079 1652 2113 civitatem
1677 2086 1707 2113 et
1732 2078 1924 2122 dioecesim,
1948 2078 1977 2111 in

1222 2133 1338 2179 quibus
1360 2132 1501 2179 deputati
1518 2132 1649 2173 fuerint,
1673 2139 1782 2166 contra
1804 2143 1979 2178 quoscum-

1223 2200 1284 2235 que
1309 2187 1493 2234 procedere,
1521 2199 1557 2222 ac
1584 2187 1634 2221 alii
1658 2187 1704 2221 rel
1724 2187 1796 2222 aliis
1812 2187 1894 2221 vices
1907 2198 1980 2221 suas

1201 2266 1203 2286 2
1223 2243 1421 2276 committere
1444 2253 1573 2289 quoquo
1601 2241 1696 2276 modo
1721 2250 1934 2287 praesumant;
1950 2250 1980 2275 et

1225 2296 1262 2330 de
1293 2295 1418 2330 dualius
1445 2296 1558 2330 diaetis
1595 2296 1623 2329 in
1665 2295 1802 2329 coneilio
1837 2294 1978 2341 generali

1225 2350 1331 2394 editis,
1354 2349 1530 2384 dummodo
1554 2349 1631 2383 ultra
1661 2357 1724 2383 tres
1746 2349 1864 2383 diaetas
1883 2362 1897 2382 a
1919 2349 1980 2383 [ine

1226 2416 1302 2438 suae
1333 2403 1488 2438 dioecesis
1529 2404 1645 2450 aliquis
1674 2403 1860 2437 auctoritate
1889 2414 1981 2449 prae-

1226 2459 1364 2492 sentium
1389 2470 1451 2492 nou
1477 2457 1642 2498 trabatur-3
1665 2465 1695 2491 et
1722 2456 1889 2503 quibusvis
1910 2455 1981 2490 aliis

1225 2513 1506 2548 constitutionibus
1528 2521 1557 2547 et
1579 2511 1831 2547 ordinationibus
1851 2518 1980 2558 aposto-

1227 2567 1307 2611 licis,
1331 2566 1500 2613 privilegiis
1523 2578 1651 2613 quoque
1673 2574 1704 2601 et
1727 2565 1868 2609 indultis,
1884 2565 1979 2599 etiam

1227 2621 1419 2667 apostolicis,
1436 2620 1634 2667 principibus
1660 2630 1690 2655 et
1712 2620 1852 2655 locorum
1876 2618 1980 2653 domi-

1228 2674 1276 2708 nis
1303 2674 1530 2721 temporalibus
1557 2686 1592 2709 ac
1624 2674 1693 2708 aliis
1716 2673 1860 2721 personis
1887 2684 1980 2720 prae-

1982 286 2033 312 An.
2054 283 2082 311 C.
2098 283 2167 311 ¹520

2016 1736 2150 1759 obstantium

2024 1768 2144 1794 derogatio.
