<?xml version="1.0" encoding="UTF-8"?>
<!DOCTYPE html PUBLIC "-//W3C//DTD XHTML 1.0 Transitional//EN"
    "http://www.w3.org/TR/xhtml1/DTD/xhtml1-transitional.dtd">
<html xmlns="http://www.w3.org/1999/xhtml" xml:lang="en" lang="en">
 <head>
  <title>
</title>
<meta http-equiv="Content-Type" content="text/html;charset=utf-8" />
  <meta name='ocr-system' content='tesseract 3.04.00' />
  <meta name='ocr-capabilities' content='ocr_page ocr_carea ocr_par ocr_line ocrx_word'/>
</head>
<body>
  <div class='ocr_page' id='page_1' title='image "./bullarumdiplomat05cath_0073.png"; bbox 0 0 2281 3251; ppageno 0'>
   <div class='ocr_carea' id='block_1_1' title="bbox 0 0 27 3251">
    <p class='ocr_par' dir='ltr' id='par_1_1' title="bbox 0 0 27 3251">
     <span class='ocr_line' id='line_1_1' title="bbox 0 0 27 3251; baseline 0 0"><span class='ocrx_word' id='word_1_1' title='bbox 0 0 27 3251; x_wconf 95' lang='lat' dir='ltr'> </span> 
     </span>
    </p>
   </div>
   <div class='ocr_carea' id='block_1_2' title="bbox 126 261 303 292">
    <p class='ocr_par' dir='ltr' id='par_1_2' title="bbox 126 261 303 292">
     <span class='ocr_line' id='line_1_2' title="bbox 126 261 303 292; baseline -0.017 0"><span class='ocrx_word' id='word_1_2' title='bbox 126 261 176 292; x_wconf 70' lang='lat' dir='ltr'>Anj</span> <span class='ocrx_word' id='word_1_3' title='bbox 191 264 221 292; x_wconf 85' lang='lat' dir='ltr'>C.</span> <span class='ocrx_word' id='word_1_4' title='bbox 240 263 303 292; x_wconf 70' lang='grc' dir='ltr'>ΗΜ</span> 
     </span>
    </p>
   </div>
   <div class='ocr_carea' id='block_1_3' title="bbox 149 1145 266 1167">
    <p class='ocr_par' dir='ltr' id='par_1_3' title="bbox 149 1145 266 1167">
     <span class='ocr_line' id='line_1_3' title="bbox 149 1145 266 1167; baseline -0.009 -1"><span class='ocrx_word' id='word_1_5' title='bbox 149 1145 266 1167; x_wconf 67' lang='grc' dir='ltr'>Ειοπαὶιιῐιι4</span> 
     </span>
    </p>
   </div>
   <div class='ocr_carea' id='block_1_4' title="bbox 109 2182 295 2366">
    <p class='ocr_par' dir='ltr' id='par_1_4' title="bbox 109 2182 295 2366">
     <span class='ocr_line' id='line_1_4' title="bbox 124 2182 294 2205; baseline 0.006 -1"><span class='ocrx_word' id='word_1_6' title='bbox 124 2182 149 2205; x_wconf 84' lang='lat' dir='ltr'>tn</span> <span class='ocrx_word' id='word_1_7' title='bbox 168 2183 245 2205; x_wconf 73' lang='lat' dir='ltr'>tratres</span> <span class='ocrx_word' id='word_1_8' title='bbox 260 2184 294 2205; x_wconf 82' lang='lat' dir='ltr'>‹tt-</span> 
     </span>
     <span class='ocr_line' id='line_1_5' title="bbox 110 2214 292 2236; baseline 0 -1"><span class='ocrx_word' id='word_1_9' title='bbox 110 2219 173 2236; x_wconf 75' lang='lat' dir='ltr'>vom</span> <span class='ocrx_word' id='word_1_10' title='bbox 197 2214 245 2235; x_wconf 78' lang='lat' dir='ltr'>toea</span> <span class='ocrx_word' id='word_1_11' title='bbox 272 2215 292 2236; x_wconf 81' lang='lat' dir='ltr'>tn</span> 
     </span>
     <span class='ocr_line' id='line_1_6' title="bbox 110 2243 294 2272; baseline 0 -6"><span class='ocrx_word' id='word_1_12' title='bbox 110 2243 172 2266; x_wconf 70' lang='lat' dir='ltr'>tuttn</span> <span class='ocrx_word' id='word_1_13' title='bbox 185 2246 294 2272; x_wconf 77' lang='lat' dir='ltr'>acquisie—</span> 
     </span>
     <span class='ocr_line' id='line_1_7' title="bbox 109 2277 294 2302; baseline 0 -5"><span class='ocrx_word' id='word_1_14' title='bbox 109 2279 165 2302; x_wconf 75' lang='lat' dir='ltr'>runt,</span> <span class='ocrx_word' id='word_1_15' title='bbox 179 2277 294 2298; x_wconf 79' lang='lat' dir='ltr'>etvirtuti-</span> 
     </span>
     <span class='ocr_line' id='line_1_8' title="bbox 110 2307 295 2330; baseline -0.005 -1"><span class='ocrx_word' id='word_1_16' title='bbox 110 2307 148 2329; x_wconf 75' lang='lat' dir='ltr'>bus</span> <span class='ocrx_word' id='word_1_17' title='bbox 157 2309 180 2329; x_wconf 77' lang='lat' dir='ltr'>tn</span> <span class='ocrx_word' id='word_1_18' title='bbox 189 2309 234 2330; x_wconf 70' lang='lat' dir='ltr'>dies</span> <span class='ocrx_word' id='word_1_19' title='bbox 244 2307 295 2329; x_wconf 87' lang='lat' dir='ltr'>mul-</span> 
     </span>
     <span class='ocr_line' id='line_1_9' title="bbox 110 2339 265 2366; baseline 0.006 -6"><span class='ocrx_word' id='word_1_20' title='bbox 110 2339 198 2366; x_wconf 74' lang='lat' dir='ltr'>ttptteatt</span> <span class='ocrx_word' id='word_1_21' title='bbox 210 2343 265 2361; x_wconf 77' lang='lat' dir='ltr'>suut.</span> 
     </span>
    </p>
   </div>
   <div class='ocr_carea' id='block_1_5' title="bbox 949 260 1105 284">
    <p class='ocr_par' dir='ltr' id='par_1_5' title="bbox 949 260 1105 284">
     <span class='ocr_line' id='line_1_10' title="bbox 949 260 1105 284; baseline -0.013 0"><span class='ocrx_word' id='word_1_22' title='bbox 949 260 1105 284; x_wconf 77' lang='lat' dir='ltr'>EUGnNtUs</span> 
     </span>
    </p>
   </div>
   <div class='ocr_carea' id='block_1_6' title="bbox 353 314 1065 931">
    <p class='ocr_par' dir='ltr' id='par_1_6' title="bbox 353 314 1065 931">
     <span class='ocr_line' id='line_1_11' title="bbox 363 314 1064 356; baseline -0.004 -10"><span class='ocrx_word' id='word_1_23' title='bbox 363 316 511 356; x_wconf 86' lang='lat' dir='ltr'>permittit;</span> <span class='ocrx_word' id='word_1_24' title='bbox 529 332 566 337; x_wconf 93' lang='lat'>—</span> <span class='ocrx_word' id='word_1_25' title='bbox 592 316 618 346; x_wconf 78' lang='lat'>6.</span> <span class='ocrx_word' id='word_1_26' title='bbox 641 315 768 345; x_wconf 82' lang='lat' dir='ltr'><strong>Priorem</strong></span> <span class='ocrx_word' id='word_1_27' title='bbox 797 314 863 352; x_wconf 68' lang='lat' dir='ltr'>eligi</span> <span class='ocrx_word' id='word_1_28' title='bbox 888 315 1064 352; x_wconf 81' lang='lat' dir='ltr'><strong>generalem.</strong></span> 
     </span>
     <span class='ocr_line' id='line_1_12' title="bbox 362 358 1062 397; baseline -0.006 -6"><span class='ocrx_word' id='word_1_29' title='bbox 362 361 387 390; x_wconf 85' lang='lat'>7.</span> <span class='ocrx_word' id='word_1_30' title='bbox 403 360 513 391; x_wconf 86' lang='lat' dir='ltr'>Prioris</span> <span class='ocrx_word' id='word_1_31' title='bbox 528 360 659 390; x_wconf 89' lang='lat' dir='ltr'>eiusdem</span> <span class='ocrx_word' id='word_1_32' title='bbox 677 359 918 397; x_wconf 80' lang='lat' dir='ltr'>visitatorumque</span> <span class='ocrx_word' id='word_1_33' title='bbox 937 358 1062 388; x_wconf 82' lang='lat' dir='ltr'>officinm</span> 
     </span>
     <span class='ocr_line' id='line_1_13' title="bbox 359 402 1062 443; baseline -0.004 -9"><span class='ocrx_word' id='word_1_34' title='bbox 359 405 444 443; x_wconf 89' lang='lat' dir='ltr'>quale</span> <span class='ocrx_word' id='word_1_35' title='bbox 467 405 505 434; x_wconf 87' lang='lat' dir='ltr'>sit</span> <span class='ocrx_word' id='word_1_36' title='bbox 526 404 683 434; x_wconf 77' lang='lat' dir='ltr'>definitur:</span> <span class='ocrx_word' id='word_1_37' title='bbox 702 420 740 426; x_wconf 98' lang='lat'>—</span> <span class='ocrx_word' id='word_1_38' title='bbox 762 403 788 432; x_wconf 91' lang='lat'>8.</span> <span class='ocrx_word' id='word_1_39' title='bbox 809 402 943 431; x_wconf 80' lang='lat' dir='ltr'>Facultas</span> <span class='ocrx_word' id='word_1_40' title='bbox 962 402 1062 432; x_wconf 87' lang='lat' dir='ltr'>absol-</span> 
     </span>
     <span class='ocr_line' id='line_1_14' title="bbox 359 447 1063 485; baseline -0.004 -8"><span class='ocrx_word' id='word_1_41' title='bbox 359 449 443 478; x_wconf 87' lang='lat' dir='ltr'>vendi</span> <span class='ocrx_word' id='word_1_42' title='bbox 466 459 480 478; x_wconf 87' lang='lat' dir='ltr'>a</span> <span class='ocrx_word' id='word_1_43' title='bbox 500 448 620 478; x_wconf 83' lang='lat' dir='ltr'>casibus</span> <span class='ocrx_word' id='word_1_44' title='bbox 642 447 808 484; x_wconf 76' lang='lat' dir='ltr'>reservatis,</span> <span class='ocrx_word' id='word_1_45' title='bbox 840 447 952 485; x_wconf 79' lang='lat' dir='ltr'>qnalis;</span> <span class='ocrx_word' id='word_1_46' title='bbox 977 463 1016 468; x_wconf 98' lang='lat'><strong>—</strong></span> <span class='ocrx_word' id='word_1_47' title='bbox 1037 447 1063 475; x_wconf 79' lang='lat'>9.</span> 
     </span>
     <span class='ocr_line' id='line_1_15' title="bbox 357 490 1065 530; baseline -0.006 -7"><span class='ocrx_word' id='word_1_48' title='bbox 357 493 543 523; x_wconf 81' lang='lat' dir='ltr'>Sacramenta</span> <span class='ocrx_word' id='word_1_49' title='bbox 563 492 758 522; x_wconf 89' lang='lat' dir='ltr'>ministrandi.</span> <span class='ocrx_word' id='word_1_50' title='bbox 777 508 815 513; x_wconf 95' lang='lat'>—-</span> <span class='ocrx_word' id='word_1_51' title='bbox 835 492 879 521; x_wconf 82' lang='lat' dir='ltr'>to.</span> <span class='ocrx_word' id='word_1_52' title='bbox 899 490 1065 530; x_wconf 75' lang='lat' dir='ltr'>Explicatur</span> 
     </span>
     <span class='ocr_line' id='line_1_16' title="bbox 357 536 1062 568; baseline -0.006 0"><span class='ocrx_word' id='word_1_53' title='bbox 357 538 432 568; x_wconf 85' lang='lat' dir='ltr'>dicta</span> <span class='ocrx_word' id='word_1_54' title='bbox 452 537 575 567; x_wconf 80' lang='lat' dir='ltr'>facultas</span> <span class='ocrx_word' id='word_1_55' title='bbox 598 536 769 566; x_wconf 82' lang='lat' dir='ltr'>absolvendi</span> <span class='ocrx_word' id='word_1_56' title='bbox 789 546 803 564; x_wconf 82' lang='lat' dir='ltr'>a</span> <span class='ocrx_word' id='word_1_57' title='bbox 827 536 944 565; x_wconf 87' lang='lat' dir='ltr'>casibus</span> <span class='ocrx_word' id='word_1_58' title='bbox 965 545 1062 565; x_wconf 86' lang='lat' dir='ltr'>reser-</span> 
     </span>
     <span class='ocr_line' id='line_1_17' title="bbox 358 580 1062 612; baseline -0.006 0"><span class='ocrx_word' id='word_1_59' title='bbox 358 583 441 612; x_wconf 81' lang='lat' dir='ltr'>vatis.</span> <span class='ocrx_word' id='word_1_60' title='bbox 468 599 507 604; x_wconf 89' lang='lat'>—</span> <span class='ocrx_word' id='word_1_61' title='bbox 535 583 580 612; x_wconf 86' lang='lat' dir='ltr'>tt.</span> <span class='ocrx_word' id='word_1_62' title='bbox 603 582 664 611; x_wconf 84' lang='lat' dir='ltr'>Atia</span> <span class='ocrx_word' id='word_1_63' title='bbox 690 580 811 610; x_wconf 77' lang='lat' dir='ltr'>facultas</span> <span class='ocrx_word' id='word_1_64' title='bbox 835 581 988 610; x_wconf 74' lang='lat' dir='ltr'>coercendi</span> <span class='ocrx_word' id='word_1_65' title='bbox 1013 590 1062 609; x_wconf 85' lang='lat' dir='ltr'>eos</span> 
     </span>
     <span class='ocr_line' id='line_1_18' title="bbox 356 624 1064 666; baseline -0.004 -10"><span class='ocrx_word' id='word_1_66' title='bbox 356 627 405 666; x_wconf 89' lang='lat' dir='ltr'>qui</span> <span class='ocrx_word' id='word_1_67' title='bbox 425 631 502 656; x_wconf 87' lang='lat' dir='ltr'>extra</span> <span class='ocrx_word' id='word_1_68' title='bbox 526 626 653 655; x_wconf 86' lang='lat' dir='ltr'>claustra</span> <span class='ocrx_word' id='word_1_69' title='bbox 673 630 823 662; x_wconf 58' lang='lat' dir='ltr'>vagantum</span> <span class='ocrx_word' id='word_1_70' title='bbox 846 624 891 654; x_wconf 70' lang='lat'>12.</span> <span class='ocrx_word' id='word_1_71' title='bbox 912 624 988 654; x_wconf 76' lang='lat' dir='ltr'>Nova</span> <span class='ocrx_word' id='word_1_72' title='bbox 1015 635 1064 653; x_wconf 86' lang='lat' dir='ltr'>ac-</span> 
     </span>
     <span class='ocr_line' id='line_1_19' title="bbox 355 668 1063 710; baseline -0.003 -11"><span class='ocrx_word' id='word_1_73' title='bbox 355 671 483 710; x_wconf 81' lang='lat' dir='ltr'>cipiendi</span> <span class='ocrx_word' id='word_1_74' title='bbox 503 671 574 700; x_wconf 87' lang='lat' dir='ltr'>loca.</span> <span class='ocrx_word' id='word_1_75' title='bbox 591 670 692 700; x_wconf 83' lang='grc'>-13,</span> <span class='ocrx_word' id='word_1_76' title='bbox 713 671 752 699; x_wconf 75' lang='lat' dir='ltr'>Ad</span> <span class='ocrx_word' id='word_1_77' title='bbox 779 670 955 700; x_wconf 87' lang='lat' dir='ltr'>strictiorem</span> <span class='ocrx_word' id='word_1_78' title='bbox 978 668 1063 698; x_wconf 87' lang='lat' dir='ltr'>Ordi-</span> 
     </span>
     <span class='ocr_line' id='line_1_20' title="bbox 355 713 1064 744; baseline -0.003 0"><span class='ocrx_word' id='word_1_79' title='bbox 355 724 420 744; x_wconf 88' lang='lat' dir='ltr'>nem</span> <span class='ocrx_word' id='word_1_80' title='bbox 445 715 480 744; x_wconf 84' lang='lat' dir='ltr'>ab</span> <span class='ocrx_word' id='word_1_81' title='bbox 499 715 542 744; x_wconf 87' lang='lat' dir='ltr'>eis</span> <span class='ocrx_word' id='word_1_82' title='bbox 564 715 681 744; x_wconf 88' lang='lat' dir='ltr'>transiri</span> <span class='ocrx_word' id='word_1_83' title='bbox 706 719 788 744; x_wconf 80' lang='lat' dir='ltr'>vetat.</span> <span class='ocrx_word' id='word_1_84' title='bbox 807 731 845 736; x_wconf 87' lang='lat'><em>-</em></span> <span class='ocrx_word' id='word_1_85' title='bbox 865 714 909 743; x_wconf 68' lang='lat' dir='ltr'>tt.</span> <span class='ocrx_word' id='word_1_86' title='bbox 926 713 1064 743; x_wconf 72' lang='lat' dir='ltr'><strong>Concedit</strong></span> 
     </span>
     <span class='ocr_line' id='line_1_21' title="bbox 354 758 1061 798; baseline -0.003 -9"><span class='ocrx_word' id='word_1_87' title='bbox 354 764 449 789; x_wconf 80' lang='lat' dir='ltr'>tamen</span> <span class='ocrx_word' id='word_1_88' title='bbox 476 760 593 789; x_wconf 83' lang='lat' dir='ltr'>ordines</span> <span class='ocrx_word' id='word_1_89' title='bbox 621 769 635 788; x_wconf 89' lang='lat' dir='ltr'>a</span> <span class='ocrx_word' id='word_1_90' title='bbox 665 758 797 798; x_wconf 83' lang='lat' dir='ltr'>quolibet</span> <span class='ocrx_word' id='word_1_91' title='bbox 822 759 960 797; x_wconf 82' lang='lat' dir='ltr'>episcopo</span> <span class='ocrx_word' id='word_1_92' title='bbox 984 759 1061 787; x_wconf 90' lang='lat' dir='ltr'>reci-</span> 
     </span>
     <span class='ocr_line' id='line_1_22' title="bbox 356 802 1064 843; baseline -0.003 -10"><span class='ocrx_word' id='word_1_93' title='bbox 356 812 433 843; x_wconf 87' lang='lat' dir='ltr'>pere;</span> <span class='ocrx_word' id='word_1_94' title='bbox 454 820 493 826; x_wconf 90' lang='lat'>—</span> <span class='ocrx_word' id='word_1_95' title='bbox 516 804 561 833; x_wconf 75' lang='lat'>15.</span> <span class='ocrx_word' id='word_1_96' title='bbox 579 803 711 834; x_wconf 85' lang='lat' dir='ltr'>Officium</span> <span class='ocrx_word' id='word_1_97' title='bbox 737 802 964 832; x_wconf 78' lang='lat' dir='ltr'>Ambrosianum</span> <span class='ocrx_word' id='word_1_98' title='bbox 988 803 1064 832; x_wconf 91' lang='lat' dir='ltr'>reci-</span> 
     </span>
     <span class='ocr_line' id='line_1_23' title="bbox 354 847 1062 886; baseline -0.001 -9"><span class='ocrx_word' id='word_1_99' title='bbox 354 853 424 878; x_wconf 86' lang='lat' dir='ltr'>tare.</span> <span class='ocrx_word' id='word_1_100' title='bbox 446 865 484 870; x_wconf 98' lang='lat'><strong>—</strong></span> <span class='ocrx_word' id='word_1_101' title='bbox 511 848 556 878; x_wconf 54' lang='lat'>116.</span> <span class='ocrx_word' id='word_1_102' title='bbox 575 848 809 877; x_wconf 85' lang='lat' dir='ltr'>Communicatio</span> <span class='ocrx_word' id='word_1_103' title='bbox 833 847 1062 886; x_wconf 86' lang='lat' dir='ltr'>privilegiorum.</span> 
     </span>
     <span class='ocr_line' id='line_1_24' title="bbox 353 892 873 931; baseline -0.002 -9"><span class='ocrx_word' id='word_1_104' title='bbox 353 909 390 914; x_wconf 92' lang='lat'>—</span> <span class='ocrx_word' id='word_1_105' title='bbox 411 893 455 922; x_wconf 83' lang='lat'>17.</span> <span class='ocrx_word' id='word_1_106' title='bbox 473 892 690 922; x_wconf 74' lang='lat' dir='ltr'>Contrariorum</span> <span class='ocrx_word' id='word_1_107' title='bbox 715 893 873 931; x_wconf 74' lang='lat' dir='ltr'>derogatio.</span> 
     </span>
    </p>
   </div>
   <div class='ocr_carea' id='block_1_7' title="bbox 358 966 1016 1054">
    <p class='ocr_par' dir='ltr' id='par_1_7' title="bbox 358 966 1016 1054">
     <span class='ocr_line' id='line_1_25' title="bbox 358 966 1016 1004; baseline -0.002 -8"><span class='ocrx_word' id='word_1_108' title='bbox 358 968 491 1004; x_wconf 78' lang='lat' dir='ltr'>Eugenius</span> <span class='ocrx_word' id='word_1_109' title='bbox 510 968 651 1004; x_wconf 80' lang='lat' dir='ltr'>episcopus</span> <span class='ocrx_word' id='word_1_110' title='bbox 684 975 781 997; x_wconf 82' lang='lat' dir='ltr'>servus</span> <span class='ocrx_word' id='word_1_111' title='bbox 798 974 936 996; x_wconf 85' lang='lat' dir='ltr'>servorum</span> <span class='ocrx_word' id='word_1_112' title='bbox 954 966 1016 999; x_wconf 83' lang='lat' dir='ltr'>Dei.</span> 
     </span>
     <span class='ocr_line' id='line_1_26' title="bbox 449 1017 928 1054; baseline -0.004 -8"><span class='ocrx_word' id='word_1_113' title='bbox 449 1019 483 1046; x_wconf 80' lang='lat' dir='ltr'>ad</span> <span class='ocrx_word' id='word_1_114' title='bbox 510 1019 670 1054; x_wconf 77' lang='lat' dir='ltr'>perpetuam</span> <span class='ocrx_word' id='word_1_115' title='bbox 703 1017 744 1046; x_wconf 79' lang='lat' dir='ltr'>rel</span> <span class='ocrx_word' id='word_1_116' title='bbox 762 1017 928 1045; x_wconf 81' lang='lat' dir='ltr'>memoriam.</span> 
     </span>
    </p>
   </div>
   <div class='ocr_carea' id='block_1_8' title="bbox 306 1087 1062 2525">
    <p class='ocr_par' dir='ltr' id='par_1_8' title="bbox 307 1087 1062 2127">
     <span class='ocr_line' id='line_1_27' title="bbox 364 1087 1062 1136; baseline -0.003 -12"><span class='ocrx_word' id='word_1_117' title='bbox 364 1089 519 1136; x_wconf 83' lang='lat' dir='ltr'>Regimini</span> <span class='ocrx_word' id='word_1_118' title='bbox 544 1089 727 1123; x_wconf 88' lang='lat' dir='ltr'>universalis</span> <span class='ocrx_word' id='word_1_119' title='bbox 746 1087 925 1127; x_wconf 81' lang='lat' dir='ltr'>Ecclesiae,</span> <span class='ocrx_word' id='word_1_120' title='bbox 949 1100 1062 1135; x_wconf 86' lang='lat' dir='ltr'>quam-</span> 
     </span>
     <span class='ocr_line' id='line_1_28' title="bbox 313 1137 1060 1186; baseline -0.003 -13"><span class='ocrx_word' id='word_1_121' title='bbox 313 1151 406 1186; x_wconf 84' lang='lat' dir='ltr'>quain</span> <span class='ocrx_word' id='word_1_122' title='bbox 424 1139 583 1180; x_wconf 83' lang='lat' dir='ltr'>immeriti,</span> <span class='ocrx_word' id='word_1_123' title='bbox 606 1137 792 1184; x_wconf 72' lang='lat' dir='ltr'>disponente</span> <span class='ocrx_word' id='word_1_124' title='bbox 809 1137 957 1181; x_wconf 85' lang='lat' dir='ltr'>Domino,</span> <span class='ocrx_word' id='word_1_125' title='bbox 973 1151 1060 1184; x_wconf 82' lang='lat' dir='ltr'>prae-</span> 
     </span>
     <span class='ocr_line' id='line_1_29' title="bbox 312 1187 1060 1233; baseline 0 -11"><span class='ocrx_word' id='word_1_126' title='bbox 312 1188 467 1231; x_wconf 76' lang='lat' dir='ltr'>sidentes,</span> <span class='ocrx_word' id='word_1_127' title='bbox 500 1187 583 1222; x_wconf 89' lang='lat' dir='ltr'>curis</span> <span class='ocrx_word' id='word_1_128' title='bbox 605 1198 814 1233; x_wconf 83' lang='lat' dir='ltr'>perurgemur</span> <span class='ocrx_word' id='word_1_129' title='bbox 836 1187 987 1231; x_wconf 83' lang='lat' dir='ltr'>assiduis,</span> <span class='ocrx_word' id='word_1_130' title='bbox 1014 1197 1060 1230; x_wconf 83' lang='lat' dir='ltr'>ut,</span> 
     </span>
     <span class='ocr_line' id='line_1_30' title="bbox 313 1236 1061 1283; baseline -0.001 -12"><span class='ocrx_word' id='word_1_131' title='bbox 313 1238 393 1271; x_wconf 81' lang='lat' dir='ltr'>iuxta</span> <span class='ocrx_word' id='word_1_132' title='bbox 421 1236 559 1283; x_wconf 82' lang='lat' dir='ltr'>creditae</span> <span class='ocrx_word' id='word_1_133' title='bbox 592 1236 682 1270; x_wconf 82' lang='lat' dir='ltr'>nobis</span> <span class='ocrx_word' id='word_1_134' title='bbox 713 1237 958 1283; x_wconf 76' lang='lat' dir='ltr'>dispensationis</span> <span class='ocrx_word' id='word_1_135' title='bbox 992 1237 1061 1271; x_wconf 84' lang='lat' dir='ltr'>otti-</span> 
     </span>
     <span class='ocr_line' id='line_1_31' title="bbox 312 1285 1061 1333; baseline 0.003 -14"><span class='ocrx_word' id='word_1_136' title='bbox 312 1286 407 1326; x_wconf 81' lang='lat' dir='ltr'>cium,</span> <span class='ocrx_word' id='word_1_137' title='bbox 424 1286 505 1320; x_wconf 88' lang='lat' dir='ltr'>circa</span> <span class='ocrx_word' id='word_1_138' title='bbox 520 1285 720 1320; x_wconf 85' lang='lat' dir='ltr'>subditorum</span> <span class='ocrx_word' id='word_1_139' title='bbox 743 1286 969 1333; x_wconf 79' lang='lat' dir='ltr'>quorumlibet,</span> <span class='ocrx_word' id='word_1_140' title='bbox 986 1299 1061 1333; x_wconf 85' lang='lat' dir='ltr'>prae-</span> 
     </span>
     <span class='ocr_line' id='line_1_32' title="bbox 310 1335 1060 1381; baseline 0.001 -12"><span class='ocrx_word' id='word_1_141' title='bbox 310 1335 416 1370; x_wconf 87' lang='lat' dir='ltr'>sertim</span> <span class='ocrx_word' id='word_1_142' title='bbox 452 1335 510 1369; x_wconf 89' lang='lat' dir='ltr'>sub</span> <span class='ocrx_word' id='word_1_143' title='bbox 551 1336 683 1381; x_wconf 76' lang='lat' dir='ltr'>regulari</span> <span class='ocrx_word' id='word_1_144' title='bbox 725 1336 919 1370; x_wconf 78' lang='lat' dir='ltr'>observantia</span> <span class='ocrx_word' id='word_1_145' title='bbox 955 1337 1060 1371; x_wconf 87' lang='lat' dir='ltr'>studio</span> 
     </span>
     <span class='ocr_line' id='line_1_33' title="bbox 311 1386 1059 1434; baseline 0.001 -15"><span class='ocrx_word' id='word_1_146' title='bbox 311 1386 487 1419; x_wconf 88' lang='lat' dir='ltr'>vacantium</span> <span class='ocrx_word' id='word_1_147' title='bbox 516 1386 583 1432; x_wconf 81' lang='lat' dir='ltr'>piae</span> <span class='ocrx_word' id='word_1_148' title='bbox 607 1387 703 1423; x_wconf 62' lang='lat' dir='ltr'>vitae,</span> <span class='ocrx_word' id='word_1_149' title='bbox 733 1387 762 1419; x_wconf 88' lang='lat' dir='ltr'>in</span> <span class='ocrx_word' id='word_1_150' title='bbox 789 1398 924 1433; x_wconf 87' lang='lat' dir='ltr'>quorum</span> <span class='ocrx_word' id='word_1_151' title='bbox 955 1386 1059 1434; x_wconf 90' lang='lat' dir='ltr'>ntique</span> 
     </span>
     <span class='ocr_line' id='line_1_34' title="bbox 311 1434 1060 1482; baseline 0.003 -14"><span class='ocrx_word' id='word_1_152' title='bbox 311 1435 518 1482; x_wconf 79' lang='lat' dir='ltr'>prosperitate</span> <span class='ocrx_word' id='word_1_153' title='bbox 546 1434 715 1473; x_wconf 82' lang='lat' dir='ltr'>relicimur,</span> <span class='ocrx_word' id='word_1_154' title='bbox 750 1443 865 1469; x_wconf 88' lang='lat' dir='ltr'>statum</span> <span class='ocrx_word' id='word_1_155' title='bbox 894 1436 1060 1470; x_wconf 78' lang='lat' dir='ltr'>salubriter</span> 
     </span>
     <span class='ocr_line' id='line_1_35' title="bbox 310 1484 1060 1531; baseline 0.004 -14"><span class='ocrx_word' id='word_1_156' title='bbox 310 1491 339 1518; x_wconf 91' lang='lat' dir='ltr'>et</span> <span class='ocrx_word' id='word_1_157' title='bbox 354 1496 502 1531; x_wconf 83' lang='lat' dir='ltr'>prospere</span> <span class='ocrx_word' id='word_1_158' title='bbox 525 1484 740 1530; x_wconf 81' lang='lat' dir='ltr'>dirigendum,</span> <span class='ocrx_word' id='word_1_159' title='bbox 764 1485 975 1520; x_wconf 80' lang='lat' dir='ltr'>solicitudinis</span> <span class='ocrx_word' id='word_1_160' title='bbox 997 1495 1060 1520; x_wconf 90' lang='lat' dir='ltr'>stu-</span> 
     </span>
     <span class='ocr_line' id='line_1_36' title="bbox 310 1532 1057 1582; baseline 0.004 -15"><span class='ocrx_word' id='word_1_161' title='bbox 310 1532 363 1567; x_wconf 92' lang='lat' dir='ltr'>dio</span> <span class='ocrx_word' id='word_1_162' title='bbox 394 1533 612 1573; x_wconf 77' lang='lat' dir='ltr'>intendamus;</span> <span class='ocrx_word' id='word_1_163' title='bbox 646 1544 675 1568; x_wconf 83' lang='lat' dir='ltr'>et</span> <span class='ocrx_word' id='word_1_164' title='bbox 700 1535 736 1569; x_wconf 93' lang='lat' dir='ltr'>iis</span> <span class='ocrx_word' id='word_1_165' title='bbox 764 1547 844 1582; x_wconf 89' lang='lat' dir='ltr'>quae</span> <span class='ocrx_word' id='word_1_166' title='bbox 872 1535 908 1569; x_wconf 87' lang='lat' dir='ltr'>ad</span> <span class='ocrx_word' id='word_1_167' title='bbox 933 1535 1057 1570; x_wconf 84' lang='lat' dir='ltr'>landem</span> 
     </span>
     <span class='ocr_line' id='line_1_37' title="bbox 310 1582 1059 1631; baseline 0.005 -15"><span class='ocrx_word' id='word_1_168' title='bbox 310 1591 339 1616; x_wconf 90' lang='lat' dir='ltr'>et</span> <span class='ocrx_word' id='word_1_169' title='bbox 361 1583 490 1629; x_wconf 81' lang='lat' dir='ltr'>gloriam</span> <span class='ocrx_word' id='word_1_170' title='bbox 505 1582 600 1618; x_wconf 90' lang='lat' dir='ltr'>divini</span> <span class='ocrx_word' id='word_1_171' title='bbox 625 1584 772 1623; x_wconf 80' lang='lat' dir='ltr'>nominis,</span> <span class='ocrx_word' id='word_1_172' title='bbox 789 1584 933 1631; x_wconf 84' lang='lat' dir='ltr'>sacrique</span> <span class='ocrx_word' id='word_1_173' title='bbox 955 1586 1059 1620; x_wconf 89' lang='lat' dir='ltr'>cultus</span> 
     </span>
     <span class='ocr_line' id='line_1_38' title="bbox 309 1633 1057 1681; baseline 0.005 -15"><span class='ocrx_word' id='word_1_174' title='bbox 309 1641 514 1679; x_wconf 85' lang='lat' dir='ltr'>augmentum</span> <span class='ocrx_word' id='word_1_175' title='bbox 548 1646 584 1668; x_wconf 85' lang='lat' dir='ltr'>ac</span> <span class='ocrx_word' id='word_1_176' title='bbox 611 1633 771 1680; x_wconf 87' lang='lat' dir='ltr'>religionis</span> <span class='ocrx_word' id='word_1_177' title='bbox 801 1634 1057 1681; x_wconf 79' lang='lat' dir='ltr'>propagationem</span> 
     </span>
     <span class='ocr_line' id='line_1_39' title="bbox 310 1681 1058 1732; baseline 0.005 -17"><span class='ocrx_word' id='word_1_178' title='bbox 310 1681 373 1716; x_wconf 92' lang='lat' dir='ltr'>illis</span> <span class='ocrx_word' id='word_1_179' title='bbox 390 1682 552 1729; x_wconf 82' lang='lat' dir='ltr'>profutura</span> <span class='ocrx_word' id='word_1_180' title='bbox 572 1685 797 1729; x_wconf 80' lang='lat' dir='ltr'>cognoscimus</span> <span class='ocrx_word' id='word_1_181' title='bbox 819 1696 910 1730; x_wconf 81' lang='lat' dir='ltr'>opem</span> <span class='ocrx_word' id='word_1_182' title='bbox 934 1693 964 1719; x_wconf 90' lang='lat' dir='ltr'>et</span> <span class='ocrx_word' id='word_1_183' title='bbox 987 1697 1058 1732; x_wconf 88' lang='lat' dir='ltr'>ope-</span> 
     </span>
     <span class='ocr_line' id='line_1_40' title="bbox 309 1733 1058 1780; baseline 0.005 -15"><span class='ocrx_word' id='word_1_184' title='bbox 309 1743 386 1772; x_wconf 88' lang='lat' dir='ltr'>ram,</span> <span class='ocrx_word' id='word_1_185' title='bbox 419 1741 571 1779; x_wconf 85' lang='lat' dir='ltr'>quantum</span> <span class='ocrx_word' id='word_1_186' title='bbox 599 1746 669 1768; x_wconf 80' lang='lat' dir='ltr'>cuin</span> <span class='ocrx_word' id='word_1_187' title='bbox 694 1733 762 1767; x_wconf 83' lang='lat' dir='ltr'>Deo</span> <span class='ocrx_word' id='word_1_188' title='bbox 789 1745 968 1780; x_wconf 90' lang='lat' dir='ltr'>possumus,</span> <span class='ocrx_word' id='word_1_189' title='bbox 996 1734 1058 1769; x_wconf 81' lang='lat' dir='ltr'>iin-</span> 
     </span>
     <span class='ocr_line' id='line_1_41' title="bbox 309 1781 1058 1830; baseline 0.007 -16"><span class='ocrx_word' id='word_1_190' title='bbox 309 1781 477 1827; x_wconf 90' lang='lat' dir='ltr'>pendimus</span> <span class='ocrx_word' id='word_1_191' title='bbox 503 1781 657 1823; x_wconf 80' lang='lat' dir='ltr'>efficaces;</span> <span class='ocrx_word' id='word_1_192' title='bbox 683 1791 714 1817; x_wconf 85' lang='lat' dir='ltr'>nt</span> <span class='ocrx_word' id='word_1_193' title='bbox 729 1795 784 1830; x_wconf 84' lang='lat' dir='ltr'>per</span> <span class='ocrx_word' id='word_1_194' title='bbox 798 1792 922 1817; x_wconf 88' lang='lat' dir='ltr'>nostrae</span> <span class='ocrx_word' id='word_1_195' title='bbox 945 1796 1058 1830; x_wconf 87' lang='lat' dir='ltr'>opera-</span> 
     </span>
     <span class='ocr_line' id='line_1_42' title="bbox 308 1829 1057 1878; baseline 0.005 -14"><span class='ocrx_word' id='word_1_196' title='bbox 308 1829 402 1864; x_wconf 84' lang='lat' dir='ltr'>tionis</span> <span class='ocrx_word' id='word_1_197' title='bbox 437 1831 646 1866; x_wconf 87' lang='lat' dir='ltr'>ministerinm</span> <span class='ocrx_word' id='word_1_198' title='bbox 679 1840 710 1866; x_wconf 79' lang='lat' dir='ltr'>et</span> <span class='ocrx_word' id='word_1_199' title='bbox 747 1832 909 1878; x_wconf 85' lang='lat' dir='ltr'>apostolici</span> <span class='ocrx_word' id='word_1_200' title='bbox 944 1832 1057 1869; x_wconf 86' lang='lat' dir='ltr'>favoris</span> 
     </span>
     <span class='ocr_line' id='line_1_43' title="bbox 308 1880 1057 1928; baseline 0.005 -14"><span class='ocrx_word' id='word_1_201' title='bbox 308 1880 513 1927; x_wconf 89' lang='lat' dir='ltr'>praesidium,</span> <span class='ocrx_word' id='word_1_202' title='bbox 536 1893 689 1928; x_wconf 83' lang='lat' dir='ltr'>personae</span> <span class='ocrx_word' id='word_1_203' title='bbox 713 1882 914 1921; x_wconf 81' lang='lat' dir='ltr'>huiusmodi,</span> <span class='ocrx_word' id='word_1_204' title='bbox 937 1895 1057 1918; x_wconf 86' lang='lat' dir='ltr'>eorum-</span> 
     </span>
     <span class='ocr_line' id='line_1_44' title="bbox 307 1931 1057 1978; baseline 0.005 -15"><span class='ocrx_word' id='word_1_205' title='bbox 307 1940 370 1976; x_wconf 88' lang='lat' dir='ltr'>que</span> <span class='ocrx_word' id='word_1_206' title='bbox 397 1931 583 1965; x_wconf 87' lang='lat' dir='ltr'>monasteria</span> <span class='ocrx_word' id='word_1_207' title='bbox 611 1940 640 1965; x_wconf 91' lang='lat' dir='ltr'>et</span> <span class='ocrx_word' id='word_1_208' title='bbox 676 1933 753 1971; x_wconf 74' lang='lat' dir='ltr'>loca.</span> <span class='ocrx_word' id='word_1_209' title='bbox 788 1932 920 1978; x_wconf 84' lang='lat' dir='ltr'>singulis</span> <span class='ocrx_word' id='word_1_210' title='bbox 951 1932 990 1967; x_wconf 88' lang='lat' dir='ltr'>ab</span> <span class='ocrx_word' id='word_1_211' title='bbox 1012 1933 1057 1967; x_wconf 89' lang='lat' dir='ltr'>eis</span> 
     </span>
     <span class='ocr_line' id='line_1_45' title="bbox 308 1978 1057 2028; baseline 0.007 -16"><span class='ocrx_word' id='word_1_212' title='bbox 308 1978 438 2013; x_wconf 79' lang='lat' dir='ltr'>sublatis</span> <span class='ocrx_word' id='word_1_213' title='bbox 465 1980 653 2027; x_wconf 71' lang='lat' dir='ltr'>dispendiis,</span> <span class='ocrx_word' id='word_1_214' title='bbox 677 1983 836 2028; x_wconf 79' lang='lat' dir='ltr'>prosperis</span> <span class='ocrx_word' id='word_1_215' title='bbox 857 1984 1057 2028; x_wconf 85' lang='lat' dir='ltr'>gratulentur</span> 
     </span>
     <span class='ocr_line' id='line_1_46' title="bbox 308 2028 1056 2079; baseline 0.008 -18"><span class='ocrx_word' id='word_1_216' title='bbox 308 2028 486 2068; x_wconf 79' lang='lat' dir='ltr'>eventibus,</span> <span class='ocrx_word' id='word_1_217' title='bbox 509 2043 543 2063; x_wconf 87' lang='lat' dir='ltr'>ac</span> <span class='ocrx_word' id='word_1_218' title='bbox 567 2031 596 2064; x_wconf 92' lang='lat' dir='ltr'>in</span> <span class='ocrx_word' id='word_1_219' title='bbox 613 2031 828 2077; x_wconf 72' lang='lat' dir='ltr'>spiritualibus</span> <span class='ocrx_word' id='word_1_220' title='bbox 851 2040 880 2065; x_wconf 87' lang='lat' dir='ltr'>et</span> <span class='ocrx_word' id='word_1_221' title='bbox 896 2039 1056 2079; x_wconf 86' lang='lat' dir='ltr'>tempora-</span> 
     </span>
     <span class='ocr_line' id='line_1_47' title="bbox 307 2077 937 2127; baseline 0.006 -16"><span class='ocrx_word' id='word_1_222' title='bbox 307 2077 390 2112; x_wconf 88' lang='lat' dir='ltr'>libus</span> <span class='ocrx_word' id='word_1_223' title='bbox 412 2077 510 2113; x_wconf 87' lang='lat' dir='ltr'>felicia</span> <span class='ocrx_word' id='word_1_224' title='bbox 533 2080 704 2127; x_wconf 84' lang='lat' dir='ltr'>suscipiant</span> <span class='ocrx_word' id='word_1_225' title='bbox 735 2081 937 2116; x_wconf 81' lang='lat' dir='ltr'>incrementa.</span> 
     </span>
    </p>

    <p class='ocr_par' dir='ltr' id='par_1_9' title="bbox 306 2127 1056 2525">
     <span class='ocr_line' id='line_1_48' title="bbox 357 2127 1055 2176; baseline 0.007 -15"><span class='ocrx_word' id='word_1_226' title='bbox 357 2127 377 2174; x_wconf 68' lang='lat' dir='ltr'>S</span> <span class='ocrx_word' id='word_1_227' title='bbox 404 2130 431 2162; x_wconf 80' lang='grc' dir='ltr'>Ι.</span> <span class='ocrx_word' id='word_1_228' title='bbox 455 2127 537 2163; x_wconf 88' lang='lat' dir='ltr'>Sanc</span> <span class='ocrx_word' id='word_1_229' title='bbox 561 2141 615 2176; x_wconf 85' lang='lat' dir='ltr'>pro</span> <span class='ocrx_word' id='word_1_230' title='bbox 643 2138 728 2176; x_wconf 70' lang='lat' dir='ltr'>parte.</span> <span class='ocrx_word' id='word_1_231' title='bbox 757 2130 944 2166; x_wconf 79' lang='lat' dir='ltr'>dilectorum</span> <span class='ocrx_word' id='word_1_232' title='bbox 968 2131 1055 2166; x_wconf 84' lang='lat' dir='ltr'>filio-</span> 
     </span>
     <span class='ocr_line' id='line_1_49' title="bbox 308 2178 1053 2225; baseline 0.009 -15"><span class='ocrx_word' id='word_1_233' title='bbox 308 2188 398 2216; x_wconf 78' lang='lat' dir='ltr'>rum,</span> <span class='ocrx_word' id='word_1_234' title='bbox 434 2178 546 2225; x_wconf 88' lang='lat' dir='ltr'>prioris</span> <span class='ocrx_word' id='word_1_235' title='bbox 579 2187 607 2212; x_wconf 83' lang='lat' dir='ltr'>et</span> <span class='ocrx_word' id='word_1_236' title='bbox 642 2180 768 2214; x_wconf 80' lang='lat' dir='ltr'>fratrum</span> <span class='ocrx_word' id='word_1_237' title='bbox 805 2182 985 2216; x_wconf 85' lang='lat' dir='ltr'>monasterii</span> <span class='ocrx_word' id='word_1_238' title='bbox 1020 2181 1053 2217; x_wconf 93' lang='lat' dir='ltr'>S.</span> 
     </span>
     <span class='ocr_line' id='line_1_50' title="bbox 308 2226 1055 2266; baseline 0.007 -5"><span class='ocrx_word' id='word_1_239' title='bbox 308 2226 467 2262; x_wconf 83' lang='lat' dir='ltr'>Ambrosii</span> <span class='ocrx_word' id='word_1_240' title='bbox 489 2227 526 2262; x_wconf 86' lang='lat' dir='ltr'>ad</span> <span class='ocrx_word' id='word_1_241' title='bbox 556 2228 674 2263; x_wconf 86' lang='lat' dir='ltr'>Nemus</span> <span class='ocrx_word' id='word_1_242' title='bbox 696 2239 779 2264; x_wconf 72' lang='lat' dir='ltr'>extra</span> <span class='ocrx_word' id='word_1_243' title='bbox 804 2243 910 2265; x_wconf 88' lang='lat' dir='ltr'>muros</span> <span class='ocrx_word' id='word_1_244' title='bbox 932 2231 1055 2266; x_wconf 85' lang='lat' dir='ltr'>Medio-</span> 
     </span>
     <span class='ocr_line' id='line_1_51' title="bbox 308 2275 1056 2327; baseline 0.007 -16"><span class='ocrx_word' id='word_1_245' title='bbox 308 2275 465 2317; x_wconf 76' lang='lat' dir='ltr'>lanenses,</span> <span class='ocrx_word' id='word_1_246' title='bbox 486 2278 545 2312; x_wconf 90' lang='lat' dir='ltr'>sub</span> <span class='ocrx_word' id='word_1_247' title='bbox 566 2278 684 2325; x_wconf 82' lang='lat' dir='ltr'>Regula</span> <span class='ocrx_word' id='word_1_248' title='bbox 704 2279 737 2314; x_wconf 83' lang='lat' dir='ltr'>S.</span> <span class='ocrx_word' id='word_1_249' title='bbox 754 2280 922 2326; x_wconf 77' lang='lat' dir='ltr'>Augustini</span> <span class='ocrx_word' id='word_1_250' title='bbox 942 2281 1056 2327; x_wconf 85' lang='lat' dir='ltr'>degen-</span> 
     </span>
     <span class='ocr_line' id='line_1_52' title="bbox 309 2326 1055 2377; baseline 0.007 -16"><span class='ocrx_word' id='word_1_251' title='bbox 309 2326 399 2367; x_wconf 80' lang='lat' dir='ltr'>tium,</span> <span class='ocrx_word' id='word_1_252' title='bbox 426 2327 518 2362; x_wconf 91' lang='lat' dir='ltr'>nobis</span> <span class='ocrx_word' id='word_1_253' title='bbox 547 2341 646 2376; x_wconf 81' lang='lat' dir='ltr'>nuper</span> <span class='ocrx_word' id='word_1_254' title='bbox 672 2329 806 2363; x_wconf 81' lang='lat' dir='ltr'>exhibita</span> <span class='ocrx_word' id='word_1_255' title='bbox 837 2330 945 2377; x_wconf 87' lang='lat' dir='ltr'>petitio</span> <span class='ocrx_word' id='word_1_256' title='bbox 977 2343 1055 2366; x_wconf 92' lang='lat' dir='ltr'>con-</span> 
     </span>
     <span class='ocr_line' id='line_1_53' title="bbox 308 2376 1054 2426; baseline 0.005 -15"><span class='ocrx_word' id='word_1_257' title='bbox 308 2376 436 2422; x_wconf 82' lang='lat' dir='ltr'>tinebat,</span> <span class='ocrx_word' id='word_1_258' title='bbox 452 2377 537 2425; x_wconf 89' lang='lat' dir='ltr'>quod</span> <span class='ocrx_word' id='word_1_259' title='bbox 556 2378 613 2424; x_wconf 80' lang='lat' dir='ltr'>ipsi</span> <span class='ocrx_word' id='word_1_260' title='bbox 634 2387 662 2412; x_wconf 83' lang='lat' dir='ltr'>et</span> <span class='ocrx_word' id='word_1_261' title='bbox 685 2380 734 2412; x_wconf 86' lang='lat' dir='ltr'>alii</span> <span class='ocrx_word' id='word_1_262' title='bbox 760 2380 879 2426; x_wconf 89' lang='lat' dir='ltr'>priores</span> <span class='ocrx_word' id='word_1_263' title='bbox 900 2388 930 2415; x_wconf 88' lang='lat' dir='ltr'>et</span> <span class='ocrx_word' id='word_1_264' title='bbox 946 2380 1054 2415; x_wconf 86' lang='lat' dir='ltr'>fratres</span> 
     </span>
     <span class='ocr_line' id='line_1_54' title="bbox 306 2428 1054 2469; baseline 0.005 -8"><span class='ocrx_word' id='word_1_265' title='bbox 306 2439 437 2461; x_wconf 85' lang='lat' dir='ltr'>suorum</span> <span class='ocrx_word' id='word_1_266' title='bbox 472 2428 605 2462; x_wconf 88' lang='lat' dir='ltr'>aliorum</span> <span class='ocrx_word' id='word_1_267' title='bbox 642 2429 914 2469; x_wconf 84' lang='lat' dir='ltr'>monasteriorum,</span> <span class='ocrx_word' id='word_1_268' title='bbox 942 2429 1054 2465; x_wconf 91' lang='lat' dir='ltr'>domo-</span> 
     </span>
     <span class='ocr_line' id='line_1_55' title="bbox 308 2477 1054 2525; baseline 0.005 -14"><span class='ocrx_word' id='word_1_269' title='bbox 308 2488 375 2511; x_wconf 90' lang='lat' dir='ltr'>rum</span> <span class='ocrx_word' id='word_1_270' title='bbox 395 2485 424 2511; x_wconf 87' lang='lat' dir='ltr'>et</span> <span class='ocrx_word' id='word_1_271' title='bbox 446 2477 598 2518; x_wconf 77' lang='lat' dir='ltr'>locorum,</span> <span class='ocrx_word' id='word_1_272' title='bbox 621 2478 673 2524; x_wconf 87' lang='lat' dir='ltr'>qui</span> <span class='ocrx_word' id='word_1_273' title='bbox 697 2478 757 2513; x_wconf 90' lang='lat' dir='ltr'>sub</span> <span class='ocrx_word' id='word_1_274' title='bbox 785 2478 918 2525; x_wconf 81' lang='lat' dir='ltr'>regulari</span> <span class='ocrx_word' id='word_1_275' title='bbox 946 2479 1054 2515; x_wconf 88' lang='lat' dir='ltr'>obser-</span> 
     </span>
    </p>
   </div>
   <div class='ocr_carea' id='block_1_9' title="bbox 306 2531 1053 2690">
    <p class='ocr_par' dir='ltr' id='par_1_10' title="bbox 306 2531 1053 2690">
     <span class='ocr_line' id='line_1_56' title="bbox 308 2531 1053 2579; baseline 0.005 -14"><span class='ocrx_word' id='word_1_276' title='bbox 308 2531 409 2566; x_wconf 87' lang='lat' dir='ltr'>vantia</span> <span class='ocrx_word' id='word_1_277' title='bbox 436 2531 536 2566; x_wconf 86' lang='lat' dir='ltr'>dictae</span> <span class='ocrx_word' id='word_1_278' title='bbox 549 2531 691 2579; x_wconf 82' lang='lat' dir='ltr'>Regulae</span> <span class='ocrx_word' id='word_1_279' title='bbox 720 2533 873 2575; x_wconf 86' lang='lat' dir='ltr'>viventes,</span> <span class='ocrx_word' id='word_1_280' title='bbox 902 2534 995 2568; x_wconf 89' lang='lat' dir='ltr'>variis</span> <span class='ocrx_word' id='word_1_281' title='bbox 1023 2543 1053 2569; x_wconf 88' lang='lat' dir='ltr'>et</span> 
     </span>
     <span class='ocr_line' id='line_1_57' title="bbox 306 2585 1053 2635; baseline 0.005 -15"><span class='ocrx_word' id='word_1_282' title='bbox 306 2585 436 2620; x_wconf 82' lang='lat' dir='ltr'>diversis</span> <span class='ocrx_word' id='word_1_283' title='bbox 458 2585 611 2621; x_wconf 84' lang='lat' dir='ltr'>hactenus</span> <span class='ocrx_word' id='word_1_284' title='bbox 632 2587 919 2634; x_wconf 87' lang='lat' dir='ltr'>multiplicaverunt</span> <span class='ocrx_word' id='word_1_285' title='bbox 944 2590 1053 2635; x_wconf 89' lang='lat' dir='ltr'>(prout</span> 
     </span>
     <span class='ocr_line' id='line_1_58' title="bbox 307 2639 1053 2690; baseline 0.003 -14"><span class='ocrx_word' id='word_1_286' title='bbox 307 2639 338 2676; x_wconf 87' lang='lat' dir='ltr'>in</span> <span class='ocrx_word' id='word_1_287' title='bbox 360 2640 427 2677; x_wconf 86' lang='lat' dir='ltr'>dies</span> <span class='ocrx_word' id='word_1_288' title='bbox 449 2640 670 2690; x_wconf 78' lang='lat' dir='ltr'>multiplicant)</span> <span class='ocrx_word' id='word_1_289' title='bbox 689 2641 838 2677; x_wconf 85' lang='lat' dir='ltr'>virtutum</span> <span class='ocrx_word' id='word_1_290' title='bbox 863 2642 995 2685; x_wconf 87' lang='lat' dir='ltr'>meritis,</span> <span class='ocrx_word' id='word_1_291' title='bbox 1018 2655 1053 2678; x_wconf 87' lang='lat' dir='ltr'>ac</span> 
     </span>
    </p>
   </div>
   <div class='ocr_carea' id='block_1_10' title="bbox 1757 248 1802 281">
    <p class='ocr_par' dir='ltr' id='par_1_11' title="bbox 1757 248 1802 281">
     <span class='ocr_line' id='line_1_59' title="bbox 1757 248 1802 281; baseline 0 0"><span class='ocrx_word' id='word_1_292' title='bbox 1757 248 1802 281; x_wconf 74' lang='lat'>53</span> 
     </span>
    </p>
   </div>
   <div class='ocr_carea' id='block_1_11' title="bbox 1095 312 2043 2145">
    <p class='ocr_par' dir='ltr' id='par_1_12' title="bbox 1104 312 1852 558">
     <span class='ocr_line' id='line_1_60' title="bbox 1106 312 1851 361; baseline 0 -13"><span class='ocrx_word' id='word_1_293' title='bbox 1106 314 1210 361; x_wconf 88' lang='lat' dir='ltr'>plures</span> <span class='ocrx_word' id='word_1_294' title='bbox 1226 313 1392 356; x_wconf 82' lang='lat' dir='ltr'>Ecclesias,</span> <span class='ocrx_word' id='word_1_295' title='bbox 1409 312 1608 352; x_wconf 77' lang='lat' dir='ltr'>monasteria,</span> <span class='ocrx_word' id='word_1_296' title='bbox 1627 312 1738 347; x_wconf 92' lang='lat' dir='ltr'>domos</span> <span class='ocrx_word' id='word_1_297' title='bbox 1758 321 1851 360; x_wconf 90' lang='lat' dir='ltr'>atqne</span> 
     </span>
     <span class='ocr_line' id='line_1_61' title="bbox 1106 361 1852 408; baseline -0.001 -11"><span class='ocrx_word' id='word_1_298' title='bbox 1106 365 1168 398; x_wconf 88' lang='lat' dir='ltr'>loca</span> <span class='ocrx_word' id='word_1_299' title='bbox 1195 365 1224 398; x_wconf 91' lang='lat' dir='ltr'>in</span> <span class='ocrx_word' id='word_1_300' title='bbox 1243 363 1373 397; x_wconf 89' lang='lat' dir='ltr'>diversis</span> <span class='ocrx_word' id='word_1_301' title='bbox 1393 362 1495 396; x_wconf 85' lang='lat' dir='ltr'>ltaliae</span> <span class='ocrx_word' id='word_1_302' title='bbox 1519 361 1658 408; x_wconf 85' lang='lat' dir='ltr'>partibus</span> <span class='ocrx_word' id='word_1_303' title='bbox 1680 362 1852 397; x_wconf 85' lang='lat' dir='ltr'>consisten-</span> 
     </span>
     <span class='ocr_line' id='line_1_62' title="bbox 1105 411 1851 458; baseline 0.001 -12"><span class='ocrx_word' id='word_1_304' title='bbox 1105 414 1144 447; x_wconf 86' lang='lat' dir='ltr'>tia</span> <span class='ocrx_word' id='word_1_305' title='bbox 1158 413 1290 448; x_wconf 85' lang='lat' dir='ltr'>assecuti</span> <span class='ocrx_word' id='word_1_306' title='bbox 1306 412 1445 455; x_wconf 85' lang='lat' dir='ltr'>fuerunt,</span> <span class='ocrx_word' id='word_1_307' title='bbox 1460 411 1519 446; x_wconf 90' lang='lat' dir='ltr'>sub</span> <span class='ocrx_word' id='word_1_308' title='bbox 1534 411 1692 446; x_wconf 85' lang='lat' dir='ltr'>charitatis</span> <span class='ocrx_word' id='word_1_309' title='bbox 1706 419 1734 445; x_wconf 88' lang='lat' dir='ltr'>et</span> <span class='ocrx_word' id='word_1_310' title='bbox 1751 411 1851 458; x_wconf 84' lang='lat' dir='ltr'>ipsius</span> 
     </span>
     <span class='ocr_line' id='line_1_63' title="bbox 1104 460 1852 500; baseline -0.001 -4"><span class='ocrx_word' id='word_1_311' title='bbox 1104 462 1320 497; x_wconf 80' lang='lat' dir='ltr'>observantiae</span> <span class='ocrx_word' id='word_1_312' title='bbox 1357 461 1473 496; x_wconf 91' lang='lat' dir='ltr'>unione</span> <span class='ocrx_word' id='word_1_313' title='bbox 1510 461 1681 500; x_wconf 75' lang='lat' dir='ltr'>virtutum,</span> <span class='ocrx_word' id='word_1_314' title='bbox 1714 460 1852 495; x_wconf 83' lang='lat' dir='ltr'>Domino</span> 
     </span>
     <span class='ocr_line' id='line_1_64' title="bbox 1105 509 1848 558; baseline 0.003 -15"><span class='ocrx_word' id='word_1_315' title='bbox 1105 521 1255 558; x_wconf 82' lang='lat' dir='ltr'>perpetuo</span> <span class='ocrx_word' id='word_1_316' title='bbox 1289 511 1430 546; x_wconf 85' lang='lat' dir='ltr'>famulari</span> <span class='ocrx_word' id='word_1_317' title='bbox 1468 510 1639 545; x_wconf 80' lang='lat' dir='ltr'>ferventius</span> <span class='ocrx_word' id='word_1_318' title='bbox 1661 509 1848 545; x_wconf 85' lang='lat' dir='ltr'>desiderant.</span> 
     </span>
    </p>

    <p class='ocr_par' dir='ltr' id='par_1_13' title="bbox 1097 559 1852 1933">
     <span class='ocr_line' id='line_1_65' title="bbox 1151 559 1852 607; baseline -0.001 -13"><span class='ocrx_word' id='word_1_319' title='bbox 1151 565 1166 604; x_wconf 66' lang='grc' dir='ltr'><strong>ἓ</strong></span> <span class='ocrx_word' id='word_1_320' title='bbox 1189 563 1220 594; x_wconf 81' lang='lat'>2.</span> <span class='ocrx_word' id='word_1_321' title='bbox 1245 561 1309 596; x_wconf 91' lang='lat' dir='ltr'>Nos</span> <span class='ocrx_word' id='word_1_322' title='bbox 1325 561 1427 607; x_wconf 81' lang='lat' dir='ltr'>igitur,</span> <span class='ocrx_word' id='word_1_323' title='bbox 1454 561 1507 607; x_wconf 92' lang='lat' dir='ltr'>qui</span> <span class='ocrx_word' id='word_1_324' title='bbox 1529 559 1625 594; x_wconf 89' lang='lat' dir='ltr'>divini</span> <span class='ocrx_word' id='word_1_325' title='bbox 1647 559 1752 594; x_wconf 89' lang='lat' dir='ltr'>cultus</span> <span class='ocrx_word' id='word_1_326' title='bbox 1772 572 1852 606; x_wconf 84' lang='lat' dir='ltr'>aug-</span> 
     </span>
     <span class='ocr_line' id='line_1_66' title="bbox 1105 609 1852 657; baseline 0 -13"><span class='ocrx_word' id='word_1_327' title='bbox 1105 619 1242 644; x_wconf 85' lang='lat' dir='ltr'>mentum</span> <span class='ocrx_word' id='word_1_328' title='bbox 1271 619 1301 647; x_wconf 90' lang='lat' dir='ltr'>et</span> <span class='ocrx_word' id='word_1_329' title='bbox 1323 610 1480 657; x_wconf 82' lang='lat' dir='ltr'>religionis</span> <span class='ocrx_word' id='word_1_330' title='bbox 1509 609 1763 656; x_wconf 87' lang='lat' dir='ltr'>propagationem</span> <span class='ocrx_word' id='word_1_331' title='bbox 1788 610 1852 644; x_wconf 90' lang='lat' dir='ltr'>ubi-</span> 
     </span>
     <span class='ocr_line' id='line_1_67' title="bbox 1103 658 1852 706; baseline 0.001 -13"><span class='ocrx_word' id='word_1_332' title='bbox 1103 672 1163 706; x_wconf 82' lang='lat' dir='ltr'>que</span> <span class='ocrx_word' id='word_1_333' title='bbox 1180 659 1334 700; x_wconf 84' lang='lat' dir='ltr'>locorum,</span> <span class='ocrx_word' id='word_1_334' title='bbox 1349 659 1462 694; x_wconf 86' lang='lat' dir='ltr'>nostris</span> <span class='ocrx_word' id='word_1_335' title='bbox 1478 659 1640 705; x_wconf 81' lang='lat' dir='ltr'>potissime</span> <span class='ocrx_word' id='word_1_336' title='bbox 1657 658 1852 706; x_wconf 87' lang='lat' dir='ltr'>temporibus</span> 
     </span>
     <span class='ocr_line' id='line_1_68' title="bbox 1102 708 1851 755; baseline 0.001 -14"><span class='ocrx_word' id='word_1_337' title='bbox 1102 710 1207 755; x_wconf 80' lang='lat' dir='ltr'>angeri</span> <span class='ocrx_word' id='word_1_338' title='bbox 1233 709 1364 743; x_wconf 86' lang='lat' dir='ltr'>intensis</span> <span class='ocrx_word' id='word_1_339' title='bbox 1386 708 1552 743; x_wconf 83' lang='lat' dir='ltr'>desideriis</span> <span class='ocrx_word' id='word_1_340' title='bbox 1578 708 1774 748; x_wconf 76' lang='lat' dir='ltr'>affectamus,</span> <span class='ocrx_word' id='word_1_341' title='bbox 1802 709 1851 743; x_wconf 92' lang='lat' dir='ltr'>di—</span> 
     </span>
     <span class='ocr_line' id='line_1_69' title="bbox 1104 757 1850 802; baseline 0.001 -11"><span class='ocrx_word' id='word_1_342' title='bbox 1104 759 1245 802; x_wconf 89' lang='lat' dir='ltr'>rectioni,</span> <span class='ocrx_word' id='word_1_343' title='bbox 1280 760 1373 793; x_wconf 88' lang='lat' dir='ltr'>statui</span> <span class='ocrx_word' id='word_1_344' title='bbox 1402 768 1431 792; x_wconf 89' lang='lat' dir='ltr'>et</span> <span class='ocrx_word' id='word_1_345' title='bbox 1459 759 1686 793; x_wconf 80' lang='lat' dir='ltr'>conservationi</span> <span class='ocrx_word' id='word_1_346' title='bbox 1723 757 1850 792; x_wconf 77' lang='lat' dir='ltr'>fratrum</span> 
     </span>
     <span class='ocr_line' id='line_1_70' title="bbox 1104 807 1851 855; baseline 0 -14"><span class='ocrx_word' id='word_1_347' title='bbox 1104 807 1284 842; x_wconf 82' lang='lat' dir='ltr'>huiusmodi</span> <span class='ocrx_word' id='word_1_348' title='bbox 1309 808 1472 855; x_wconf 78' lang='lat' dir='ltr'>providere</span> <span class='ocrx_word' id='word_1_349' title='bbox 1496 807 1648 854; x_wconf 82' lang='lat' dir='ltr'>volentes,</span> <span class='ocrx_word' id='word_1_350' title='bbox 1663 819 1699 842; x_wconf 89' lang='lat' dir='ltr'>ac</span> <span class='ocrx_word' id='word_1_351' title='bbox 1715 819 1851 854; x_wconf 74' lang='lat' dir='ltr'>speran-</span> 
     </span>
     <span class='ocr_line' id='line_1_71' title="bbox 1104 856 1851 904; baseline -0.001 -13"><span class='ocrx_word' id='word_1_352' title='bbox 1104 866 1150 891; x_wconf 86' lang='lat' dir='ltr'>tes</span> <span class='ocrx_word' id='word_1_353' title='bbox 1178 856 1261 904; x_wconf 90' lang='lat' dir='ltr'>qnod</span> <span class='ocrx_word' id='word_1_354' title='bbox 1286 870 1321 892; x_wconf 86' lang='lat' dir='ltr'>cx</span> <span class='ocrx_word' id='word_1_355' title='bbox 1345 869 1452 892; x_wconf 83' lang='lat' dir='ltr'>eorum</span> <span class='ocrx_word' id='word_1_356' title='bbox 1478 857 1534 891; x_wconf 84' lang='lat' dir='ltr'>vita</span> <span class='ocrx_word' id='word_1_357' title='bbox 1558 856 1705 893; x_wconf 83' lang='lat' dir='ltr'>laudabili</span> <span class='ocrx_word' id='word_1_358' title='bbox 1733 867 1762 891; x_wconf 86' lang='lat' dir='ltr'>et</span> <span class='ocrx_word' id='word_1_359' title='bbox 1786 857 1851 891; x_wconf 92' lang='lat' dir='ltr'>fru-</span> 
     </span>
     <span class='ocr_line' id='line_1_72' title="bbox 1102 906 1851 953; baseline 0.001 -14"><span class='ocrx_word' id='word_1_360' title='bbox 1102 907 1221 940; x_wconf 87' lang='lat' dir='ltr'>ctuosis</span> <span class='ocrx_word' id='word_1_361' title='bbox 1244 906 1412 953; x_wconf 80' lang='lat' dir='ltr'>operibus,</span> <span class='ocrx_word' id='word_1_362' title='bbox 1441 906 1616 953; x_wconf 81' lang='lat' dir='ltr'>praedicta,</span> <span class='ocrx_word' id='word_1_363' title='bbox 1645 918 1765 941; x_wconf 90' lang='lat' dir='ltr'>necnon</span> <span class='ocrx_word' id='word_1_364' title='bbox 1794 907 1851 941; x_wconf 86' lang='lat' dir='ltr'>alia</span> 
     </span>
     <span class='ocr_line' id='line_1_73' title="bbox 1102 955 1852 991; baseline 0.001 -2"><span class='ocrx_word' id='word_1_365' title='bbox 1102 955 1148 989; x_wconf 89' lang='lat' dir='ltr'>eis</span> <span class='ocrx_word' id='word_1_366' title='bbox 1170 955 1273 990; x_wconf 80' lang='lat' dir='ltr'>forsan</span> <span class='ocrx_word' id='word_1_367' title='bbox 1302 956 1340 990; x_wconf 89' lang='lat' dir='ltr'>de</span> <span class='ocrx_word' id='word_1_368' title='bbox 1362 964 1485 990; x_wconf 84' lang='lat' dir='ltr'>caetero</span> <span class='ocrx_word' id='word_1_369' title='bbox 1508 955 1710 991; x_wconf 87' lang='lat' dir='ltr'>concedenda</span> <span class='ocrx_word' id='word_1_370' title='bbox 1741 968 1852 990; x_wconf 88' lang='lat' dir='ltr'>mona-</span> 
     </span>
     <span class='ocr_line' id='line_1_74' title="bbox 1102 1004 1852 1053; baseline 0.003 -15"><span class='ocrx_word' id='word_1_371' title='bbox 1102 1005 1206 1049; x_wconf 83' lang='lat' dir='ltr'>steria,</span> <span class='ocrx_word' id='word_1_372' title='bbox 1230 1004 1344 1040; x_wconf 86' lang='lat' dir='ltr'>doinus</span> <span class='ocrx_word' id='word_1_373' title='bbox 1366 1014 1458 1053; x_wconf 82' lang='lat' dir='ltr'>atque</span> <span class='ocrx_word' id='word_1_374' title='bbox 1481 1005 1560 1049; x_wconf 83' lang='lat' dir='ltr'>loca,</span> <span class='ocrx_word' id='word_1_375' title='bbox 1581 1006 1610 1040; x_wconf 91' lang='lat' dir='ltr'>in</span> <span class='ocrx_word' id='word_1_376' title='bbox 1633 1005 1852 1052; x_wconf 85' lang='lat' dir='ltr'>spiritualibus</span> 
     </span>
     <span class='ocr_line' id='line_1_75' title="bbox 1102 1054 1851 1101; baseline 0.004 -14"><span class='ocrx_word' id='word_1_377' title='bbox 1102 1062 1131 1088; x_wconf 84' lang='lat' dir='ltr'>et</span> <span class='ocrx_word' id='word_1_378' title='bbox 1148 1054 1388 1101; x_wconf 83' lang='lat' dir='ltr'>temporalibus,</span> <span class='ocrx_word' id='word_1_379' title='bbox 1412 1067 1580 1101; x_wconf 85' lang='lat' dir='ltr'>prosperos</span> <span class='ocrx_word' id='word_1_380' title='bbox 1598 1063 1628 1089; x_wconf 89' lang='lat' dir='ltr'>et</span> <span class='ocrx_word' id='word_1_381' title='bbox 1651 1055 1758 1089; x_wconf 84' lang='lat' dir='ltr'>felices</span> <span class='ocrx_word' id='word_1_382' title='bbox 1772 1067 1851 1090; x_wconf 90' lang='lat' dir='ltr'>snc-</span> 
     </span>
     <span class='ocr_line' id='line_1_76' title="bbox 1102 1103 1850 1152; baseline 0.001 -15"><span class='ocrx_word' id='word_1_383' title='bbox 1102 1115 1221 1146; x_wconf 89' lang='lat' dir='ltr'>cessus⁷</span> <span class='ocrx_word' id='word_1_384' title='bbox 1245 1104 1338 1138; x_wconf 83' lang='lat' dir='ltr'>dante</span> <span class='ocrx_word' id='word_1_385' title='bbox 1360 1103 1510 1147; x_wconf 81' lang='lat' dir='ltr'>Domine,</span> <span class='ocrx_word' id='word_1_386' title='bbox 1538 1113 1789 1152; x_wconf 75' lang='lat' dir='ltr'>consequentur,</span> <span class='ocrx_word' id='word_1_387' title='bbox 1817 1114 1850 1139; x_wconf 90' lang='lat' dir='ltr'>nt</span> 
     </span>
     <span class='ocr_line' id='line_1_77' title="bbox 1102 1152 1852 1199; baseline 0.003 -13"><span class='ocrx_word' id='word_1_388' title='bbox 1102 1152 1160 1199; x_wconf 89' lang='lat' dir='ltr'>ipsi</span> <span class='ocrx_word' id='word_1_389' title='bbox 1186 1153 1295 1187; x_wconf 85' lang='lat' dir='ltr'>fratres</span> <span class='ocrx_word' id='word_1_390' title='bbox 1322 1166 1359 1187; x_wconf 86' lang='lat' dir='ltr'>eo</span> <span class='ocrx_word' id='word_1_391' title='bbox 1386 1154 1558 1188; x_wconf 85' lang='lat' dir='ltr'>ferventius</span> <span class='ocrx_word' id='word_1_392' title='bbox 1584 1163 1613 1189; x_wconf 90' lang='lat' dir='ltr'>et</span> <span class='ocrx_word' id='word_1_393' title='bbox 1635 1154 1779 1188; x_wconf 89' lang='lat' dir='ltr'>devotius</span> <span class='ocrx_word' id='word_1_394' title='bbox 1811 1154 1852 1188; x_wconf 86' lang='lat' dir='ltr'>di-</span> 
     </span>
     <span class='ocr_line' id='line_1_78' title="bbox 1103 1203 1852 1251; baseline 0.004 -16"><span class='ocrx_word' id='word_1_395' title='bbox 1103 1203 1181 1236; x_wconf 92' lang='lat' dir='ltr'>vinis</span> <span class='ocrx_word' id='word_1_396' title='bbox 1205 1203 1407 1250; x_wconf 86' lang='lat' dir='ltr'>beneplacitis</span> <span class='ocrx_word' id='word_1_397' title='bbox 1425 1215 1459 1237; x_wconf 87' lang='lat' dir='ltr'>se</span> <span class='ocrx_word' id='word_1_398' title='bbox 1476 1212 1633 1250; x_wconf 84' lang='lat' dir='ltr'>coaptent,</span> <span class='ocrx_word' id='word_1_399' title='bbox 1655 1215 1717 1251; x_wconf 90' lang='lat' dir='ltr'>quo</span> <span class='ocrx_word' id='word_1_400' title='bbox 1739 1216 1773 1238; x_wconf 90' lang='lat' dir='ltr'>se</span> <span class='ocrx_word' id='word_1_401' title='bbox 1797 1216 1852 1249; x_wconf 82' lang='lat' dir='ltr'>per</span> 
     </span>
     <span class='ocr_line' id='line_1_79' title="bbox 1102 1252 1852 1300; baseline 0.001 -14"><span class='ocrx_word' id='word_1_402' title='bbox 1102 1264 1159 1286; x_wconf 89' lang='lat' dir='ltr'>nos</span> <span class='ocrx_word' id='word_1_403' title='bbox 1193 1261 1222 1285; x_wconf 79' lang='lat' dir='ltr'>et</span> <span class='ocrx_word' id='word_1_404' title='bbox 1258 1252 1371 1287; x_wconf 73' lang='lat' dir='ltr'>Sedent</span> <span class='ocrx_word' id='word_1_405' title='bbox 1406 1253 1617 1300; x_wconf 84' lang='lat' dir='ltr'>Apostolicam</span> <span class='ocrx_word' id='word_1_406' title='bbox 1662 1253 1852 1300; x_wconf 88' lang='lat' dir='ltr'>specialibus</span> 
     </span>
     <span class='ocr_line' id='line_1_80' title="bbox 1100 1302 1852 1349; baseline 0.004 -15"><span class='ocrx_word' id='word_1_407' title='bbox 1100 1302 1208 1346; x_wconf 83' lang='lat' dir='ltr'>gratiis</span> <span class='ocrx_word' id='word_1_408' title='bbox 1231 1303 1367 1336; x_wconf 82' lang='lat' dir='ltr'>munitos</span> <span class='ocrx_word' id='word_1_409' title='bbox 1391 1302 1455 1336; x_wconf 86' lang='lat' dir='ltr'>fore</span> <span class='ocrx_word' id='word_1_410' title='bbox 1474 1303 1706 1349; x_wconf 78' lang='lat' dir='ltr'>conspexerint,</span> <span class='ocrx_word' id='word_1_411' title='bbox 1730 1315 1852 1337; x_wconf 77' lang='lat' dir='ltr'>eorum-</span> 
     </span>
     <span class='ocr_line' id='line_1_81' title="bbox 1100 1352 1851 1400; baseline 0.004 -16"><span class='ocrx_word' id='word_1_412' title='bbox 1100 1352 1170 1386; x_wconf 71' lang='lat' dir='ltr'>dem</span> <span class='ocrx_word' id='word_1_413' title='bbox 1196 1352 1309 1398; x_wconf 82' lang='lat' dir='ltr'>prioris</span> <span class='ocrx_word' id='word_1_414' title='bbox 1330 1361 1359 1386; x_wconf 87' lang='lat' dir='ltr'>et</span> <span class='ocrx_word' id='word_1_415' title='bbox 1383 1352 1510 1387; x_wconf 86' lang='lat' dir='ltr'>fratrum</span> <span class='ocrx_word' id='word_1_416' title='bbox 1532 1352 1560 1386; x_wconf 89' lang='lat' dir='ltr'>in</span> <span class='ocrx_word' id='word_1_417' title='bbox 1584 1352 1641 1387; x_wconf 88' lang='lat' dir='ltr'>bac</span> <span class='ocrx_word' id='word_1_418' title='bbox 1665 1361 1751 1399; x_wconf 84' lang='lat' dir='ltr'>parte</span> <span class='ocrx_word' id='word_1_419' title='bbox 1773 1365 1851 1400; x_wconf 86' lang='lat' dir='ltr'>sup-</span> 
     </span>
     <span class='ocr_line' id='line_1_82' title="bbox 1102 1400 1851 1449; baseline 0.003 -15"><span class='ocrx_word' id='word_1_420' title='bbox 1102 1400 1324 1447; x_wconf 82' lang='lat' dir='ltr'>plicationibus</span> <span class='ocrx_word' id='word_1_421' title='bbox 1346 1402 1505 1440; x_wconf 76' lang='lat' dir='ltr'>inclinati.</span> <span class='ocrx_word' id='word_1_422' title='bbox 1532 1402 1615 1449; x_wconf 91' lang='lat' dir='ltr'>quod</span> <span class='ocrx_word' id='word_1_423' title='bbox 1646 1402 1703 1448; x_wconf 84' lang='lat' dir='ltr'>ipsi</span> <span class='ocrx_word' id='word_1_424' title='bbox 1725 1415 1760 1437; x_wconf 89' lang='lat' dir='ltr'>ac</span> <span class='ocrx_word' id='word_1_425' title='bbox 1782 1415 1851 1436; x_wconf 85' lang='lat' dir='ltr'>oin-</span> 
     </span>
     <span class='ocr_line' id='line_1_83' title="bbox 1100 1451 1850 1497; baseline 0.003 -13"><span class='ocrx_word' id='word_1_426' title='bbox 1100 1462 1156 1484; x_wconf 88' lang='lat' dir='ltr'>nes</span> <span class='ocrx_word' id='word_1_427' title='bbox 1178 1460 1207 1485; x_wconf 87' lang='lat' dir='ltr'>et</span> <span class='ocrx_word' id='word_1_428' title='bbox 1230 1451 1345 1497; x_wconf 80' lang='lat' dir='ltr'>singuli</span> <span class='ocrx_word' id='word_1_429' title='bbox 1370 1452 1398 1486; x_wconf 92' lang='lat' dir='ltr'>in</span> <span class='ocrx_word' id='word_1_430' title='bbox 1418 1453 1627 1492; x_wconf 83' lang='lat' dir='ltr'>monasteriis,</span> <span class='ocrx_word' id='word_1_431' title='bbox 1649 1451 1798 1486; x_wconf 84' lang='lat' dir='ltr'>domibus</span> <span class='ocrx_word' id='word_1_432' title='bbox 1817 1465 1850 1486; x_wconf 79' lang='lat' dir='ltr'>ae</span> 
     </span>
     <span class='ocr_line' id='line_1_84' title="bbox 1101 1500 1850 1548; baseline 0.004 -15"><span class='ocrx_word' id='word_1_433' title='bbox 1101 1500 1178 1534; x_wconf 86' lang='lat' dir='ltr'>locis</span> <span class='ocrx_word' id='word_1_434' title='bbox 1194 1501 1362 1547; x_wconf 86' lang='lat' dir='ltr'>praedictis</span> <span class='ocrx_word' id='word_1_435' title='bbox 1381 1513 1436 1548; x_wconf 88' lang='lat' dir='ltr'>pro</span> <span class='ocrx_word' id='word_1_436' title='bbox 1459 1510 1599 1548; x_wconf 83' lang='lat' dir='ltr'>tempore</span> <span class='ocrx_word' id='word_1_437' title='bbox 1618 1511 1850 1536; x_wconf 79' lang='lat' dir='ltr'>commorantes</span> 
     </span>
     <span class='ocr_line' id='line_1_85' title="bbox 1099 1548 1850 1598; baseline 0.001 -14"><span class='ocrx_word' id='word_1_438' title='bbox 1099 1548 1221 1590; x_wconf 80' lang='lat' dir='ltr'>fratres,</span> <span class='ocrx_word' id='word_1_439' title='bbox 1243 1563 1339 1585; x_wconf 89' lang='lat' dir='ltr'>unum</span> <span class='ocrx_word' id='word_1_440' title='bbox 1363 1563 1477 1598; x_wconf 85' lang='lat' dir='ltr'>corpus</span> <span class='ocrx_word' id='word_1_441' title='bbox 1499 1560 1528 1585; x_wconf 87' lang='lat' dir='ltr'>et</span> <span class='ocrx_word' id='word_1_442' title='bbox 1554 1564 1613 1585; x_wconf 90' lang='lat' dir='ltr'>nna</span> <span class='ocrx_word' id='word_1_443' title='bbox 1636 1552 1850 1597; x_wconf 79' lang='lat' dir='ltr'>congregatio,</span> 
     </span>
     <span class='ocr_line' id='line_1_86' title="bbox 1098 1599 1848 1647; baseline 0.004 -15"><span class='ocrx_word' id='word_1_444' title='bbox 1098 1599 1182 1645; x_wconf 90' lang='lat' dir='ltr'>quod</span> <span class='ocrx_word' id='word_1_445' title='bbox 1219 1612 1272 1634; x_wconf 92' lang='lat' dir='ltr'>seu</span> <span class='ocrx_word' id='word_1_446' title='bbox 1301 1613 1381 1647; x_wconf 86' lang='lat' dir='ltr'>qnae</span> <span class='ocrx_word' id='word_1_447' title='bbox 1416 1601 1616 1647; x_wconf 80' lang='lat' dir='ltr'>congregatio</span> <span class='ocrx_word' id='word_1_448' title='bbox 1650 1600 1779 1635; x_wconf 87' lang='lat' dir='ltr'>fratrum</span> <span class='ocrx_word' id='word_1_449' title='bbox 1814 1601 1848 1636; x_wconf 91' lang='lat' dir='ltr'>S.</span> 
     </span>
     <span class='ocr_line' id='line_1_87' title="bbox 1097 1648 1849 1685; baseline 0.003 -2"><span class='ocrx_word' id='word_1_450' title='bbox 1097 1648 1256 1684; x_wconf 82' lang='lat' dir='ltr'>Ambrosii</span> <span class='ocrx_word' id='word_1_451' title='bbox 1285 1651 1321 1684; x_wconf 79' lang='lat' dir='ltr'>:td</span> <span class='ocrx_word' id='word_1_452' title='bbox 1349 1650 1470 1685; x_wconf 90' lang='lat' dir='ltr'>Nemus</span> <span class='ocrx_word' id='word_1_453' title='bbox 1498 1650 1732 1685; x_wconf 84' lang='lat' dir='ltr'>Mediolanense</span> <span class='ocrx_word' id='word_1_454' title='bbox 1769 1664 1849 1685; x_wconf 89' lang='lat' dir='ltr'>nnn-</span> 
     </span>
     <span class='ocr_line' id='line_1_88' title="bbox 1097 1700 1850 1747; baseline 0.003 -15"><span class='ocrx_word' id='word_1_455' title='bbox 1097 1708 1243 1745; x_wconf 87' lang='lat' dir='ltr'>cupctur,</span> <span class='ocrx_word' id='word_1_456' title='bbox 1278 1709 1441 1735; x_wconf 89' lang='lat' dir='ltr'>eteorum</span> <span class='ocrx_word' id='word_1_457' title='bbox 1475 1700 1606 1747; x_wconf 88' lang='lat' dir='ltr'>quilibet</span> <span class='ocrx_word' id='word_1_458' title='bbox 1637 1700 1732 1735; x_wconf 89' lang='lat' dir='ltr'>frater</span> <span class='ocrx_word' id='word_1_459' title='bbox 1766 1701 1850 1735; x_wconf 85' lang='lat' dir='ltr'>illius</span> 
     </span>
     <span class='ocr_line' id='line_1_89' title="bbox 1099 1750 1847 1797; baseline 0.004 -16"><span class='ocrx_word' id='word_1_460' title='bbox 1099 1750 1293 1788; x_wconf 85' lang='lat' dir='ltr'>monasterii,</span> <span class='ocrx_word' id='word_1_461' title='bbox 1328 1750 1440 1784; x_wconf 81' lang='lat' dir='ltr'>(lomus</span> <span class='ocrx_word' id='word_1_462' title='bbox 1464 1762 1518 1784; x_wconf 90' lang='lat' dir='ltr'>seu</span> <span class='ocrx_word' id='word_1_463' title='bbox 1547 1750 1619 1790; x_wconf 84' lang='lat' dir='ltr'>loci,</span> <span class='ocrx_word' id='word_1_464' title='bbox 1651 1751 1680 1783; x_wconf 91' lang='lat' dir='ltr'>in</span> <span class='ocrx_word' id='word_1_465' title='bbox 1708 1762 1772 1797; x_wconf 89' lang='lat' dir='ltr'>quo</span> <span class='ocrx_word' id='word_1_466' title='bbox 1799 1751 1847 1785; x_wconf 82' lang='lat' dir='ltr'>vel</span> 
     </span>
     <span class='ocr_line' id='line_1_90' title="bbox 1102 1797 1848 1847; baseline 0.004 -16"><span class='ocrx_word' id='word_1_467' title='bbox 1102 1809 1163 1844; x_wconf 88' lang='lat' dir='ltr'>qua</span> <span class='ocrx_word' id='word_1_468' title='bbox 1179 1797 1296 1844; x_wconf 79' lang='lat' dir='ltr'>ipsum,</span> <span class='ocrx_word' id='word_1_469' title='bbox 1311 1798 1349 1834; x_wconf 91' lang='lat' dir='ltr'>de</span> <span class='ocrx_word' id='word_1_470' title='bbox 1360 1799 1590 1847; x_wconf 88' lang='lat' dir='ltr'>suisuperioris</span> <span class='ocrx_word' id='word_1_471' title='bbox 1607 1798 1775 1841; x_wconf 79' lang='lat' dir='ltr'>voluntate,</span> <span class='ocrx_word' id='word_1_472' title='bbox 1791 1812 1848 1847; x_wconf 89' lang='lat' dir='ltr'>pro</span> 
     </span>
     <span class='ocr_line' id='line_1_91' title="bbox 1097 1849 1848 1895; baseline 0.004 -15"><span class='ocrx_word' id='word_1_473' title='bbox 1097 1854 1240 1894; x_wconf 85' lang='lat' dir='ltr'>tempore</span> <span class='ocrx_word' id='word_1_474' title='bbox 1269 1849 1409 1884; x_wconf 79' lang='lat' dir='ltr'>residere</span> <span class='ocrx_word' id='word_1_475' title='bbox 1436 1849 1612 1895; x_wconf 78' lang='lat' dir='ltr'>contigerit,</span> <span class='ocrx_word' id='word_1_476' title='bbox 1640 1849 1701 1884; x_wconf 90' lang='lat' dir='ltr'>sint</span> <span class='ocrx_word' id='word_1_477' title='bbox 1724 1859 1751 1883; x_wconf 90' lang='lat' dir='ltr'>et</span> <span class='ocrx_word' id='word_1_478' title='bbox 1779 1862 1848 1884; x_wconf 76' lang='lat' dir='ltr'>esse</span> 
     </span>
     <span class='ocr_line' id='line_1_92' title="bbox 1097 1907 1298 1933; baseline 0.005 -3"><span class='ocrx_word' id='word_1_479' title='bbox 1097 1907 1298 1933; x_wconf 85' lang='lat' dir='ltr'>censeantur.</span> 
     </span>
    </p>

    <p class='ocr_par' dir='ltr' id='par_1_14' title="bbox 1095 1947 2043 2145">
     <span class='ocr_line' id='line_1_93' title="bbox 1145 1947 2043 1989; baseline 0.003 -8"><span class='ocrx_word' id='word_1_480' title='bbox 1145 1949 1161 1989; x_wconf 66' lang='grc' dir='ltr'><strong>ἕ</strong></span> <span class='ocrx_word' id='word_1_481' title='bbox 1184 1949 1216 1981; x_wconf 83' lang='lat'>5.</span> <span class='ocrx_word' id='word_1_482' title='bbox 1236 1947 1365 1982; x_wconf 90' lang='lat' dir='ltr'>Necnon</span> <span class='ocrx_word' id='word_1_483' title='bbox 1390 1947 1474 1983; x_wconf 89' lang='lat' dir='ltr'>dicto</span> <span class='ocrx_word' id='word_1_484' title='bbox 1499 1949 1686 1982; x_wconf 85' lang='lat' dir='ltr'>monasterio</span> <span class='ocrx_word' id='word_1_485' title='bbox 1710 1948 1743 1981; x_wconf 84' lang='lat' dir='ltr'>S.</span> <span class='ocrx_word' id='word_1_486' title='bbox 1770 1949 1846 1983; x_wconf 79' lang='lat' dir='ltr'>Am-</span> <span class='ocrx_word' id='word_1_487' title='bbox 1873 1957 1964 1984; x_wconf 70' lang='lat' dir='ltr'>titusque</span> <span class='ocrx_word' id='word_1_488' title='bbox 1981 1962 2043 1984; x_wconf 58' lang='lat' dir='ltr'>euru*</span> 
     </span>
     <span class='ocr_line' id='line_1_94' title="bbox 1095 1988 2043 2045; baseline 0.005 -17"><span class='ocrx_word' id='word_1_489' title='bbox 1095 1994 1190 2030; x_wconf 84' lang='lat' dir='ltr'>brosii</span> <span class='ocrx_word' id='word_1_490' title='bbox 1205 2009 1261 2044; x_wconf 89' lang='lat' dir='ltr'>pro</span> <span class='ocrx_word' id='word_1_491' title='bbox 1276 1998 1376 2044; x_wconf 89' lang='lat' dir='ltr'>primo</span> <span class='ocrx_word' id='word_1_492' title='bbox 1396 1997 1535 2032; x_wconf 88' lang='lat' dir='ltr'>eiusdem</span> <span class='ocrx_word' id='word_1_493' title='bbox 1549 1997 1735 2044; x_wconf 77' lang='lat' dir='ltr'>Religionis,</span> <span class='ocrx_word' id='word_1_494' title='bbox 1755 2007 1846 2045; x_wconf 88' lang='lat' dir='ltr'>prout</span> <span class='ocrx_word' id='word_1_495' title='bbox 1861 1988 2043 2040; x_wconf 54' lang='grc' dir='ltr'>ἶῖξῖίζζηζᾛζ</span> 
     </span>
     <span class='ocr_line' id='line_1_95' title="bbox 1096 2043 2042 2095; baseline 0.004 -17"><span class='ocrx_word' id='word_1_496' title='bbox 1096 2043 1248 2081; x_wconf 86' lang='lat' dir='ltr'>hactenus</span> <span class='ocrx_word' id='word_1_497' title='bbox 1271 2047 1410 2082; x_wconf 85' lang='lat' dir='ltr'>babitum</span> <span class='ocrx_word' id='word_1_498' title='bbox 1433 2055 1462 2082; x_wconf 92' lang='lat' dir='ltr'>et</span> <span class='ocrx_word' id='word_1_499' title='bbox 1492 2056 1666 2095; x_wconf 89' lang='lat' dir='ltr'>reputatum</span> <span class='ocrx_word' id='word_1_500' title='bbox 1695 2047 1763 2087; x_wconf 78' lang='lat' dir='ltr'>fnit,</span> <span class='ocrx_word' id='word_1_501' title='bbox 1797 2060 1846 2082; x_wconf 88' lang='lat' dir='ltr'>re-</span> <span class='ocrx_word' id='word_1_502' title='bbox 1859 2050 1925 2071; x_wconf 70' lang='lat' dir='ltr'>b¹⁰²i¹</span> <span class='ocrx_word' id='word_1_503' title='bbox 1952 2051 1977 2071; x_wconf 69' lang='lat'>⁸⁶</span> <span class='ocrx_word' id='word_1_504' title='bbox 1999 2049 2042 2071; x_wconf 50' lang='grc' dir='ltr'>ΝΕ·</span> 
     </span>
     <span class='ocr_line' id='line_1_96' title="bbox 1097 2088 1911 2145; baseline 0.005 -17"><span class='ocrx_word' id='word_1_505' title='bbox 1097 2105 1254 2136; x_wconf 84' lang='lat' dir='ltr'>manente,</span> <span class='ocrx_word' id='word_1_506' title='bbox 1279 2097 1353 2132; x_wconf 90' lang='lat' dir='ltr'>illud</span> <span class='ocrx_word' id='word_1_507' title='bbox 1382 2110 1416 2132; x_wconf 84' lang='lat' dir='ltr'>ac</span> <span class='ocrx_word' id='word_1_508' title='bbox 1438 2097 1497 2132; x_wconf 87' lang='lat' dir='ltr'>alia</span> <span class='ocrx_word' id='word_1_509' title='bbox 1521 2097 1688 2144; x_wconf 77' lang='lat' dir='ltr'>praedicta,</span> <span class='ocrx_word' id='word_1_510' title='bbox 1709 2105 1738 2132; x_wconf 88' lang='lat' dir='ltr'>et</span> <span class='ocrx_word' id='word_1_511' title='bbox 1765 2109 1845 2145; x_wconf 86' lang='lat' dir='ltr'>quae</span> <span class='ocrx_word' id='word_1_512' title='bbox 1860 2088 1911 2103; x_wconf 67' lang='lat'>&#39;¹¹⁰⁵‘</span> 
     </span>
    </p>
   </div>
   <div class='ocr_carea' id='block_1_12' title="bbox 1094 2148 2039 2688">
    <p class='ocr_par' dir='ltr' id='par_1_15' title="bbox 1094 2148 1845 2468">
     <span class='ocr_line' id='line_1_97' title="bbox 1096 2148 1844 2200; baseline 0.007 -18"><span class='ocrx_word' id='word_1_513' title='bbox 1096 2148 1205 2184; x_wconf 88' lang='lat' dir='ltr'>fratres</span> <span class='ocrx_word' id='word_1_514' title='bbox 1240 2151 1420 2187; x_wconf 83' lang='lat' dir='ltr'>huiusmodi</span> <span class='ocrx_word' id='word_1_515' title='bbox 1455 2164 1511 2199; x_wconf 90' lang='lat' dir='ltr'>pro</span> <span class='ocrx_word' id='word_1_516' title='bbox 1547 2160 1688 2198; x_wconf 86' lang='lat' dir='ltr'>tempore</span> <span class='ocrx_word' id='word_1_517' title='bbox 1723 2154 1844 2200; x_wconf 88' lang='lat' dir='ltr'>assequi</span> 
     </span>
     <span class='ocr_line' id='line_1_98' title="bbox 1096 2205 1845 2254; baseline 0.007 -17"><span class='ocrx_word' id='word_1_518' title='bbox 1096 2205 1260 2252; x_wconf 82' lang='lat' dir='ltr'>contigerit</span> <span class='ocrx_word' id='word_1_519' title='bbox 1285 2207 1483 2250; x_wconf 83' lang='lat' dir='ltr'>monasteria,</span> <span class='ocrx_word' id='word_1_520' title='bbox 1506 2207 1618 2241; x_wconf 91' lang='lat' dir='ltr'>domus</span> <span class='ocrx_word' id='word_1_521' title='bbox 1645 2215 1739 2254; x_wconf 89' lang='lat' dir='ltr'>atque</span> <span class='ocrx_word' id='word_1_522' title='bbox 1767 2207 1845 2247; x_wconf 78' lang='lat' dir='ltr'>loca,</span> 
     </span>
     <span class='ocr_line' id='line_1_99' title="bbox 1096 2257 1843 2308; baseline 0.005 -17"><span class='ocrx_word' id='word_1_523' title='bbox 1096 2257 1224 2294; x_wconf 87' lang='lat' dir='ltr'>fratrum</span> <span class='ocrx_word' id='word_1_524' title='bbox 1263 2261 1513 2308; x_wconf 84' lang='lat' dir='ltr'>congregationis</span> <span class='ocrx_word' id='word_1_525' title='bbox 1547 2261 1776 2308; x_wconf 85' lang='lat' dir='ltr'>praedictorum</span> <span class='ocrx_word' id='word_1_526' title='bbox 1814 2262 1843 2295; x_wconf 91' lang='lat' dir='ltr'>in</span> 
     </span>
     <span class='ocr_line' id='line_1_100' title="bbox 1096 2312 1844 2350; baseline 0.005 -5"><span class='ocrx_word' id='word_1_527' title='bbox 1096 2312 1212 2347; x_wconf 85' lang='lat' dir='ltr'>unitate</span> <span class='ocrx_word' id='word_1_528' title='bbox 1235 2315 1393 2350; x_wconf 84' lang='lat' dir='ltr'>charitatis</span> <span class='ocrx_word' id='word_1_529' title='bbox 1414 2323 1444 2350; x_wconf 86' lang='lat' dir='ltr'>et</span> <span class='ocrx_word' id='word_1_530' title='bbox 1465 2315 1544 2350; x_wconf 86' lang='lat' dir='ltr'>dicta</span> <span class='ocrx_word' id='word_1_531' title='bbox 1567 2314 1764 2349; x_wconf 86' lang='lat' dir='ltr'>observantia</span> <span class='ocrx_word' id='word_1_532' title='bbox 1787 2314 1844 2349; x_wconf 88' lang='lat' dir='ltr'>de-</span> 
     </span>
     <span class='ocr_line' id='line_1_101' title="bbox 1094 2368 1843 2417; baseline 0.001 -16"><span class='ocrx_word' id='word_1_533' title='bbox 1094 2368 1234 2413; x_wconf 81' lang='lat' dir='ltr'>gentium</span> <span class='ocrx_word' id='word_1_534' title='bbox 1267 2370 1340 2413; x_wconf 81' lang='lat' dir='ltr'>sint,</span> <span class='ocrx_word' id='word_1_535' title='bbox 1375 2379 1403 2404; x_wconf 90' lang='lat' dir='ltr'>et</span> <span class='ocrx_word' id='word_1_536' title='bbox 1434 2369 1471 2404; x_wconf 87' lang='lat' dir='ltr'>ad</span> <span class='ocrx_word' id='word_1_537' title='bbox 1502 2369 1571 2404; x_wconf 86' lang='lat' dir='ltr'>illos</span> <span class='ocrx_word' id='word_1_538' title='bbox 1594 2370 1623 2404; x_wconf 89' lang='lat' dir='ltr'>in</span> <span class='ocrx_word' id='word_1_539' title='bbox 1658 2377 1843 2417; x_wconf 88' lang='lat' dir='ltr'>perpetuum</span> 
     </span>
     <span class='ocr_line' id='line_1_102' title="bbox 1095 2422 1279 2468; baseline 0.016 -13"><span class='ocrx_word' id='word_1_540' title='bbox 1095 2422 1279 2468; x_wconf 87' lang='lat' dir='ltr'>pertineant.</span> 
     </span>
    </p>

    <p class='ocr_par' dir='ltr' id='par_1_16' title="bbox 1094 2476 2039 2688">
     <span class='ocr_line' id='line_1_103' title="bbox 1143 2476 2039 2525; baseline -0.006 -13"><span class='ocrx_word' id='word_1_541' title='bbox 1143 2476 1163 2523; x_wconf 67' lang='lat' dir='ltr'>S</span> <span class='ocrx_word' id='word_1_542' title='bbox 1190 2481 1221 2511; x_wconf 79' lang='lat'>4.</span> <span class='ocrx_word' id='word_1_543' title='bbox 1245 2478 1402 2525; x_wconf 82' lang='lat' dir='ltr'>Quodque</span> <span class='ocrx_word' id='word_1_544' title='bbox 1424 2478 1534 2512; x_wconf 88' lang='lat' dir='ltr'>fratres</span> <span class='ocrx_word' id='word_1_545' title='bbox 1555 2476 1684 2525; x_wconf 85' lang='lat' dir='ltr'>praefati</span> <span class='ocrx_word' id='word_1_546' title='bbox 1706 2477 1735 2510; x_wconf 89' lang='lat' dir='ltr'>in</span> <span class='ocrx_word' id='word_1_547' title='bbox 1759 2476 1842 2510; x_wconf 90' lang='lat' dir='ltr'>dicto</span> <span class='ocrx_word' id='word_1_548' title='bbox 1868 2484 2039 2513; x_wconf 60' lang='lat' dir='ltr'>capitutum-</span> 
     </span>
     <span class='ocr_line' id='line_1_104' title="bbox 1095 2517 2039 2578; baseline -0.002 -13"><span class='ocrx_word' id='word_1_549' title='bbox 1095 2533 1284 2567; x_wconf 86' lang='lat' dir='ltr'>monasterio</span> <span class='ocrx_word' id='word_1_550' title='bbox 1306 2532 1339 2567; x_wconf 87' lang='lat' dir='ltr'>S.</span> <span class='ocrx_word' id='word_1_551' title='bbox 1361 2532 1535 2577; x_wconf 81' lang='lat' dir='ltr'>Ambrosii,</span> <span class='ocrx_word' id='word_1_552' title='bbox 1559 2532 1614 2566; x_wconf 87' lang='lat' dir='ltr'>bac</span> <span class='ocrx_word' id='word_1_553' title='bbox 1636 2531 1734 2578; x_wconf 88' lang='lat' dir='ltr'>prima</span> <span class='ocrx_word' id='word_1_554' title='bbox 1759 2530 1840 2572; x_wconf 90' lang='lat' dir='ltr'>vice,</span> <span class='ocrx_word' id='word_1_555' title='bbox 1855 2517 1907 2537; x_wconf 72' lang='lat'><strong>&#39;¹¹¹⁸</strong></span> <span class='ocrx_word' id='word_1_556' title='bbox 1950 2518 2039 2544; x_wconf 72' lang='lat'>⁵¹”‘⁰¹¹&#39;</span> 
     </span>
     <span class='ocr_line' id='line_1_105' title="bbox 1094 2584 1842 2634; baseline -0.005 -13"><span class='ocrx_word' id='word_1_557' title='bbox 1094 2595 1123 2621; x_wconf 84' lang='lat' dir='ltr'>et</span> <span class='ocrx_word' id='word_1_558' title='bbox 1144 2588 1323 2622; x_wconf 89' lang='lat' dir='ltr'>successive</span> <span class='ocrx_word' id='word_1_559' title='bbox 1339 2587 1471 2634; x_wconf 82' lang='lat' dir='ltr'>singulis</span> <span class='ocrx_word' id='word_1_560' title='bbox 1486 2586 1630 2622; x_wconf 91' lang='lat' dir='ltr'>trienniis</span> <span class='ocrx_word' id='word_1_561' title='bbox 1651 2584 1772 2630; x_wconf 82' lang='lat' dir='ltr'>singula</span> <span class='ocrx_word' id='word_1_562' title='bbox 1791 2595 1842 2629; x_wconf 85' lang='lat' dir='ltr'>ge-</span> 
     </span>
     <span class='ocr_line' id='line_1_106' title="bbox 1094 2638 1839 2688; baseline -0.007 -12"><span class='ocrx_word' id='word_1_563' title='bbox 1094 2642 1209 2676; x_wconf 85' lang='lat' dir='ltr'>neralia</span> <span class='ocrx_word' id='word_1_564' title='bbox 1236 2641 1383 2688; x_wconf 81' lang='lat' dir='ltr'>capitula,</span> <span class='ocrx_word' id='word_1_565' title='bbox 1413 2641 1450 2675; x_wconf 88' lang='lat' dir='ltr'>ad</span> <span class='ocrx_word' id='word_1_566' title='bbox 1480 2653 1559 2688; x_wconf 92' lang='lat' dir='ltr'>quae</span> <span class='ocrx_word' id='word_1_567' title='bbox 1587 2648 1685 2674; x_wconf 90' lang='lat' dir='ltr'>rector</span> <span class='ocrx_word' id='word_1_568' title='bbox 1707 2647 1735 2671; x_wconf 85' lang='lat' dir='ltr'>et</span> <span class='ocrx_word' id='word_1_569' title='bbox 1765 2638 1839 2672; x_wconf 75' lang='lat' dir='ltr'>visi-</span> 
     </span>
    </p>
   </div>
   <div class='ocr_carea' id='block_1_13' title="bbox 1132 259 2046 287">
    <p class='ocr_par' dir='ltr' id='par_1_17' title="bbox 1132 259 2046 287">
     <span class='ocr_line' id='line_1_107' title="bbox 1132 259 2046 287; baseline 0.005 -5"><span class='ocrx_word' id='word_1_570' title='bbox 1132 259 1165 282; x_wconf 94' lang='lat' dir='ltr'>tv</span> <span class='ocrx_word' id='word_1_571' title='bbox 1193 259 1239 282; x_wconf 77' lang='lat' dir='ltr'>rr.</span> <span class='ocrx_word' id='word_1_572' title='bbox 1869 260 1917 286; x_wconf 71' lang='lat' dir='ltr'>An.</span> <span class='ocrx_word' id='word_1_573' title='bbox 1938 260 1967 287; x_wconf 85' lang='lat' dir='ltr'>c.</span> <span class='ocrx_word' id='word_1_574' title='bbox 1983 259 2046 287; x_wconf 68' lang='lat' dir='ltr'>tut</span> 
     </span>
    </p>
   </div>
   <div class='ocr_carea' id='block_1_14' title="bbox 1866 566 2050 689">
    <p class='ocr_par' dir='ltr' id='par_1_18' title="bbox 1866 566 2050 689">
     <span class='ocr_line' id='line_1_108' title="bbox 1880 566 2050 594; baseline 0.018 -8"><span class='ocrx_word' id='word_1_575' title='bbox 1880 566 1920 587; x_wconf 76' lang='lat' dir='ltr'>Eu·</span> <span class='ocrx_word' id='word_1_576' title='bbox 1943 569 2013 594; x_wconf 68' lang='lat' dir='ltr'>tuque</span> <span class='ocrx_word' id='word_1_577' title='bbox 2029 570 2050 589; x_wconf 84' lang='lat' dir='ltr'>tu</span> 
     </span>
     <span class='ocr_line' id='line_1_109' title="bbox 1866 600 2049 625; baseline 0.011 -7"><span class='ocrx_word' id='word_1_578' title='bbox 1866 604 1926 618; x_wconf 74' lang='lat' dir='ltr'>unam</span> <span class='ocrx_word' id='word_1_579' title='bbox 1972 600 2049 625; x_wconf 69' lang='lat' dir='ltr'>redigt«</span> 
     </span>
     <span class='ocr_line' id='line_1_110' title="bbox 1866 634 2048 658; baseline 0 -6"><span class='ocrx_word' id='word_1_580' title='bbox 1866 634 2048 658; x_wconf 64' lang='lat' dir='ltr'>congreg-tionum</span> 
     </span>
     <span class='ocr_line' id='line_1_111' title="bbox 1867 663 1983 689; baseline 0.009 -6"><span class='ocrx_word' id='word_1_581' title='bbox 1867 663 1983 689; x_wconf 72' lang='lat' dir='ltr'>Eugentun,</span> 
     </span>
    </p>
   </div>
   <div class='ocr_carea' id='block_1_15' title="bbox 1854 2549 2036 2600">
    <p class='ocr_par' dir='ltr' id='par_1_19' title="bbox 1854 2549 2036 2600">
     <span class='ocr_line' id='line_1_112' title="bbox 1855 2549 2036 2569; baseline 0 -1"><span class='ocrx_word' id='word_1_582' title='bbox 1855 2549 1951 2569; x_wconf 75' lang='lat' dir='ltr'>triennit·</span> <span class='ocrx_word' id='word_1_583' title='bbox 1992 2549 2036 2568; x_wconf 76' lang='lat' dir='ltr'>flori</span> 
     </span>
     <span class='ocr_line' id='line_1_113' title="bbox 1854 2579 1936 2600; baseline 0.012 -1"><span class='ocrx_word' id='word_1_584' title='bbox 1854 2579 1936 2600; x_wconf 66' lang='lat' dir='ltr'>mine-t</span> 
     </span>
    </p>
   </div>
  </div>
 </body>
</html>
