2281 3251
72 262 122 290 An.
139 262 168 290 C.
187 261 255 291 ¹516

948 262 1009 285 LEO
1031 263 1051 285 X
1076 262 1125 284 ΙΨ.

268 329 336 353 eam
359 316 506 362 allegare,
525 316 570 351 vel
583 315 756 351 secundnm
772 328 839 351 eam
867 317 1018 358 iudicare,

1691 250 1761 284 665

1109 318 1128 363 ᾖ
1145 319 1199 351 10.
1223 317 1292 352 Non
1308 316 1506 352 obstantibus
1523 316 1714 363 praemissis,
1730 328 1812 352 nec-

267 380 321 407 aut
349 371 477 418 quosvis
503 378 591 405 actus
621 370 785 405 iudiciales
813 371 858 406 vel
882 373 1019 406 extraiu-
1062 384 1121 406 non
1139 371 1418 407 constitutionibus
1437 379 1467 406 et
1481 371 1745 416 ordinationibus,
1760 372 1813 405 dc-

267 425 406 468 diciales,
429 424 606 459 secundum
627 424 727 459 dictae
748 426 955 472 pragmaticae
972 434 1019 460 tc-

268 490 376 513 norem
414 478 460 512 vel
496 478 632 525 capitula
656 479 685 512 in
710 491 745 513 ca
768 487 915 514 contenta
931 507 940 523 ,
964 492 1018 527 per

266 544 301 567 se
323 531 371 566 vel
394 531 488 566 alium
514 544 570 567 seu
597 532 687 576 alios,
707 532 885 567 nullatenus
917 534 1018 567 facere

266 594 480 633 praesumant,
503 595 557 621 aut
582 599 636 633 per
655 586 731 621 alios
750 586 815 621 sieri
837 588 1017 634 permittant

265 652 321 675 seu
341 640 502 681 mandent,
523 653 579 675 nec
603 640 771 688 praefatam
795 642 1016 688 pragmaticam

265 695 461 729 sanctionem
489 702 543 728 aut
572 695 601 728 in
636 707 671 728 ea
707 703 852 729 contenta
880 695 1016 741 capitula

264 760 320 783 seu
341 748 466 783 decreta
491 748 622 783 ulterius
642 749 672 782 in
697 748 845 783 domibus
868 749 933 783 suis
964 758 1017 783 aut

264 802 332 837 aliis
365 802 443 837 locis
480 801 616 849 publicis
639 802 685 836 vel
716 803 842 848 privatis
866 810 1016 843 teneant,

264 857 443 903 quinimmo
471 856 553 890 illam
582 868 619 890 ex
648 856 813 902 quibusvis
848 856 1016 900 arcliiviis,

265 911 358 945 etiam
388 910 479 956 regiis
513 923 568 945 seu
593 910 842 958 capitularibus,
877 918 907 945 et
941 911 1017 945 locis

265 964 446 1012 praedictis,
469 964 549 999 infra
571 977 625 999 sex
651 976 775 999 menses
799 976 815 999 a
842 963 912 998 data
929 977 1017 1011 prae-

264 1019 403 1054 sentium
432 1019 673 1066 computandos,
701 1018 826 1053 deleant
850 1031 903 1053 seu
920 1019 1015 1054 deleri

264 1073 399 1118 saciant,
427 1073 486 1108 sub
519 1074 644 1108 maioris
678 1073 1017 1108 excommunicationis

263 1127 342 1162 latae
364 1128 550 1169 sententiae,
575 1140 710 1171 necnon,
733 1128 835 1174 quoad
865 1127 1016 1162 ecclesia-

263 1182 357 1217 sticas
391 1189 422 1216 et
455 1182 615 1228 regulares
649 1194 801 1228 personas
829 1181 1016 1229 praedictas,

263 1237 408 1271 omnium
435 1236 527 1271 etiam
552 1236 826 1283 patriarchalium,
851 1244 1016 1283 metropo-

263 1290 348 1324 litan.
363 1298 393 1325 et
408 1290 537 1325 aliarum
551 1290 779 1324 cathedralium
800 1290 1016 1335 ecclesiarum,

262 1344 524 1379 monasteriorum
548 1355 675 1390 quoque
698 1352 727 1378 et
750 1344 959 1391 prioratuum,
981 1357 1016 1379 e-

262 1397 334 1432 tiam
358 1398 952 1445 conventualium,etquorumcumque
968 1398 1016 1432 di-

261 1451 416 1499 gnitatum
438 1459 492 1487 aut
518 1451 746 1487 beneficiorum
783 1452 1016 1488 eeclesiastico-

261 1518 330 1541 rum
358 1506 566 1541 saecularium
589 1514 620 1541 et
641 1507 828 1553 quorumvis
855 1505 1014 1541 Ordinum

261 1559 453 1606 regularium
491 1560 675 1607 privationis
698 1569 728 1595 et
752 1559 955 1594 inhabilitatis
978 1561 1015 1595 ad

262 1613 314 1649 illa
337 1615 367 1648 in
392 1622 551 1661 posterum
576 1614 764 1655 obtinenda,
796 1626 860 1661 quo
884 1626 955 1649 vero
978 1615 1014 1649 ad

261 1668 449 1712 saeculares,
479 1667 633 1715 praefatae
655 1668 1016 1713 excommunicationis,

262 1734 386 1757 necnon
409 1723 588 1757 amissionis
610 1734 888 1769 quorumcumque
910 1722 1015 1757 seudo-

262 1788 352 1817 rum,
376 1784 437 1811 tam
466 1789 481 1811 a
508 1776 649 1811 Romana
677 1789 772 1824 quam
796 1777 854 1811 alia
882 1776 1014 1811 ecclesia

260 1841 298 1865 ex
332 1831 442 1877 quavis
476 1842 571 1865 causa
599 1830 819 1874 obtentorum,
854 1842 890 1865 ac
922 1831 1013 1865 etiam

262 1884 467 1920 inhabilitatis
482 1885 519 1920 ad
538 1885 586 1920 illa
601 1885 629 1919 in
646 1893 808 1932 posterum
833 1885 1014 1927 obtinenda,

260 1937 532 1986 inhabilitatisque
549 1940 586 1974 ad
604 1952 715 1974 omnes
732 1948 760 1974 et
774 1939 915 1985 singulos
927 1949 1015 1974 actus

261 1992 417 2039 legitimos
451 1994 689 2041 quomodolibet
724 1994 907 2034 faciendos,
935 1994 1015 2029 inla-

261 2060 392 2095 mesquc
426 2061 461 2083 ac
495 2049 635 2084 criminis
659 2049 759 2083 laesae
785 2050 955 2083 maiestatis
984 2050 1013 2083 in

261 2104 330 2138 iure
352 2105 507 2150 expressis
531 2105 656 2151 poenis,
678 2117 715 2139 eo
751 2106 819 2151 ipso
843 2114 872 2139 et
894 2105 1015 2151 absque

262 2153 401 2189 ulteriori
429 2154 652 2196 declaratione,
681 2166 735 2202 per
758 2167 870 2189 omnes
897 2163 926 2189 et
948 2156 1015 2189 sin-

262 2204 354 2250 gulos
373 2204 584 2251 supradictos,
612 2205 655 2249 si,
678 2204 763 2252 quod
787 2205 1014 2250 absit,contra-

262 2253 416 2294 fecerint,
445 2254 666 2298 incurrendis,
694 2267 709 2289 a
737 2254 873 2301 quibus,
906 2255 1015 2300 vigore

262 2303 491 2350 cuiuscumque
518 2303 674 2339 facultatis
701 2312 753 2338 aut
775 2304 1013 2349 clausularum,

261 2353 354 2388 etiam
378 2353 408 2388 in
432 2353 728 2398 confessionalibus,
755 2354 920 2401 quibusvis
948 2366 1015 2401 per-

263 2403 362 2447 sonis,
381 2404 440 2438 sub
459 2403 621 2451 quibusvis
641 2404 804 2439 verborum
821 2404 928 2439 formis
943 2417 1015 2439 eon-

263 2453 371 2494 cessis,
393 2462 623 2495 contentarum,
645 2455 703 2489 nisi
727 2467 743 2488 a
765 2454 909 2489 Romano
927 2454 1014 2489 Pon-

262 2503 346 2538 tifice
368 2503 518 2538 canonice
541 2505 675 2539 intrante
700 2504 745 2539 vel
768 2504 828 2538 alio
851 2504 889 2539 ab
911 2516 948 2539 eo
975 2504 1012 2539 ad

263 2552 292 2587 id
316 2554 345 2587 in
369 2554 475 2600 specie
498 2553 677 2589 facultatem
706 2554 854 2598 habente,
875 2562 1014 2601 praeter-

263 2614 357 2649 quam
381 2603 411 2637 in
435 2604 544 2639 mortis
562 2604 693 2639 articulo
707 2604 879 2643 constituti,
893 2604 1011 2640 absolvi

263 2661 431 2700 nequeant.

1060 426 1153 460 cretis
1175 438 1209 460 ac
1228 426 1362 470 statutis,
1385 425 1556 472 apostolica
1579 437 1634 459 seu
1657 437 1813 472 quacum-

1060 493 1121 527 que
1144 480 1317 524 alia,etiam
1341 479 1499 514 conciliari
1522 479 1812 527 auctoritate,quo-

1061 534 1246 578 modolibct,
1269 534 1361 568 etiam
1379 547 1419 568 cx
1443 542 1525 569 certa
1541 533 1670 569 scicntia
1694 541 1724 568 et
1738 546 1813 581 apo-

1059 587 1188 622 stolicae
1225 588 1388 635 potestatis
1418 588 1639 635 plenitudine,
1661 587 1753 622 editis
1783 596 1813 623 et

1059 642 1212 676 emanatis
1235 651 1265 677 et
1288 643 1417 689 saepius
1440 643 1595 677 innovatis
1610 669 1619 687 ,
1647 642 1787 688 repetitis
1803 670 1812 688 ,

1060 697 1253 731 confirmatis
1276 704 1305 730 ct
1324 697 1518 743 approbatis,
1540 696 1668 743 quibus,
1685 697 1810 731 illorum

1060 751 1203 785 omnium
1228 760 1256 785 et
1279 751 1478 796 singulorum
1503 758 1639 794 tenores,
1662 763 1697 785 ac
1723 752 1750 785 si
1773 750 1812 786 de

1060 804 1153 839 verbo
1168 804 1206 838 ad
1224 805 1351 838 verbum
1368 805 1593 845 insererentur,
1608 804 1644 838 ad
1662 804 1810 839 effectum

1060 859 1305 905 praemissorum
1343 871 1398 906 pro
1432 859 1625 893 sufficienter
1652 859 1811 906 expressis

1058 921 1087 947 ct
1111 913 1238 947 insertis
1260 912 1424 957 babentes,
1448 913 1507 947 illis
1530 912 1606 947 alias
1630 912 1659 946 in
1683 925 1742 947 suo
1758 925 1810 947 ro-

1060 967 1135 1001 bore
1156 967 1372 1014 permansuris
1388 995 1395 1008 ,
1419 966 1547 1001 scientia
1563 994 1571 1010 ,
1599 974 1753 1013 potestate
1781 974 1811 1001 et

1060 1030 1167 1055 tenore
1191 1021 1386 1068 praemissis,
1411 1021 1589 1067 specialiter
1611 1028 1641 1055 et
1663 1033 1810 1067 expresse

1059 1076 1261 1121 derogamus,
1285 1076 1450 1110 contrariis
1473 1075 1740 1122 quibuscumque:
1757 1084 1811 1110 aut

1058 1131 1082 1164 si
1105 1130 1399 1171 communitatibus,
1416 1129 1673 1164 universitatibus
1692 1137 1721 1163 et
1740 1142 1812 1176 per-

1058 1184 1145 1219 sonis
1163 1184 1297 1230 singulis
1319 1184 1599 1231 supranominatis,
1619 1185 1711 1218 etiam
1736 1198 1812 1219 car-

1059 1238 1232 1283 dinalibus,
1248 1238 1445 1285 patriarchis,
1467 1238 1725 1284 archiepiscopis,
1741 1239 1811 1284 cpi-

1058 1293 1176 1339 scopis,
1199 1291 1437 1326 marchionibus
1459 1299 1489 1326 et
1512 1291 1649 1325 ducibus
1668 1292 1812 1338 praefatis

1059 1346 1107 1380 vel
1129 1346 1296 1393 quibusvis
1315 1347 1394 1387 aliis,
1414 1346 1625 1381 communiter
1653 1346 1700 1380 vel
1728 1345 1811 1380 divi-

1058 1401 1129 1442 sim,
1162 1401 1200 1434 ab
1222 1400 1332 1435 cadem
1356 1401 1397 1435 sit
1419 1400 1502 1435 Sede
1531 1400 1688 1434 indultum
1726 1401 1810 1447 quod

1059 1455 1215 1499 interdici,
1233 1454 1383 1501 suspendi
1405 1454 1451 1488 vel
1475 1454 1743 1488 excommunicari
1761 1463 1812 1489 aut

1059 1517 1225 1556 propterea
1249 1509 1361 1555 privari
1390 1517 1419 1542 et
1445 1508 1601 1542 inhabiles
1635 1508 1721 1542 reddi
1747 1522 1810 1544 non

1059 1563 1178 1609 possint
1201 1575 1257 1609 per
1283 1563 1388 1597 literas
1405 1562 1593 1609 apostolicas
1616 1574 1677 1596 non
1697 1561 1811 1597 facien-

1059 1625 1104 1651 tes
1128 1616 1252 1663 plenam
1282 1625 1311 1651 ct
1334 1629 1514 1663 expressam
1538 1628 1573 1651 ac
1597 1615 1637 1651 de
1661 1617 1756 1651 verbo
1771 1618 1810 1652 ad

1058 1670 1188 1705 verbum
1205 1671 1244 1705 de
1262 1671 1385 1705 indulto
1402 1671 1584 1705 huiusmodi
1604 1672 1810 1713 mentionem,

1057 1733 1086 1759 et
1109 1725 1367 1772 quibuscumque
1391 1725 1579 1772 privilegiis,
1603 1725 1810 1772 indulgentiis

1057 1787 1087 1813 et
1110 1779 1207 1813 literis
1229 1780 1414 1826 apostolicis
1441 1778 1645 1826 generalibus
1669 1779 1715 1814 vel
1738 1793 1811 1827 spe-

1057 1833 1215 1875 cialibus,
1243 1845 1518 1880 quorumcumque
1556 1841 1702 1867 tenorum
1742 1834 1812 1867 exi-

1057 1895 1151 1928 stant,
1170 1901 1224 1935 per
1246 1900 1326 1935 quae
1350 1887 1569 1935 praesentibus
1585 1900 1646 1921 non
1662 1900 1810 1934 expressa

1058 1943 1103 1977 vel
1128 1944 1265 1978 totaliter
1288 1956 1350 1977 non
1375 1944 1491 1977 inserta
1514 1943 1663 1977 effectum
1688 1956 1811 1978 earum-

1056 1999 1126 2033 dem
1145 1999 1290 2046 impediri
1316 1999 1412 2033 valcat
1426 1999 1665 2046 quomodolibet
1685 2000 1730 2034 vel
1749 2000 1810 2034 dit·-

1057 2054 1186 2099 sei·ri,et
1210 2055 1248 2089 de
1271 2055 1389 2102 quibus
1415 2067 1617 2102 quorumque
1645 2054 1808 2090 tenoribus

1056 2113 1095 2148 de
1122 2114 1218 2149 verbo
1246 2115 1282 2148 ad
1307 2114 1436 2149 verbum
1462 2113 1606 2148 habenda
1630 2114 1669 2149 sit
1698 2115 1725 2149 in
1751 2127 1810 2149 no-

1056 2175 1130 2210 stris
1153 2176 1250 2210 literis
1278 2176 1396 2210 mentio
1423 2174 1579 2222 specialis.

1105 2234 1188 2269 Nulli
1211 2246 1286 2281 ergo
1305 2242 1357 2269 etc.

1105 2291 1138 2327 Si
1161 2293 1233 2340 quis
1257 2301 1361 2328 autem
1389 2301 1441 2327 ete.

1105 2352 1220 2387 Datum
1247 2353 1367 2388 Romae
1392 2354 1421 2387 in
1451 2353 1576 2400 publica
1600 2354 1754 2397 sessione,
1777 2355 1806 2389 iu

1056 2411 1257 2447 Lateranensi
1273 2420 1469 2447 sacrosancta
1484 2412 1610 2447 basilica
1624 2412 1808 2447 solemniter

1055 2470 1233 2515 celebrata,
1260 2483 1344 2506 anno
1380 2471 1608 2506 Incarnationis
1631 2471 1807 2506 dominicae

1055 2531 1225 2565 millesimo
1240 2531 1498 2577 quingentesimo
1509 2531 1737 2575 sextodecimo,
1747 2544 1807 2566 nv

1055 2589 1205 2624 kalendas
1234 2590 1385 2632 ianuarii,
1414 2599 1500 2637 pont.
1528 2590 1627 2625 nostri
1656 2603 1738 2625 anno
1760 2603 1806 2626 lv.

1084 2662 1143 2693 Dat.
1162 2663 1208 2692 die
1230 2663 1261 2691 to
1278 2661 1444 2693 decembris
1462 2662 1549 2700 1516,
1565 2665 1644 2702 pont.
1658 2671 1734 2694 anno
1749 2671 1785 2694 ιν.

1825 260 1874 287 An.
1895 260 1922 286 C.
1944 261 2010 288 ttstfi

1861 326 1976 347 contrarii-³

1871 357 1963 383 derogat.
