2281 3251
251 279 300 306 An.
319 278 349 306 C.
369 279 437 306 ¹520

262 1577 358 1599 Contus.
374 1582 436 1604 pres-

249 1610 324 1637 bytero
351 1609 435 1630 Ordinis

250 1641 270 1662 S.
288 1640 366 1661 nomin,
382 1646 434 1661 con-

249 1672 325 1693 tratres
334 1672 435 1692 counion-

251 1707 291 1727 ιιι,
308 1708 345 1723 eos
362 1703 435 1724 audire

250 1737 271 1755 et
281 1734 360 1754 nbaolv.
372 1739 436 1761 posse

250 1765 356 1786 coneedit.

503 268 573 302 760

452 334 662 383 praepositus,
685 345 807 369 necnon
832 333 916 380 prior
937 340 967 367 et
994 331 1106 367 fratres
1122 343 1206 379 prae-

454 389 519 434 fati,
542 401 664 424 necnon
688 399 799 422 omnes
821 395 851 421 et
870 386 984 432 singuli
1013 387 1063 421 alii
1079 386 1207 421 christi-

453 442 565 477 fideles
577 442 613 476 ad
627 453 660 476 ea
670 440 844 476 devotionis
860 452 954 487 opera
968 448 997 475 et
1013 440 1205 487 praedictum

453 497 582 531 modum
605 497 670 530 sire
698 495 791 528 ritum
815 494 926 529 orandi
949 506 986 529 eo
1006 494 1207 542 frequentius

453 550 654 588 inducantur,
668 560 730 596 quo
750 547 864 582 exinde
886 548 1008 583 facilius
1029 549 1205 583 animarum

451 616 579 639 suarum
607 603 740 638 salutem
766 603 919 649 consequi
945 603 1152 649 speraverint,
1168 603 1206 638 de.

450 656 738 704 omnipotentisDei
753 656 980 701 misericordia,
993 669 1028 691 ac
1043 656 1206 692 beatorum

449 712 534 747 Petri
548 711 677 746 etPanli
694 710 911 758 apostolorum
929 711 996 745 eius
1020 711 1207 746 auctoritate

450 766 570 806 confisi,
598 765 706 800 loanni
729 765 815 806 duci,
842 765 960 800 Mariae
983 765 1140 810 ducissae,
1159 765 1207 801 Si-

450 820 543 855 billae
577 819 842 864 marchionissae,
871 819 979 854 Ioanni
1014 820 1207 867 praeposito,

450 875 545 923 priori
568 886 602 908 ac
632 873 779 909 fratribus
798 873 1074 909 Praedicatoribus
1096 882 1127 909 et
1153 887 1208 910 eo-

450 942 517 965 rum
533 927 669 975 singulis
695 939 731 963 ac
753 927 921 972 universis,
944 927 1079 975 aliisque
1095 928 1209 963 utrius-

449 995 510 1031 que
537 993 633 1017 sexus
663 980 922 1017 christifidelibus
949 981 1052 1016 dictae
1083 982 1209 1018 confra-

451 1037 605 1072 ternitatis
618 1035 831 1071 confratribus
846 1044 876 1070 et
889 1036 1117 1070 consororibus
1141 1036 1209 1071 ubi-

449 1090 526 1126 libet
547 1089 767 1134 existentibus,
796 1098 858 1123 tam
877 1089 1095 1136 praesentibus
1113 1102 1207 1137 quam

451 1145 590 1188 futuris,
619 1155 690 1179 vere
719 1143 956 1190 poenitentibus
979 1152 1008 1178 et
1036 1144 1207 1185 confessis,

450 1211 506 1234 seu
519 1197 690 1234 confitendi
714 1198 913 1245 propositum
937 1197 1142 1242 habentibus,
1155 1199 1207 1245 qui

449 1253 534 1288 terin
552 1252 751 1287 hebdomada
768 1251 891 1287 dictum
907 1251 1078 1286 Rosarium
1098 1252 1209 1288 devote

448 1308 617 1352 oraverint,
643 1315 676 1342 ut
708 1307 864 1354 prefertur
892 1319 948 1353 pro
973 1307 1114 1354 qualibet
1141 1308 1208 1343 rice

449 1361 526 1397 alios
540 1362 650 1396 decem
667 1373 768 1397 armos
790 1368 820 1395 et
842 1360 972 1395 totidem
989 1360 1209 1407 quadragenas

449 1415 489 1451 de
505 1416 654 1450 iniunctis
677 1415 722 1450 eis
742 1414 945 1462 poenitentiis
960 1415 1209 1450 misericorditer

450 1469 480 1503 in
508 1469 646 1504 Domino
675 1469 866 1504 relaxamus.

498 1523 518 1570 S
547 1526 602 1558 11.
631 1523 678 1558 Ac
705 1522 790 1570 quod
814 1534 926 1557 omnes
946 1522 1141 1570 praedictiet
1159 1535 1210 1558 eo-

452 1589 520 1611 rum
549 1577 666 1624 singuli
684 1578 713 1611 in
730 1577 850 1612 Pascha
867 1577 1136 1621 Resurrectionis,
1160 1577 1208 1612 fe-

450 1630 641 1666 stivitatibus
670 1631 859 1676 praedictis,
893 1643 928 1666 ac
963 1630 1063 1665 tribus
1097 1631 1210 1666 diebus

451 1685 586 1732 singulis
601 1685 804 1721 festivitatum
821 1685 1004 1720 earumdem
1021 1685 1212 1732 praeceden-

452 1739 548 1780 tibus,
562 1741 754 1787 cuicnmque
773 1740 957 1788 presbytero
980 1739 1095 1775 domus
1110 1739 1211 1774 Ordi-

451 1794 500 1829 nis
508 1794 756 1829 Praedicatorum
773 1794 902 1830 fratrum
915 1794 1144 1842 professorum,
1155 1808 1210 1842 per

451 1860 560 1883 eorum
576 1849 719 1895 singulos
731 1861 786 1896 pro
803 1857 943 1895 tempore
959 1848 1119 1895 eligendo,
1133 1861 1210 1896 pee-

451 1910 517 1937 cata
527 1914 582 1937 sua
596 1902 737 1937 confiteri
748 1902 880 1943 valeant,
891 1903 1023 1949 ipseque
1034 1902 1209 1950 presbyter,

451 1969 560 1992 eorum
588 1957 845 1992 confessionibus
873 1956 1042 2003 diligenter
1077 1958 1206 1998 auditis,

452 2012 536 2059 ipsos
564 2020 726 2047 eteorum
753 2012 896 2059 singulos
934 2011 972 2046 ab
1002 2012 1154 2047 omnibus
1181 2021 1211 2047 et

451 2065 983 2113 singulis]excommunicationibus
1011 2066 1146 2114 aliisque
1161 2079 1210 2101 ec-

452 2120 836 2168 clesiasticis„sententiis,
865 2120 1009 2155 censuris
1032 2128 1061 2155 et
1087 2121 1210 2168 poenis,

452 2186 468 2209 a
483 2175 551 2209 iure
571 2174 618 2209 vel
634 2174 673 2209 ab
694 2175 837 2219 homine,
855 2175 965 2222 quavis
980 2174 1146 2209 occasione
1163 2176 1209 2210 vel

453 2240 546 2263 causa
570 2229 640 2263 latis
663 2237 693 2264 et
723 2230 941 2276 promulgatis,
971 2241 1093 2264 necnon
1115 2230 1211 2264 sacri-

454 2282 557 2330 legiis,
577 2283 765 2328 incestibus,
787 2284 963 2328 adulteriis,
993 2283 1211 2330 poenitentia-

455 2349 524 2371 rum
549 2337 760 2373 iniunctarum
783 2346 813 2373 et
831 2338 1010 2373 divinorum
1033 2338 1209 2373 officiorum

455 2391 683 2426 etieiuniornm
694 2391 932 2432 omissionibus,
947 2392 1077 2439 aliisque
1100 2404 1209 2427 eorum

457 2446 607 2493 peccatis,
630 2446 828 2485 criminibus,
857 2445 1050 2489 excessibus,
1074 2445 1210 2486 delictis,

456 2508 751 2547 quantumcumque
778 2501 925 2547 gravibus
952 2507 982 2534 et
1013 2499 1210 2540 enormibus,

458 2555 488 2588 in
510 2554 644 2601 singulis
671 2555 764 2590 etiam
787 2554 862 2589 Sedi
890 2554 1093 2602 Apostolicae
1110 2566 1211 2588 rescr-

458 2608 535 2642 vatis
557 2608 682 2644 casibus
710 2609 879 2653 (contentis
909 2609 939 2643 in
969 2608 1052 2643 bulla
1075 2607 1211 2654 singulis

459 2662 548 2698 annis
575 2662 625 2698 die
653 2662 779 2700 coenae
815 2662 942 2698 Domini
973 2662 1032 2710 legi
1060 2670 1208 2698 consueta

1039 277 1225 301 ammaim!
1253 277 1416 300 ROMANUM

2022 279 2073 306 An.
2094 278 2124 305 C.
2138 277 2206 307 ¹520

1249 331 1411 366 dumtaxat
1438 332 1586 379 exceptis)
1609 331 1782 376 absolvere,
1813 340 1843 367 et
1870 333 1916 367 eis
1947 345 2004 380 pro

1250 386 1430 421 commissis
1458 386 1681 433 poenitentiam
1704 387 1874 422 salutarem
1904 387 2007 422 iniun-

1249 452 1334 487 gere3
1357 452 1393 475 ac
1422 441 1598 474 iuramenta
1621 452 1844 487 quaecumque
1867 440 1937 475 sine
1951 440 2005 475 ali-

1249 495 1341 529 cuius
1364 494 1559 541 praeiudicio
1582 492 1732 533 relaxare,
1755 503 1784 529 et
1803 502 1873 529 rota
1905 506 2005 541 quae-

1249 560 1386 595 cumque
1403 547 1639 592 (ultramarinis,
1655 547 1842 582 visitationis
1858 547 2004 582 liminum

1251 602 1413 637 beatorum
1437 601 1521 637 Petri
1550 609 1580 636 et
1607 599 1696 635 Pauli
1726 600 1948 647 praefatorum,
1972 613 2007 636 ac

1250 656 1346 691 sancti
1358 655 1463 690 Iacobi
1487 655 1517 689 in
1537 653 1764 701 Compostella,
1780 667 1904 690 necnon
1919 655 2008 691 Reli-

1251 710 1353 757 gionis
1371 718 1401 745 et
1425 709 1574 744 castitatis
1588 709 1667 743 rotis
1679 708 1842 744 dumtaxat
1855 710 2006 757 exceptis)

1252 765 1283 798 in
1315 764 1372 798 alia
1400 763 1523 811 pietatis
1556 775 1651 811 opera
1679 771 1874 798 commutare
1907 763 2006 799 libere

1251 819 1362 866 possit,
1385 819 1534 854 ordinarii
1567 828 1596 854 et
1619 818 1834 853 archidiaconi
1870 819 1930 854 loci
1970 830 2007 853 ac

1252 882 1410 908 rectorum
1435 873 1656 921 parochiarum
1677 873 1860 908 etcuinsvis
1876 872 2006 908 alterius

1251 927 1375 962 licentia
1397 928 1536 975 desuper
1563 928 1694 962 minime
1719 927 1881 975 requisita.

1300 982 1320 1029 ἓ
1345 984 1400 1016 12.
1423 982 1595 1030 Quodque,
1610 994 1666 1029 pro
1682 982 1861 1028 receptione
1883 991 1913 1017 et
1928 993 2007 1016 con·
2029 993 2209 1020 ingramm-

1255 1037 1428 1083 scriptione
1443 1036 1618 1082 aliquorum
1634 1035 1825 1070 confratrum
1854 1035 1919 1070 sire
1931 1047 2008 1070 con·
2021 1025 2159 1077 ῗῑῗᾞζῗξζζζ
2174 1025 2210 1076 {¹0⁸2

1251 1102 1394 1125 sororum
1410 1089 1536 1124 indicta
1559 1089 1827 1134 confraternitate,
1844 1089 1919 1123 nihil
1937 1101 2008 1123 om·
2023 1090 2109 1108 mm·

1253 1145 1329 1178 nino
1357 1144 1529 1190 temporale
1551 1143 1630 1189 exigi
1660 1143 1790 1188 debeat,
1817 1143 1872 1178 sed
1895 1153 2008 1190 sponte

1252 1197 1354 1232 oblata
1378 1198 1541 1232 dumtaxat
1564 1197 1660 1244 recipi
1692 1197 1832 1244 possint,
1855 1206 2008 1245 perpetuo

1252 1252 1421 1286 statuimus
1443 1260 1473 1286 et
1495 1251 1693 1286 ordinamus.

1301 1305 1321 1352 g
1350 1307 1406 1339 15.
1431 1305 1669 1349 Praesentibus,
1692 1306 1797 1353 quoad
1816 1305 1939 1341 illarum
1960 1305 2010 1341 ef-

1253 1359 1368 1394 fectum
1392 1367 1422 1394 et
1452 1359 1481 1394 in
1510 1360 1556 1394 eis
1584 1369 1749 1400 contenta,
1779 1361 1839 1395 sub
1870 1359 2010 1395 cuiusvis

1252 1413 1404 1448 similium
1430 1415 1476 1449 vel
1499 1414 1700 1448 dissimilium
1727 1414 2009 1461 indulgentiarum,

1252 1468 1449 1507 facultatum,
1465 1469 1706 1503 concessionum
1726 1477 1756 1502 et
1771 1469 1941 1515 gratiarum
1960 1481 2011 1503 re-

1252 1522 1482 1564 vocationibus,
1517 1522 1786 1569 suspensionibus
1814 1523 1858 1557 rel
1883 1522 2011 1557 modifi-

1252 1576 1450 1617 cationibus,
1473 1577 1566 1611 etiam
1592 1589 1648 1624 pro
1675 1589 1759 1611 anno
1781 1576 1900 1612 lubilaei
1924 1585 1955 1611 et
1979 1577 2008 1611 in

1252 1631 1389 1666 favorem
1415 1631 1548 1665 fabricae
1577 1631 1724 1665 basilicae
1751 1631 1908 1677 Principis
1931 1643 2011 1678 apo-

1252 1686 1407 1721 stolorum
1428 1686 1467 1719 de
1486 1685 1582 1724 Urbe,
1600 1698 1656 1719 seu
1673 1686 1886 1732 expeditionis
1901 1692 2011 1720 contra

1254 1739 1398 1774 infideles
1420 1739 1466 1774 rel
1503 1739 1560 1774 alia
1597 1751 1797 1787 quacumque
1833 1739 1871 1773 de
1898 1751 2011 1783 causa,

1255 1807 1310 1842 per
1333 1807 1389 1829 nos
1424 1803 1454 1829 et
1481 1794 1595 1828 Sedem
1627 1794 1842 1841 praedictam,
1873 1806 1958 1828 nunc
1980 1801 2011 1828 et

1255 1861 1310 1896 pro
1330 1859 1471 1895 tempore
1484 1848 1584 1892 factis,
1599 1849 1776 1883 nullatenus
1799 1847 2011 1894 comprehen-

1253 1903 1299 1947 di,
1326 1902 1381 1938 sed
1407 1903 1466 1937 illis
1490 1915 1550 1937 non
1575 1903 1787 1946 obstantibus,
1810 1903 1902 1936 dictis
1918 1902 2010 1936 chri-

1253 1957 1582 1992 stifideltbnsomnino
1595 1957 1771 2002 suffragari,
1785 1958 1935 2003 ipsosque
1950 1955 2010 1990 illis

1253 2012 1390 2059 gaudere
1418 2025 1472 2047 seu
1498 2013 1540 2046 uti
1571 2011 1686 2045 debere
1708 2012 1923 2051 decernimus,
1943 2022 2012 2058 per-

1256 2067 1358 2114 petuis
1387 2066 1500 2101 futuris
1519 2066 1715 2113 temporibus
1737 2065 1909 2099 duraturis.

1304 2121 1324 2168 ἓ
1354 2123 1408 2154 14.
1438 2120 1506 2155 Non
1536 2120 1736 2155 obstantibus
1769 2119 1952 2167 praemissis
1979 2125 2010 2153 et

1254 2175 1538 2210 constitutionibus
1560 2183 1589 2209 et
1604 2173 1859 2208 ordinationibus
1882 2180 2011 2220 aposto-

1254 2229 1338 2274 licis,
1376 2230 1552 2276 ceterisque
1589 2229 1754 2263 contrariis
1791 2228 2010 2275 quibuscum-

1253 2296 1327 2331 que.

1303 2338 1324 2385 g
1353 2339 1408 2372 15.
1426 2336 1590 2377 Ceterum,
1613 2337 1686 2385 quia
1703 2335 1830 2370 difficile
1854 2335 1933 2370 foret
1954 2343 2008 2370 etc.
2024 2337 2209 2390 rrum-saporu-

1303 2392 1388 2427 Nulli
1411 2404 1485 2438 crgo
1512 2399 1567 2426 ecc.
2140 2384 2144 2390 '

1302 2446 1418 2481 Datum
1443 2446 1563 2480 Romae
1589 2444 1671 2492 apud
1699 2444 1850 2479 Sanctum
1865 2443 2008 2488 Petrum,

1254 2512 1337 2535 anno
1364 2500 1594 2535 lucarnationis
1623 2499 1803 2533 dominicae
1840 2498 2007 2533 millesimo

1254 2554 1507 2602 quingentesimo
1522 2554 1684 2600 vigesimo,
1699 2552 1799 2600 pridie
1813 2563 1912 2587 nonas
1924 2561 2009 2587 octo-

1255 2609 1330 2649 bris,
1356 2608 1559 2656 pontificatus
1583 2608 1683 2642 nostri
1706 2619 1788 2642 anno
1810 2618 1882 2641 vm.

1300 2670 1361 2700 Dat.
1379 2671 1426 2701 die
1443 2671 1460 2701 6
1476 2670 1603 2701 octobris
1620 2669 1706 2708 1520,
1721 2674 1800 2709 pont.
1815 2678 1892 2700 anno
1906 2677 1965 2700 vm.
2010 2693 2013 2695 .

2059 1314 2170 1337 clausulae
2200 1343 2204 1346 ι

2030 1346 2202 1375 praeservativa.

2037 2130 2150 2153 ctausutn
2169 2131 2209 2153 d·-

2025 2165 2153 2191 rogatortae.
