2281 3251
237 237 284 263 An.
303 237 332 264 C.
352 238 418 266 ¹505

247 1531 383 1553 minantibus

269 1564 334 1589 »leros
342 1566 362 1583 :t.

483 227 552 259 474

434 303 469 328 ac
483 291 597 326 dilecto
612 291 677 325 lilio
693 290 786 336 priori
799 290 979 324 monasterii
995 288 1102 323 Sancti
1116 289 1191 323 Vin-

434 342 542 385 eentii,
571 353 625 387 per
648 340 783 386 priorem
811 339 893 374 soliti
916 338 1087 385 gubernari
1111 337 1189 373 Sal-

434 369 579 431 mantii).
596 402 650 436 pet·
664 388 844 443 'apostolica
860 388 975 435 scripta
999 387 1188 423 mandamus

434 449 588 488 quatenus
612 439 670 486 ipsi
699 437 747 473 vel
775 438 838 473 duo
865 446 917 472 aut
944 450 1028 471 unus
1059 449 1188 482 eorum,

435 503 490 537 per
507 502 540 525 se
560 489 606 524 vel
621 488 717 523 alium
738 500 794 522 seu
815 488 909 528 alios
925 496 1105 534 praesentes
1121 487 1188 522 lite-

434 552 482 574 ias
504 548 534 573 et
563 540 593 573 in
621 539 665 573 eis
691 545 835 573 contenta
858 548 1093 584 quaecumque,
1121 537 1188 582 ubi,

432 588 560 644 quando
571 597 600 623 et
616 588 742 635 quoties
760 599 850 642 opus
859 586 962 630 luerit,
978 598 1013 621 ac
1029 599 1084 641 pro
1101 595 1188 634 parte

433 638 585 684 magistri,
600 639 753 684 priorum,
776 636 990 671 ministrorum
1009 645 1039 670 et
1056 637 1189 671 vicario-

433 700 501 723 ium
516 687 748 735 praedictorum
768 686 814 721 vel
827 698 936 721 eorum
953 685 1122 721 cuiuslibet
1136 686 1190 721 de-

432 749 528 784 super
541 737 684 784 acquisiti
699 736 879 781 tl)suerint,
891 735 1074 770 solemniter
1085 735 1189 782 publi-

432 796 550 827 cantes,
573 798 609 821 30
623 786 669 821 eis
685 787 714 820 in
732 786 912 833 praemissis
934 785 1068 820 efficacis
1084 784 1189 820 desen-

431 837 529 871 sionis
552 835 710 883 praesidio
725 835 919 879 assistentes,
933 834 1047 870 saciant
1061 848 1114 870 005
1129 848 1188 869 au-

432 886 573 921 ctoritate
587 884 757 932 apostolica
771 884 905 931 praelata
923 884 1050 931 pacifica
1067 897 1188 931 posscs-

431 936 533 979 sione,
556 935 602 969 vel
629 934 730 982 quasi,
753 934 858 969 statuti
881 942 911 968 et
927 934 1135 968 ordinationis
1157 943 1187 969 et

432 984 626 1019 inhibitionis
648 996 684 1018 30
713 983 872 1018 literarum
902 983 1083 1018 huiusmodi
1107 996 1187 1030 gau-

431 1034 516 1074 dere,
533 1046 594 1068 nou
615 1033 831 1080 permittentes
846 1045 913 1077 cos,
928 1046 982 1080 per
1002 1033 1111 1068 fratres
1132 1046 1187 1068 ex-

433 1092 476 1118 tra
485 1083 598 1118 domos
609 1091 853 1127 commorantes,
865 1095 899 1117 ac
913 1091 1051 1117 rectores
1059 1092 1087 1117 et
1099 1083 1187 1117 selio-

432 1134 511 1168 lares
527 1132 702 1180 praedictos
715 1144 769 1167 seu
783 1144 1001 1179 quoscumque
1010 1132 1099 1176 alios,
1114 1144 1187 1167 con-

427 1192 471 1217 tra
492 1182 652 1217 literarum
676 1181 861 1217 huiusmodi
883 1190 1025 1216 tenorem
1049 1194 1185 1229 quomo-

425 1231 545 1266 dolibet
565 1231 720 1266 molestari
751 1239 804 1266 aut
831 1231 990 1278 impediri.
1015 1230 1185 1267 Contradi-

425 1290 545 1321 olores,
569 1293 624 1327 per
650 1293 802 1316 censuras
830 1281 1059 1315 ecclesiasticas
1076 1289 1106 1315 et
1124 1281 1182 1315 alia

425 1338 603 1377 opportuna
617 1331 692 1364 iuris
707 1330 857 1374 remedia,
873 1330 1083 1384 appellatione
1103 1339 1185 1377 post-

426 1380 537 1425 posita
563 1380 818 1426 compescendo
847 1380 991 1414 invocato
1024 1380 1117 1414 etiam
1144 1380 1181 1413 ad

425 1429 496 1473 boc,
524 1429 549 1463 si
565 1441 647 1475 opus
672 1429 776 1474 suerit,
795 1429 913 1464 auxilio
931 1429 1048 1464 bracliii
1065 1430 1181 1464 saecul.

472 1482 493 1525 ᾗ
515 1481 548 1513 6.
576 1478 646 1512 Non
675 1479 875 1513 obstantibus
910 1478 1012 1513 felicis
1035 1479 1183 1513 recorda-

424 1527 519 1562 tionis
537 1527 693 1562 Bonisacii
715 1528 818 1574 Papae
831 1527 914 1566 Vlll,
930 1528 1182 1574 praedecessoris

424 1577 546 1617 nostri,
575 1576 614 1611 de
644 1589 703 1612 una
722 1605 730 1619 ,
759 1586 788 1612 et
818 1578 847 1611 in
881 1578 1016 1612 concilio
1043 1577 1180 1624 generali

423 1626 506 1662 edita
534 1626 573 1661 (le
595 1626 719 1662 duabus
741 1626 866 1668 diaetis,
896 1639 1019 1661 necnon
1044 1628 1082 1661 de
1107 1639 1181 1674 per-

422 1676 509 1711 5οηί5
533 1676 612 1711 ultra
635 1684 757 1711 eertum
777 1688 946 1711 numerum
962 1676 999 1711 ad
1025 1676 1179 1711 iudicium

423 1738 485 1760 non
513 1725 696 1766 evocandis,
723 1737 758 1760 ac
780 1725 945 1773 quibusvis
967 1726 1037 1761 aliis
1061 1726 1181 1761 consti-

423 1774 600 1809 tutionibus
622 1783 652 1809 et
669 1774 923 1810 ordinationibus
945 1775 1128 1822 apostolicis
1144 1788 1181 1811 ac

421 1824 547 1859 statutis
568 1833 597 1859 et
619 1824 907 1859 consuetudinibus
929 1824 1178 1860 Universitatum

423 1873 618 1914 huiusmodi,
643 1874 832 1917 iuramento,
849 1873 1089 1909 confirmatione
1103 1887 1180 1921 apo-

422 1923 530 1958 stolica
560 1923 604 1957 vel
628 1924 740 1970 quavis
762 1924 908 1958 firmitate
930 1924 988 1958 alia
1015 1924 1179 1967 roboratis,

423 1972 595 2018 privilegiis
629 1985 756 2020 quoque
784 1981 814 2008 ct
844 1972 975 2007 indultis
1011 1986 1045 2008 ac
1082 1973 1179 2008 literis

421 2023 602 2069 apostolicis
621 2023 683 2057 illis
699 2024 872 2061 concessis,
895 2023 1012 2070 quibus
1031 2023 1179 2058 omnibus

421 2081 450 2107 ct
472 2072 618 2119 singulis,
634 2073 725 2108 etiam
750 2073 774 2107 si
800 2073 836 2107 ad
862 2072 987 2107 illorum
1011 2072 1179 2108 sufficien-

422 2134 482 2157 tem
511 2122 762 2169 derogationem,
787 2131 818 2157 et
842 2122 881 2158 de
909 2122 970 2158 illis
1001 2135 1191 2170 corumque.

421 2173 494 2206 totis
529 2171 690 2207 tenoribus
717 2172 886 2220 specialis,
923 2172 1068 2219 specifica
1086 2201 1094 2213 ,
1118 2185 1178 2207 cx—

421 2233 529 2268 pressa
544 2230 573 2255 et
587 2221 746 2256 individua
762 2222 852 2257 aede
869 2222 963 2256 verbo
977 2222 1014 2256 ad
1034 2223 1177 2267 vei-,bum

422 2283 484 2306 non
507 2279 612 2306 autem
638 2284 694 2318 por
721 2272 878 2307 clausulas
901 2271 1130 2318 generalesid
1124 2285 1179 2306 nn-

422 2329 593 2367 portantes
610 2322 728 2357 mentio
742 2334 798 2356 seu
815 2323 946 2370 quaevis
964 2322 1022 2356 alia
1042 2334 1177 2369 expres-

420 2384 466 2406 5ιο
481 2371 624 2407 habenda
640 2373 731 2416 soret,
745 2372 869 2407 illorum
882 2385 1026 2407 ommuni
1051 2380 1177 2407 tenores

421 2421 643 2467 praesentibus
667 2434 722 2469 pro
737 2422 933 2457 sufficienter
947 2422 1110 2469 expressis
1126 2422 1177 2458 lia-

421 2471 541 2526 bentes,
570 2471 632 2506 illis
653 2472 730 2507 alias
759 2472 788 2506 iu
812 2485 870 2507 suo
898 2472 1010 2507 robore
1034 2485 1177 2528 perman-

420 2521 523 2566 suris,
553 2521 610 2556 liae
647 2521 713 2556 vice
747 2522 921 2567 dumtaxat,
957 2522 1066 2557 batum
1096 2523 1176 2557 serie

456 2593 496 2627 (t)
521 2593 617 2629 Ripoll
650 2593 691 2620 hic
719 2593 757 2629 leg
744 2594 778 2620 it
804 2597 941 2631 requisiti,
970 2594 1027 2622 loco
1055 2598 1201 2674 acquisitil

420 2632 458 2667 (1ἱ
476 2632 525 2668 T)-

1032 235 1134 258 bct-LA
1140 235 1170 257 M
1177 235 1220 258 tm
1248 235 1410 258 ROMANL'M

1232 288 1410 335 specialiter
1436 298 1465 323 et
1487 300 1634 335 expresse
1656 288 1858 334 derogamus,
1881 296 1987 323 caete—

1233 341 1338 385 risque
1357 339 1524 372 contrariis
1543 337 1811 385 quibuscumque.

1280 388 1396 422 Datum
1419 387 1538 422 Romae
1559 386 1644 433 apud
1668 387 1821 422 Sanctum
1839 386 1984 427 Petrum,

1231 437 1290 472 sub
1313 437 1432 471 atniulo
1446 436 1626 475 piscatoris,
1642 436 1693 471 die
1715 447 1823 472 octavo
1842 437 1986 482 augusti,

1233 487 1399 521 millesimo
1426 486 1681 532 quingentesimo
1708 495 1832 527 octavo,
1858 486 1985 533 pontifi-

1232 544 1320 571 catus
1349 544 1445 570 nostrt
1468 547 1552 570 auno
1575 547 1606 569 v.

1288 592 1347 622 Dat.
1369 592 1415 622 die
1432 592 1449 622 8
1468 592 1587 630 augusti
1606 592 1692 629 1508,
1709 597 1787 632 pont.
1807 601 1884 622 anno
1904 601 1928 621 v.

1549 710 1666 746 XXtV.

1234 776 1347 809 Contra
1367 781 1538 820 pttynantes
1561 775 1591 807 in
1614 774 1727 817 duello,
1748 781 1801 808 aul
1819 775 1896 809 illud
1911 787 1983 820 per-

1283 826 1429 859 mittentes
1451 825 1481 858 t'n
1504 825 1597 858 Statu
1614 824 1835 857 Ecclesiastico.

1499 888 1715 919 SUMMAtttUM

1231 944 1419 974 Prooemium.
1437 960 1476 965 -
1492 943 1514 972 1.
1530 941 1643 972 Causae
1663 942 1748 972 istius
1765 942 1984 981 prohibitionis.

1268 1000 1307 1006 —-
1325 984 1352 1013 2.
1371 983 1533 1013 l'roliibitio
1553 982 1721 1013 duellorum
1741 983 1770 1012 in
1789 981 1871 1012 Statu
1890 983 1986 1013 eccle-

1270 1024 1400 1053 siastico.
1423 1040 1462 1045 —
1480 1023 1506 1052 3.
1531 1022 1694 1052 Proliibitio
1714 1022 1762 1052 illa
1786 1023 1984 1061 permittendi.

1328 1065 1355 1093 l.
1375 1063 1504 1102 Tempus
1523 1062 1733 1102 publicationis
1757 1063 1939 1101 praefinitur.

1311 1123 1396 1151 lulius
1416 1122 1558 1158 episcopus
1575 1128 1670 1149 servus
1687 1127 1827 1149 servorum
1846 1121 1909 1154 Dei,

1373 1168 1405 1195 ad
1431 1167 1593 1202 perpetuam
1609 1166 1649 1194 rei
1668 1166 1838 1194 memoriam.

1279 1222 1376 1268 Regis
1392 1220 1511 1268 pacifici
1528 1221 1580 1267 qui
1606 1229 1713 1267 regnat
1737 1220 1766 1254 in
1790 1220 1897 1260 caelis,
1911 1221 1984 1257 licet

1231 1270 1496 1307 insufficientibus
1525 1270 1656 1314 meritis,
1673 1269 1758 1303 vices
1785 1278 1930 1315 gerentes
1953 1271 1982 1306 in

1228 1322 1329 1365 terris,
1345 1329 1532 1355 cunctorum
1557 1319 1697 1354 lidelium
1715 1319 1821 1363 statui,
1838 1328 1931 1366 prout
1946 1333 1983 1356 ex

1226 1378 1392 1417 susceptae
1415 1369 1572 1404 servitutis
1600 1377 1746 1404 tenemur
1767 1368 1870 1404 officio
1894 1369 1983 1406 inde-

1227 1420 1306 1455 fessa
1333 1419 1458 1454 solertia
1487 1418 1706 1459 intendentes,
1742 1430 1777 1453 ae
1803 1418 1980 1454 animarum

1228 1470 1375 1517 perieulis
1392 1469 1517 1503 obviare
1523 1469 1712 1523 ‘cupientes
1728 1467 1764 1502 ad
1781 1480 1815 1502 ea
1833 1480 1887 1514 per
1902 1481 1983 1516 quae

1227 1519 1366 1566 ubique,
1380 1517 1563 1565 praesertim
1589 1530 1619 1552 m
1641 1517 1730 1552 terris
1753 1516 1915 1552 Romanae
1930 1530 1984 1554 ec—

1225 1569 1338 1604 clcsiae
1354 1579 1488 1615 sponsae
1503 1576 1628 1602 nostrae
1643 1566 1806 1612 subiectis,
1816 1567 1896 1602 inter
1905 1567 1983 1603 fide-

1226 1619 1269 1653 les
1305 1617 1434 1653 eosdem
1457 1616 1582 1661 caedes,
1606 1617 1689 1652 rixae
1711 1625 1740 1651 et
1763 1617 1982 1653 contentiones

1224 1676 1359 1712 cessent,
1387 1666 1608 1702 scandalorum
1641 1666 1792 1701 tollantur
1819 1666 1955 1702 fomenta
1974 1695 1982 1708 ‚

1225 1729 1282 1764 pax
1303 1725 1333 1752 et
1350 1716 1518 1752 concordia
1536 1716 1671 1763 vigeant,
1689 1716 1912 1764 prosperisque
1926 1728 1981 1752 eo-

1224 1780 1292 1802 rum
1320 1766 1520 1802 successibus
1547 1766 1755 1810 consulatur,
1783 1775 1980 1813 opportunae

1224 1816 1413 1863 provisionis
1432 1827 1559 1863 operam
1590 1814 1816 1863 impendimus,
1840 1824 1933 1862 prout
1949 1816 1979 1850 in

1223 1866 1361 1901 Domino
1389 1865 1604 1912 conspicimus
1630 1864 1798 1900 salubriter
1815 1864 1978 1912 expedire.

1271 1920 1286 1959 g
1303 1918 1333 1950 l.
1349 1914 1444 1960 Sane,
1460 1927 1522 1950 non
1538 1914 1605 1950 sine
1618 1915 1752 1950 maxima
1768 1914 1864 1950 animi
1881 1915 1979 1950 nostri

1225 1965 1481 2012 perturbatione,
1508 1965 1691 2012 accepimus
1725 1963 1810 2012 quod
1835 1965 1979 2001 nonnulli

1223 2015 1363 2049 fidelium
1380 2014 1626 2062 praedictorum,
1643 2015 1772 2050 inimico
1784 2015 1913 2050 humani
1928 2027 1979 2062 ge-

1222 2065 1306 2099 neris
1330 2065 1494 2111 instigante
1513 2073 1542 2099 et
1563 2065 1722 2112 aliquibus
1741 2066 1844 2100 causis
1868 2078 1980 2101 occur-

1223 2114 1376 2158 rentibus,
1393 2122 1421 2149 ct
1445 2115 1631 2162 plerumque
1647 2115 1799 2160 minimis,
1826 2123 1855 2151 et
1883 2115 1979 2151 inho—

1222 2165 1320 2199 nestis
1343 2176 1377 2198 ac
1402 2164 1525 2198 levibus
1548 2165 1661 2206 verbis,
1689 2165 1726 2199 ad
1755 2165 1978 2207 contumelias,

1221 2213 1439 2249 contentiones
1463 2222 1493 2248 et
1519 2214 1730 2250 ‹lil'lidationes
1757 2215 1978 2260 devenientes,

1221 2271 1255 2298 ut
1275 2264 1352 2298 alter
1365 2263 1493 2299 alterius
1516 2264 1670 2310 sanguiue
1686 2264 1828 2310 satietur,
1847 2264 1884 2299 ad
1902 2273 1978 2300 tem-

1222 2314 1344 2369 petales
1372 2313 1532 2361 principes
1556 2322 1585 2348 et
1601 2314 1760 2359 dominos,
1784 2315 1918 2350 maxime
1934 2315 1978 2350 ci-

1221 2363 1363 2408 vitatum,
1392 2374 1543 2399 terrarum
1563 2372 1591 2399 et
1621 2364 1759 2399 locorum
1784 2365 1859 2401 Sedi
1883 2366 1976 2413 Apo-

1220 2414 1290 2449 stol.
1306 2414 1532 2458 subiectorum,
1549 2414 1749 2461 confugiunt,
1765 2423 1856 2450 uteis
1870 2415 1975 2451 locum

1220 2474 1342 2509 tutum,
1357 2464 1421 2500 sive
1436 2476 1582 2511 campum
1605 2464 1642 2498 ad
1647 2442 1805 2499 Dduellum
1832 2478 1887 2501 seu
1916 2479 1976 2514 pu-

1196 2514 1380 2561 gnandum
1396 2514 1568 2559 assignent.
1586 2513 1624 2548 Et
1640 2526 1734 2562 quam
1753 2515 1876 2560 suis(1)
1894 2528 1978 2563 prin-

1220 2564 1306 2611 cipes
1328 2572 1357 2599 et
1373 2564 1490 2599 domini
1516 2564 1655 2611 praefati
1673 2564 1812 2599 duellum
1830 2566 1894 2600 sive
1909 2578 1973 2613 pu-

1256 2635 1294 2671 (l)
1311 2636 1433 2671 Legimus
1452 2639 1568 2669 quamvis
1585 2635 1642 2664 loco
1658 2644 1736 2669 qnam
1754 2638 1806 2664 suis
1823 2636 1860 2673 (a.
1878 2636 1928 2672 τ.).

2001 233 2053 260 Au.
2070 233 2098 259 C.
2118 232 2186 259 ¹:509

2026 1235 2158 1258 l'ruoemium.

2014 1925 2093 1946 Causae
2118 1926 2179 1947 istius

1973 1966 1978 1972 ·
1994 1955 2151 1982 prohibitionis.
