2281 3251
97 261 144 287 An.
162 259 190 287 Γ..
213 258 278 286 1509

118 1057 216 1077 Prohibit.
226 1055 286 1075 ducl-

105 1089 170 1108 lnrurn
187 1089 206 1108 in
228 1087 286 1107 Statu

105 1119 258 1139 ecclesiastico.

957 243 1062 267 ii‘m‘s

293 321 384 354 gnam
397 307 441 342 eis
455 304 637 341 dissuadere
653 310 682 338 et
697 302 865 349 probibere
882 300 1044 337 deberent,
1065 301 1067 323 '¹

296 369 397 393 tamen
415 356 600 403 plerumque
617 353 721 388 locum
746 360 797 386 ant
817 361 964 397 eampum
995 356 1046 382 tu-

296 417 360 442 tum
385 405 563 440 huiusmodi
588 404 772 448 assignant,
796 400 1047 444 malevolumqne

295 455 511 492 altercantium
541 452 736 500 propositum
765 450 801 484 ad
831 449 1045 484 executionem

295 514 422 552 augent,
445 503 608 550 magisque
628 502 679 536 uni
708 512 800 548 quam
825 500 910 533 alteri
935 498 1047 532 favent:

297 568 333 589 ex
348 566 410 601 quo
427 553 590 587 bominum
607 559 724 586 mortes
741 548 932 595 repentinae,
948 555 976 581 ct
989 546 1047 580 nisi

297 605 401 639 divina
415 602 512 649 gratia
528 601 783 647 praeveniantur,
794 598 968 632 animarum
984 607 1049 642 per-

297 654 456 696 ditiones,
489 651 700 685 mutilationes
727 656 758 683 et
784 648 911 681 vulnera
928 674 935 685 ,
969 646 1050 678 inter

297 710 497 748 astantesque
513 700 722 746 pugnantium
739 697 857 731 amicos
873 695 942 730 odia
958 702 987 728 et
1003 694 1050 728 al-

298 752 497 790 tercationes,
512 757 542 783 et
562 761 598 783 ex
619 761 682 783 uno
704 744 935 781 inconvenienti
964 743 1049 789 plura

299 802 455 839 oriuntur,
470 800 499 833 in
516 798 655 845 ipsorum
670 796 810 831 fidelium
830 794 1005 828 animarum
1022 799 1051 825 et

299 862 466 897 corporum
491 847 687 894 periculum,
710 844 901 891 generisque
924 841 1051 875 humani

301 899 432 947 praefati
451 899 614 935 iacturam,
644 894 856 941 perniciosum
872 890 1051 937 exemplum

300 958 329 984 et
356 947 539 982 scandalum
563 945 781 991 plurimorum.

351 997 370 1044 g
397 999 430 1030 2.
453 996 518 1030 Nos
535 995 639 1040 igitur,
655 993 706 1040 qui
723 991 861 1026 tidelinm
878 989 1054 1036 praedicto-

303 1060 371 1082 rum
399 1044 652 1092 tranquillitatem
676 1050 705 1076 et
729 1052 835 1087 pacem
851 1038 983 1073 sinceris
999 1037 1055 1071 de-

302 1095 428 1132 sideriis
449 1102 647 1140 exoptamus,
665 1089 882 1126 saluberrimis
909 1087 1056 1122 christia-

304 1158 359 1180 nae
370 1144 530 1190 religionis
546 1141 744 1177 documentis
754 1136 1055 1184 etexemplisDeum

304 1194 488 1230 tentandum
513 1204 574 1226 non
602 1203 670 1225 esse
692 1188 891 1236 praemoniti,
914 1185 1058 1220 Salvato-

305 1245 410 1291 risque
438 1242 566 1276 Domini
599 1240 695 1274 nostri
728 1238 796 1273 Iesu
832 1236 972 1274 Christi,
1005 1234 1056 1281 qni

303 1293 398 1328 Petro
421 1290 634 1338 apostolorum
662 1287 819 1335 principi,
856 1293 888 1319 ut
918 1283 1057 1330 gladium

306 1344 445 1376 mitteret
468 1341 498 1374 in
524 1339 665 1385 vaginam
690 1335 859 1375 mandavit,
887 1333 1060 1380 praeceptis

306 1391 422 1435 edocti,
437 1388 637 1424 attendentes
650 1386 812 1420 hominem
830 1383 962 1421 bomini,
980 1382 1061 1415 inter

306 1453 399 1488 quem
423 1438 646 1485 cognationem
669 1435 839 1482 quamdam
857 1442 966 1467 natura
983 1443 1061 1465 con-

307 1489 416 1530 stitnit,
429 1487 570 1522 insidiari
586 1483 915 1530 nefas30tgladiatoria
932 1492 1060 1515 munera

308 1547 337 1573 et
360 1537 564 1584 purgationes
586 1534 766 1569 huiusmodi
784 1532 927 1578 vulgares
948 1542 963 1565 a
987 1529 1061 1564 reli-

308 1588 412 1635 gionis
429 1594 554 1621 nostrae
571 1585 685 1632 pietate
700 1583 852 1620 damnari,
870 1588 1063 1625 cruentaque

309 1637 485 1684 spectacula
508 1647 524 1669 a
546 1635 644 1669 sacris
671 1632 845 1667 canonibus
860 1637 890 1664 et
912 1629 1063 1676 imperia-

311 1687 394 1721 libus
409 1685 532 1732 legibus
551 1683 682 1718 inhibita
698 1690 728 1716 et
751 1679 937 1728 improbata,
955 1679 1064 1724 sicque

311 1743 489 1784 pugnantes
505 1734 633 1768 infamia
648 1731 747 1766 notari
764 1738 794 1765 et
809 1729 941 1764 diversis
956 1727 1065 1775 poenis

315 1785 432 1833 puniri,
451 1792 479 1818 et
497 1795 568 1817 cnm
586 1781 670 1817 omni
687 1789 842 1826 tempore,
864 1778 1064 1825 potissimum

314 1844 416 1869 tamen
433 1834 463 1867 in
477 1833 546 1868 ocio
569 1831 651 1866 civili
672 1839 701 1865 et
717 1829 889 1864 domestica
912 1827 1017 1874 quiete
1037 1833 1067 1859 et

315 1883 440 1932 publica
456 1881 639 1917 detestanda
654 1891 735 1919 esse,
750 1885 837 1912 motu
852 1876 990 1924 proprio,
1004 1887 1066 1909 non

315 1933 352 1967 ad
376 1931 510 1966 alicuius
532 1942 628 1977 super
654 1929 714 1963 hoc
742 1927 834 1962 nobis
856 1926 978 1961 oblatae
995 1925 1068 1971 peti-

319 1982 412 2016 tionis
430 1980 622 2019 instantiam,
640 1978 695 2012 sed
719 1977 757 2011 de
777 1984 881 2011 nostra
904 1986 989 2009 mera
1012 1973 1070 2007 de-

319 2031 503 2065 liberatione
523 2037 604 2063 etex
619 2035 700 2062 certa
715 2026 858 2066 seientia,
874 2024 932 2059 liac
948 2024 977 2057 in
997 2035 1070 2070 per-

320 2093 449 2131 petuum
474 2082 602 2117 valitura
627 2079 870 2117 constitutione,
893 2077 1070 2111 duellorum

320 2148 350 2173 et
371 2137 578 2184 gladiatorum
606 2133 787 2168 huiusmodi
816 2144 906 2166 nsum
934 2131 1072 2165 damna—

322 2204 392 2227 mus
413 2199 443 2226 et
458 2190 685 2238 improbamus,
707 2196 737 2222 et
761 2188 790 2221 in
807 2187 896 2221 terris
910 2185 1072 2220 Romanae

323 2245 482 2280 Ecclesiae
497 2243 632 2279 mediate
656 2243 700 2276 vel
718 2240 898 2275 immediate
913 2238 1072 2278 subiectis,

325 2312 380 2348 per
401 2310 631 2347 quoscumque,
647 2296 757 2343 quavis
771 2294 955 2329 anctoritate
971 2300 1000 2327 et
1016 2303 1075 2339 po-

326 2361 434 2388 testate
447 2364 482 2387 ac
497 2351 659 2386 nobilitate
673 2348 876 2395 fulgentibus,
886 2346 944 2381 sub
955 2358 1074 2380 excom-

326 2405 548 2442 municationis
564 2405 642 2439 latae
657 2403 830 2438 sententiae
847 2412 958 2448 poena,
974 2412 990 2434 e
1005 2412 1077 2446 qua-

326 2472 462 2508 cumque
484 2471 590 2499 causa,
613 2459 707 2492 etiam
731 2469 745 2491 a
770 2456 892 2502 legibus
912 2454 1077 2500 permissa,

329 2514 395 2549 lieri
422 2513 552 2548 omnino
581 2511 800 2559 prohibemns:
830 2509 994 2554 dictosque
1020 2519 1078 2553 pu-

329 2568 407 2614 giles
418 2567 520 2602 taliter
534 2574 722 2614 pugnantes,
736 2563 853 2609 ubique
866 2562 997 2607 impunc
1010 2559 1078 2606 capi

333 2633 424 2669 posse
440 2628 470 2655 et
493 2620 594 2668 puniri
618 2631 675 2665 pro
691 2616 859 2652 homicidio
875 2615 924 2649 vel
940 2614 1079 2653 vulnere,

1086 242 1109 263 ιι
1133 240 1180 262 Ν».
1717 221 1788 254 -ίῖῖῗ

1090 298 1169 330 invi..
1189 295 1265 328 iniis
1279 291 1458 327 communis
1481 287 1731 335 dispositionem,
1757 285 1837 319 nulla

1089 346 1134 380 eis
1156 342 1385 380 consuetudine
1414 340 1625 385 suffragante,
1660 336 1837 374 statuimus:

1090 406 1283 441 corporaque
1313 393 1343 426 in
1378 389 1484 425 duello
1508 390 1538 422 in
1562 387 1654 422 terris
1681 385 1841 420 Ecclesiae

1091 444 1224 478 mediate
1247 443 1292 477 vel
1311 440 1488 475 immediate
1511 437 1662 473 subiectis
1677 435 1757 470 facto
1773 446 1842 468 ino-

1092 494 1238 528 rientinm
1260 492 1289 526 in
1313 502 1401 525 sacro
1428 488 1553 535 sepeliri
1578 485 1792 533 prohibentes.

1140 546 1159 589 S

1094 605 1130 627 na
1153 601 1183 625 et
1208 589 1364 625 interdicti
1394 585 1612 626 ecclesiastici,
1640 583 1788 618 omnibus
1815 590 1845 617 et
1860 584 1897 603 ''⁴“

1092 641 1227 688 singulis
1253 641 1417 685 utriusque
1444 649 1539 672 sexus
1562 635 1716 673 ducibus,
1738 633 1846 668 comi-

1095 691 1189 729 tibus,
1206 687 1456 727 marchionibus,
1472 684 1659 727 domicellis,
1677 681 1847 718 baronibus

1094 747 1122 774 et
1135 740 1202 773 aliis
1219 736 1445 784 temporalibus
1460 734 1609 777 dominis,
1620 732 1753 772 vicariis,
1765 743 1849 766 com-

1094 787 1303 822 munitatibus
1326 794 1356 820 et
1384 783 1642 819 universitatibus
1664 782 1824 816 civitatum
1840 808 1847 819 ,

1097 847 1247 872 terrarum
1276 844 1305 870 et
1328 835 1484 877 locorum,
1500 832 1656 880 praefatae
1687 831 1848 866 Romanae

1095 887 1245 921 ecclesiae
1273 884 1408 919 mediate
1445 884 1490 917 vel
1522 881 1701 916 immediate
1735 879 1850 914 subie-

1097 944 1232 979 ctorum,
1254 933 1440 969 mandantes
1463 944 1501 966 ne
1520 931 1559 965 de
1581 938 1686 965 cetero
1700 957 1708 967 ,
1736 939 1851 976 perpe—

1098 986 1159 1020 tuis
1178 984 1291 1018 futuris
1318 981 1525 1028 temporibus,
1553 978 1722 1025 aliquibus,
1750 978 1852 1012 cuius-

1098 1046 1235 1080 cumque
1258 1032 1419 1078 dignitatis
1442 1038 1471 1065 et
1494 1028 1668 1063 nobilitatis
1691 1027 1806 1060 fuerint
1822 1034 1848 1059 et

1099 1097 1135 1118 ex
1147 1093 1350 1130 quacumque
1372 1092 1477 1123 causa,
1501 1079 1592 1113 etiam
1616 1089 1632 1111 a
1649 1075 1773 1121 legibus
1788 1086 1849 1108 non

1100 1132 1286 1179 improbata,
1305 1132 1406 1165 locum
1423 1141 1478 1163 seu
1503 1138 1648 1173 campum
1662 1125 1797 1159 liberum
1813 1122 1851 1157 ad

1100 1182 1252 1225 duellum,
1275 1192 1329 1214 seu
1349 1179 1424 1214 alias
1447 1178 1482 1212 ad
1509 1175 1714 1224 pugnandum
1738 1181 1854 1215 tutum,

1100 1230 1337 1279 quomodolibet
1371 1228 1553 1273 assignent,
1585 1223 1762 1260 concedant
1799 1234 1853 1257 seu

1103 1281 1246 1320 tradant,
1268 1287 1320 1314 aut
1342 1276 1514 1323 assignari,
1538 1273 1665 1310 concedi
1694 1285 1749 1307 seu
1777 1271 1855 1306 tradi

1103 1331 1215 1365 faciant
1232 1328 1277 1362 vel
1300 1327 1497 1375 permittant,
1521 1324 1579 1359 sub
1598 1321 1856 1358 excommunica-

1104 1379 1195 1414 tionis
1219 1378 1296 1412 latae
1311 1376 1484 1411 sententiae
1507 1384 1538 1408 et
1564 1382 1698 1420 quatuor
1720 1370 1854 1405 millium

1103 1429 1287 1463 ducatorum
1311 1426 1463 1460 Gamerae
1478 1422 1678 1469 Apostolicae
1692 1420 1857 1467 applican-

1104 1478 1215 1512 dorum
1232 1488 1345 1523 poena,
1357 1487 1411 1522 pro
1425 1473 1561 1521 qualibet
1575 1472 1642 1505 vice
1659 1468 1856 1505 incurrenda.

1105 1527 1143 1561 Et
1173 1527 1196 1560 si
1222 1524 1403 1560 huiusmodi
1431 1520 1663 1557 constitutionis
1693 1519 1858 1553 violatores

1105 1576 1184 1611 ultra
1197 1575 1310 1610 dictam
1341 1574 1473 1621 primam
1499 1572 1596 1605 vicem
1621 1569 1749 1609 fuerint,
1779 1566 1858 1602 ultra

1105 1625 1204 1660 dictas
1233 1635 1362 1671 poenas,
1386 1622 1477 1657 teudo
1499 1632 1554 1655 seu
1576 1619 1740 1656 vicariatu,
1763 1628 1857 1664 quem

1105 1687 1122 1709 a
1149 1674 1230 1709 dicta
1251 1674 1392 1708 Romana
1411 1670 1550 1706 Ecclesia
1573 1667 1781 1707 obtinuerint,
1799 1666 1860 1715 pri-

1107 1732 1192 1759 vatos
1208 1723 1274 1758 fore
1290 1721 1459 1770 apostolica
1473 1719 1657 1755 auctoritate
1671 1725 1779 1752 tenore
1789 1728 1860 1764 prze-

1107 1773 1263 1813 sentium,
1283 1771 1510 1819 praecipimus,
1547 1767 1736 1803 mandamus
1769 1774 1861 1813 atque

1108 1823 1321 1861 decernimus,
1345 1833 1406 1855 non
1435 1817 1632 1854 obstantibus
1654 1816 1862 1863 quibuscum-

1109 1884 1170 1920 que
1185 1872 1309 1906 statutis
1323 1879 1353 1905 et
1367 1866 1666 1906 consuetudinibus,
1679 1865 1862 1912 privilegiis,

1110 1921 1241 1956 indultis
1263 1928 1294 1955 et
1315 1917 1576 1955 concessionibus
1595 1916 1704 1962 quavis
1725 1914 1863 1949 auctori-

1112 1979 1173 2006 tate
1200 1970 1294 2005 editis
1315 1977 1344 2004 et
1363 1967 1525 2015 quibusvis
1548 1965 1718 2008 concessis,
1741 1963 1865 1998 ceteris-

1112 2032 1173 2068 que
1196 2019 1359 2054 contrariis
1381 2017 1646 2064 quibuscumque.

1162 2074 1182 2120 g
1208 2075 1241 2107 4.
1270 2071 1426 2106 Volumus
1448 2077 1553 2104 autem
1577 2066 1662 2114 quod
1687 2072 1866 2112 praesentes
1891 2074 1976 2124 [pum-¹<
2002 2072 2066 2122 pungi*

1883 2112 1905 2124 sd
1919 2110 1973 2124 ΙΠΠΙΞ
1990 2110 2038 2130 prat*
2057 2113 2067 2116 -

1114 2127 1222 2162 literae
1235 2134 1372 2165 nostrae,
1388 2131 1557 2171 postquam
1572 2121 1602 2155 in
1613 2120 1707 2154 valvis
1721 2118 1867 2153 basilicae
1884 2138 1946 2155 mm„

1116 2180 1272 2227 Principis
1292 2177 1504 2226 apostolorum
1520 2184 1550 2209 et
1573 2175 1602 2209 in
1622 2173 1743 2219 Campo
1756 2171 1868 2206 Florae¹

1118 2236 1148 2269 in
1170 2234 1256 2269 Urbe
1275 2233 1384 2268 affixae
1402 2231 1530 2269 fuerint,
1553 2240 1664 2263 omnes
1679 2235 1710 2262 et
1726 2226 1869 2272 singulos

1117 2288 1201 2323 cives
1227 2288 1390 2322 Romanos
1412 2294 1441 2319 et
1468 2283 1545 2318 alios
1568 2284 1598 2316 in
1620 2281 1706 2316 Urbe
1734 2292 1870 2315 commo-

1119 2351 1233 2381 rantes,
1249 2341 1348 2376 allixis
1363 2337 1542 2386 quindecim
1560 2335 1683 2375 diebus;
1705 2334 1783 2369 alios
1799 2345 1870 2367 vero

1119 2397 1235 2439 duces,
1266 2395 1419 2437 comites,
1443 2391 1659 2433 marchiones,
1675 2387 1870 2424 domicellos,

1120 2451 1252 2484 barones
1279 2456 1309 2483 et
1327 2447 1407 2481 alios
1431 2444 1618 2492 temporales
1645 2442 1802 2481 dominos,
1825 2441 1870 2474 vi-

1121 2504 1232 2546 carios,
1248 2501 1489 2537 communitates
1511 2507 1540 2534 et
1555 2496 1773 2532 universitates
1789 2506 1871 2542 praev

1123 2558 1199 2592 satas
1218 2557 1389 2599 civitatum,
1415 2563 1566 2589 terrarum
1583 2552 1763 2587 etlocorum
1775 2576 1782 2589 ,
1796 2548 1871 2583 Sedi

1125 2611 1278 2659 praefatae
1304 2609 1437 2643 mediate
1459 2608 1506 2642 vel
1531 2605 1711 2641 immediate
1736 2602 1873 2638 subdito·

1856 252 1858 254 ,
1898 228 1948 254 4(Ἴ.
1969 228 2035 254 ΜΟΘ

1179 547 1210 576 5.
1226 542 1293 576 Sub
1308 540 1400 575 simili
1415 534 1751 574 excommunicationis
1767 544 1844 581 poe·
1873 545 1988 564 tuomum
2009 544 2042 563 ai,

1901 577 2002 596 mittendi.
