2281 3251
252 253 304 280 Αιι.
322 251 435 280 (2.1513

267 1445 408 1468 Protonouri'
405 1453 418 1467 ι.

501 242 572 275 574

451 307 685 355 presbyteratus
706 304 874 340 ordinibus
889 304 1047 351 reliquum
1062 305 1205 340 carlenos

450 356 662 392 Cauccllariae
681 354 843 389 dumtaxat
865 354 1016 402 recipeie.
1041 355 1207 389 Examina-

450 415 499 442 tor
523 418 606 446 vero,
623 418 678 452 pro
702 404 884 439 huiusmodi
907 404 1045 439 mandati
1069 404 1206 439 subscri-

452 456 569 503 ptione,
591 466 688 489 unum
711 453 886 495 carlenum,
909 454 990 490 ultra
1012 454 1160 490 salarium
1175 456 1202 490 ei

450 505 563 546 assdicia
582 504 714 539 Camcra
730 504 948 549 constitutum,
965 503 1080 540 babere
1101 504 1203 539 debet.

451 554 491 590 Et
517 562 551 588 ut
579 565 690 589 omnes
719 553 749 587 in
773 553 918 589 Romana
944 553 1052 598 Curia,
1075 562 1138 589 tam
1167 554 1206 588 li-

451 614 588 639 terarum
603 614 712 638 sacrae
735 602 999 639 Poenitentiariae
1020 616 1114 651 quam
1130 616 1206 651 sup-

452 653 657 701 plicationum
683 664 739 700 per
761 665 820 688 nos
846 665 901 688 seu
930 652 1109 688 Romanum
1126 653 1207 689 Pon-

452 703 566 738 tilicem
591 715 647 750 pro
670 709 812 749 tempore
834 703 1034 745 existentem,
1049 715 1084 739 ac
1098 703 1137 739 de
1154 716 1207 739 no-

450 761 514 787 stro
535 764 591 787 seu
619 751 755 787 Romani
790 751 954 788 Pontificis
982 765 1039 800 pro
1065 761 1207 801 tempore

451 801 612 837 existentis
640 801 786 837 mandato
805 802 998 849 signatarum
1022 803 1141 850 vigore,
1161 815 1208 838 or-

450 851 580 886 dinandi
615 851 654 886 ad
689 851 814 886 ordines
847 852 905 887 rite
939 861 1206 899 promoveantur,

450 901 620 936 statuimus
642 909 672 935 et
699 900 886 936 ordinamus
908 901 993 949 quod
1022 902 1098 937 tales
1125 902 1208 938 ordi-

451 950 546 986 nandi
575 951 605 985 in
633 950 717 985 dicta
748 950 867 992 Curia,
895 951 1020 986 clericis
1053 951 1208 987 Romanis

449 1000 613 1035 dumtaxat
631 1001 784 1048 exceptis,
800 1013 854 1047 per
871 1001 1119 1037 examinatorem
1139 1014 1207 1037 exa-

450 1050 588 1090 minari,
628 1059 659 1084 et
693 1062 750 1097 per
781 1050 982 1086 ordinatores
1008 1051 1208 1099 supradictos

450 1099 590 1134 ordinari
618 1099 780 1144 debeant„
816 1101 891 1135 alias
926 1100 957 1136 in
991 1100 1074 1136 dicta
1112 1100 1207 1136 Curia

450 1149 669 1184 examinantes
707 1158 737 1184 et
777 1150 960 1186 ordinantes
998 1162 1034 1186 ac
1073 1150 1207 1186 ordinati

451 1199 572 1233 crimen
597 1198 678 1240 salsi.
696 1211 732 1234 ac
756 1211 888 1246 poenam
912 1199 1123 1235 ducentorum
1147 1201 1208 1235 du-

451 1257 590 1283 catorum
606 1249 685 1292 anri,
699 1248 792 1283 dictae
809 1249 943 1285 fabricae
959 1249 1107 1285 basilicae
1124 1250 1208 1285 Prin-

451 1298 531 1345 cipis
547 1297 770 1353 Apostolorum
783 1298 822 1334 dc
835 1298 919 1334 Urbe
933 1300 1207 1347 applicandoiwiiii,

453 1359 490 1382 eo
513 1347 582 1395 ipso
604 1348 777 1383 incurrant.

501 1397 776 1444 §''1.Statuimus
795 1405 824 1433 et
847 1398 1032 1434 ordinamus
1055 1399 1139 1447 quod
1154 1399 1210 1435 Se-

452 1445 502 1481 dis
518 1446 722 1494 Apostolicae
745 1447 869 1489 notarii,
882 1457 1037 1496 perpetuo
1059 1449 1209 1497 deinceps

451 1495 566 1531 futuris
589 1496 797 1544 temporibus,
809 1509 980 1533 commune
1004 1500 1210 1534 monasterio-

452 1559 534 1587 rum,
556 1558 692 1602 quorum
728 1547 847 1583 fructus
874 1547 1082 1584 ducentorum
1112 1549 1209 1584 duca-

452 1603 554 1631 torum
583 1596 650 1631 auri
678 1596 716 1632 de
739 1596 893 1643 Camera,
915 1598 1092 1634 secundum
1121 1610 1209 1634 com-

451 1657 583 1681 munem
606 1646 871 1692 extimationem,
901 1648 1037 1684 xalorcm
1065 1660 1207 1684 annuum

451 1707 514 1731 non
536 1695 704 1736 excedunt,
720 1704 751 1732 et
772 1709 852 1744 quae
869 1709 925 1745 per
946 1698 1207 1746 supplicationem

451 1745 678 1793 expediuntur,
701 1758 756 1794 pro
783 1747 919 1794 singulis
946 1747 1054 1783 decem
1089 1748 1209 1784 ducatis

452 1795 566 1831 valoris
581 1796 734 1843 expressi.
747 1796 915 1831 dimidium
939 1796 1086 1833 ducatum
1108 1811 1208 1846 nsque

452 1845 490 1880 ad
515 1845 652 1892 primum
676 1847 909 1886 centenariunn
930 1855 959 1882 et
983 1859 1039 1895 pro
1067 1849 1209 1883 secundo

453 1895 645 1936 centenario,
662 1907 761 1930 unum
784 1895 935 1931 ducatum
949 1897 1124 1952 recipiant.
1148 1898 1208 1933 Lbi

453 1956 527 1979 xero
549 1944 679 1980 ecclesia
701 1957 757 1980 sen
787 1946 1011 1981 monasterium
1037 1947 1141 1993 vigore
1157 1960 1210 1983 ce-

454 1993 548 2029 dulae
575 1995 807 2031 concistorialis
828 1995 995 2042 expeditur
1007 1997 1071 2031 sive
1083 2010 1138 2044 per
1154 1999 1211 2033 Ca-

455 2055 573 2080 meram
596 2045 660 2080 sire
675 2056 728 2092 per
741 2044 984 2091 Cancellariam⁷
1004 2048 1098 2081 semel
1115 2047 1210 2083 duin-

455 2105 538 2133 taxat
560 2098 626 2134 iura
649 2098 710 2134 sibi
733 2098 839 2134 debita
862 2100 1000 2147 capiant;
1023 2109 1051 2135 et
1075 2101 1100 2135 si
1132 2102 1208 2136 sorte

457 2159 538 2197 taxa,
561 2152 599 2187 ad
627 2165 722 2200 quam
750 2152 872 2188 fructus
894 2154 1044 2190 ecelesiae
1060 2155 1125 2190 sire
1142 2169 1210 2191 mo-

456 2206 583 2241 nasterii
608 2206 639 2242 in
661 2207 750 2243 libris
764 2207 917 2244 Gamerae
931 2210 1025 2244 taxati
1049 2210 1210 2255 reperiun-

456 2268 518 2303 tur,
541 2261 581 2296 ob
603 2262 786 2307 exilitatem,
813 2263 1021 2299 vastationem
1047 2263 1093 2299 rel
1118 2265 1209 2299 aliam

457 2327 692 2364 quamcumque
714 2329 853 2360 causam,
871 2330 996 2366 pernes
1016 2319 1060 2354 vel
1080 2331 1211 2354 succes-

457 2382 545 2406 sores
573 2379 696 2407 nostros
733 2385 788 2420 pro
822 2380 964 2420 tempore
999 2373 1209 2418 reduceretur.

459 2425 542 2460 iuxta
566 2425 781 2462 reductionem
806 2427 905 2474 ipsam
928 2427 1115 2475 percipiant.
1139 2427 1211 2463 Cle-

461 2479 514 2514 rici
549 2488 653 2516 autcm
681 2481 823 2528 ipsorum
853 2482 1047 2517 notariorum
1084 2481 1160 2516 niliil
1197 2494 1210 2515 a

461 2534 602 2581 partibus
627 2534 668 2570 ob
702 2536 919 2583 expeditiones
948 2535 1121 2584 praedictas
1145 2537 1213 2571 exi-

461 2596 547 2634 gant,
568 2588 622 2624 sed
650 2589 695 2624 cis
717 2601 774 2637 per
794 2589 896 2626 dictos
928 2591 1076 2636 notarios,
1099 2590 1214 2638 quilius

463 2642 658 2685 inserviunt,
692 2643 833 2680 satisfiat.
861 2644 1009 2681 Officium
1044 2656 1155 2682 eorum
1184 2644 1213 2680 in

1036 250 1223 274 actutum!
1250 249 1413 274 nouam!

1246 305 1441 341 Cancellaria
1469 314 1573 341 nostra
1591 333 1598 346 ,
1628 306 1714 340 iuxta
1742 304 1906 353 antiquum
1931 317 2002 341 mo-

1248 367 1313 390 rem
1346 364 1375 390 et
1410 355 1641 391 observantiam
1689 363 1719 391 et
1759 355 2003 391 constitutiones

1247 417 1369 449 eorum,
1383 413 1548 441 exerceant
1570 405 1685 441 diebus
1712 405 1916 441 cancellariae
1947 405 2004 441 de·-

1249 456 1384 501 pntatis‚
1408 454 1495 490 horis
1517 454 1780 490 convenientibus
1802 455 2003 498 conveniant,

1247 513 1278 538 et
1320 516 1353 540 se
1400 513 1582 552 praesentes
1620 504 1788 540 exhibeant
1827 516 1928 553 usque
1965 505 2003 540 ad

1248 554 1344 589 finem
1370 554 1586 589 cancellariae.
1606 553 1826 590 Incumbentia
1840 555 1877 590 ad
1893 566 2002 590 eorum

1247 603 1384 639 officium
1426 616 1488 638 non
1516 603 1698 649 dimittant,
1731 604 1788 639 sed
1822 617 1894 640 cum
1918 605 2003 640 omni

1249 653 1375 689 solertia
1394 661 1425 689 et
1446 653 1612 701 diligentia
1628 662 1803 689 exerceant.

1297 703 1317 750 S
1339 705 1373 738 8.
1405 702 1521 738 Clerici
1549 711 1669 751 septem
1693 702 1845 739 Gamerae
1867 703 2005 751 Aposto-

1248 752 1326 788 licae
1350 753 1526 800 cappellani
1555 753 1652 788 nostri
1687 765 1797 788 eorum
1825 753 1953 801 antiqua
1974 760 2005 789 et

1250 803 1329 838 iusta
1345 802 1559 838 emolumenta
1575 802 1714 850 capiant,
1730 801 1849 851 absque
1865 802 2004 850 querela,

1249 852 1304 887 sed
1323 853 1498 898 moderate⁷
1515 860 1608 899 prout
1631 852 1780 897 dccet,ex
1803 852 2007 900 quibuscum-

1248 914 1311 950 que
1327 902 1588 950 expeditionibus
1609 902 1832 948 ecelesiarum,
1855 909 2006 937 monaste-

1249 953 1366 987 riorum
1390 960 1419 988 et
1448 953 1646 1000 prioratuum
1675 952 1706 987 in
1736 951 1829 987 libris
1851 951 2005 987 Gamerae

1250 1010 1442 1046 taxatornm,
1455 1003 1548 1037 etiam
1567 1002 1782 1038 retentionum
1806 1013 1862 1049 pro
1876 1001 2006 1037 minutis

1249 1052 1295 1087 eis
1323 1051 1447 1087 debitis.
1471 1052 1534 1087 Pro
1556 1051 1704 1087 devoluto
1727 1059 1832 1086 antem
1855 1051 1935 1086 nihil
1954 1062 2008 1087 ca-

1251 1101 1347 1149 piant;
1368 1101 1460 1136 etiam
1480 1102 1506 1137 si
1525 1102 1633 1138 literae
1655 1101 1848 1149 apostolicae
1871 1101 2008 1148 desuper

1251 1150 1381 1198 pluries,
1403 1151 1513 1186 eadem
1539 1152 1700 1187 vacatione
1723 1150 1868 1195 durante,
1891 1163 1948 1198 pro
1961 1162 2008 1186 ea-

1250 1201 1322 1235 ‹lcm
1354 1213 1485 1248 persona
1504 1229 1514 1246 7
1551 1202 1644 1237 etiam
1672 1201 1733 1236 snb
1767 1200 1899 1236 diversis
1926 1199 2008 1235 datis

1250 1250 1473 1297 expediantni·‚
1494 1251 1586 1286 unica
1603 1251 1759 1286 solutione
1778 1250 1918 1286 contenti
1933 1250 2008 1290 sint;

1250 1300 1305 1334 scd
1329 1300 1398 1336 loco
1420 1300 1645 1342 ‹lex-olnti‚tres
1670 1312 1726 1347 pro
1754 1300 1936 1335 centenario
1958 1311 2008 1335 an-

1251 1358 1395 1385 natarum
1417 1358 1447 1385 et
1470 1350 1688 1385 communium
1713 1350 1758 1384 eis
1782 1362 1836 1396 per
1854 1361 1911 1384 nos
1930 1361 2009 1385 con-

1250 1412 1371 1445 cessos,
1394 1408 1425 1435 et
1448 1400 1477 1434 in
1501 1400 1831 1448 recompensationem
1855 1399 1930 1434 dict-i
1958 1398 2008 1434 de-

1251 1449 1347 1484 voluti
1384 1449 1423 1485 de
1457 1450 1579 1486 annatis
1616 1461 1688 1484 rere
1714 1448 1830 1484 debitis
1866 1456 2008 1496 tempore

1252 1500 1437 1543 mentionis,
1453 1512 1515 1535 non
1543 1507 1649 1534 autem
1676 1499 1812 1546 speratis
1838 1499 1886 1534 vet
1913 1510 2009 1534 even-

1252 1550 1406 1594 tualibus,
1434 1562 1514 1596 qnae
1537 1549 1720 1585 evenientes
1746 1561 1822 1584 casu
1845 1548 2009 1584 dumtaxat

1251 1599 1332 1646 exigi
1362 1600 1494 1645 possint.
1517 1599 1671 1646 [demque
1689 1598 1717 1633 in
1739 1598 1868 1646 reliquis
1884 1597 2010 1634 iuribus

1250 1649 1296 1683 eis
1318 1648 1435 1684 debitis
1460 1650 1576 1685 servari
1600 1649 1762 1693 volumus,
1790 1656 1908 1684 utante
1930 1659 2010 1684 con-

1251 1699 1380 1734 ditionis
1416 1706 1564 1734 eventum
1595 1698 1642 1734 vel
1670 1698 1824 1734 fructibus
1851 1710 1922 1734 vere
1949 1698 2008 1734 de-

1252 1748 1326 1783 bitis
1350 1749 1409 1796 peti
1434 1761 1496 1784 non
1522 1749 1659 1796 possint3
1682 1748 1739 1784 sed
1762 1748 1910 1795 obligatio
1927 1749 2011 1796 priu-

1251 1799 1301 1846 cip
1305 1798 1362 1833 ilis
1376 1811 1448 1834 cum
1469 1799 1614 1834 cautione
1629 1797 1776 1842 sufficiat
1787 1805 1818 1833 et
1829 1810 1919 1846 pro0
1901 1797 2010 1833 oratiis

1252 1847 1405 1884 siciendis
1431 1856 1494 1883 tam
1518 1848 1735 1884 communium
1759 1859 1854 1895 quam
1877 1854 2010 1883 annata-

1252 1911 1334 1943 rum,
1358 1911 1421 1934 non
1446 1898 1525 1933 ultra
1552 1910 1646 1946 qnam
1670 1898 1707 1933 ad
1728 1898 1882 1933 rationem
1897 1897 2008 1933 decem

1253 1960 1308 1995 pro
1331 1948 1513 1984 centenario
1540 1959 1556 1982 a
1579 1947 1834 1995 quibuscumspie
1853 1947 2009 1995 personis,

1252 1998 1482 2046 cuiuscumque
1509 1997 1668 2044 qualitatis
1682 2005 1713 2032 et
1735 1997 1907 2043 dignitatis,
1924 2008 2009 2044 prae·

1252 2056 1394 2095 terquam
1414 2060 1429 2082 a
1444 2046 1477 2082 S.
1498 2046 1537 2081 R.
1561 2047 1599 2082 E.
1622 2046 2010 2095 cardinalibus‚aquibus

1253 2101 1328 2137 nibil
1358 2114 1469 2149 capere
1493 2101 1623 2149 possint.

1300 2162 1315 2199 ᾗ
1344 2158 1376 2191 9.
1412 2156 1614 2191 Notariorum
1645 2167 1716 2191 vero
1739 2154 1892 2191 Gamerae
1918 2154 2010 2202 Apo-

1252 2211 1379 2246 stolicac
1407 2211 1485 2246 haec
1506 2211 1570 2246 sint
1598 2210 1825 2246 emolumenta:
1849 2209 2009 2252 videlicet,

1253 2278 1309 2312 pro
1326 2265 1518 2313 obligatione
1537 2265 1675 2300 cuiusvis
1697 2264 1850 2300 ecclesiae
1870 2263 1916 2300 vel
1939 2275 2011 2300 mo-

1254 2320 1380 2354 nasterii
1409 2319 1600 2368 recipienda,
1624 2319 1714 2354 cuins
1737 2319 1858 2354 fructus
1886 2318 1925 2354 ab
1948 2330 2011 2353 uno

1253 2374 1290 2409 ad
1313 2375 1508 2422 quingentos
1541 2386 1640 2422 usque
1677 2374 1707 2408 in
1743 2372 1877 2409 Camera
1905 2371 2012 2413 taxati,

1255 2441 1378 2471 nnnm3
1407 2438 1437 2464 ct
1468 2441 1484 2464 a
1519 2428 1702 2478 quingentis
1729 2440 1831 2476 usque
1859 2427 1897 2463 ad
1929 2427 2014 2462 mille

1254 2483 1392 2518 llorenos
1423 2482 1692 2524 inclusive‚du0s;
1713 2482 1837 2527 exinde,
1860 2493 1916 2530 pro
1939 2480 2012 2515 mil-

1255 2536 1373 2572 lenario
1400 2537 1566 2585 quolibet,
1591 2549 1689 2571 unum
1720 2537 1856 2572 florenos
1890 2535 2012 2570 similes

1255 2599 1285 2626 et
1307 2593 1451 2638 grossum
1481 2604 1577 2626 unum
1614 2600 1761 2626 turonen.
1784 2590 1920 2638 capiant3
1957 2600 2013 2637 pro

1256 2646 1398 2682 examine
1416 2647 1511 2682 miius
1534 2645 1632 2688 testis,
1655 2657 1800 2693 grossum
1826 2656 1936 2686 unum3
1954 2655 2010 2692 pro

2019 249 2068 276 An.
2086 249 2116 276 C.
2135 248 2202 276 ttit3

2032 714 2107 736 Clerici
2129 713 2204 736 Cum·-

2019 751 2064 768 rae.

2037 2161 2117 2184 Nata-ii
2135 2161 2210 2183 earne-

2024 2199 2060 2215 ηε
2072 2193 2210 2221 Αροειοιίει.
