2281 3251
227 257 279 284 An.
296 256 326 284 C.
341 256 408 285 ¹⁶5²

474 248 517 280 14
1015 257 1200 279 tietmarum
1228 255 1387 278 nomiman

423 321 454 348 et
476 320 649 347 statuentes
671 312 753 360 quod
777 312 948 347 electiones
970 312 1117 346 abhatnm
1141 319 1171 346 et

424 362 608 410 priornmad
619 363 720 397 dictae
729 362 980 408 congregationis
995 362 1168 407 rapitnlnm

422 414 578 459 genetale.
600 421 651 447 aut
677 413 903 458 praesidentem
927 421 955 446 et
986 412 1168 452 tisitatores,

423 464 506 497 iuxta
529 475 710 497 concessam
734 463 790 504 eis,
807 470 837 495 nt
862 461 1046 508 praefertur,
1070 460 1168 495 sacul-

423 520 515 547 tatem
539 522 569 547 et
595 524 704 547 eorum
736 512 976 545 constitutiones
991 518 1019 544 et
1042 518 1168 553 statuta,

423 563 610 606 pertineant:
637 561 752 608 quihus
789 561 889 595 taliter
924 560 1048 602 electis,
1084 560 1166 593 iuxta

423 611 575 658 Regulam
600 611 634 645 B.
661 610 822 645 Benedicti
839 619 867 644 et
888 621 995 644 eorum
1011 611 1168 643 constitu-

423 662 535 705 tiones,
549 661 738 695 monasteria
755 661 832 706 ipsa,
846 660 910 693 sire
930 659 994 693 loca
1013 667 1042 693 et
1058 672 1165 693 eorum

422 710 500 746 bona
517 720 578 745 tam
596 711 625 744 in
642 709 855 757 spiritualibus
865 720 958 755 qnam
970 708 999 742 in
1015 717 1168 755 tempora

421 760 502 795 libus
526 760 651 805 regendi
673 768 701 794 et
717 758 913 805 gubernandi
933 757 1027 793 libera
1041 767 1069 792 et
1085 758 1164 793 licita

419 811 459 844 sit
482 810 620 845 facultas.

468 861 488 906 5
516 862 567 893 15.
592 860 658 893 Non
687 857 884 893 obstantibus
913 858 1094 903 praemissis
1129 871 1164 894 ac

228 909 490 943 Οθ’·*ωψΝίι-ιιΙιι5·
531 907 810 944 constitutionibus
852 915 882 941 et
916 907 1165 943 ordinationibus

223 944 303 966 ιομιιο

419 959 612 1006 apostolicis,
634 958 726 992 etiam
755 958 779 992 si
803 957 840 992 de
874 957 935 991 illis
961 958 1106 1004 specialis
1133 967 1163 993 et

419 1021 563 1055 expressa
585 1021 620 1042 ac
643 1008 681 1042 de
701 1007 794 1042 verbo
807 1006 844 1041 ad
862 1007 989 1041 verbnm
1015 1020 1164 1054 praesen-

418 1059 502 1093 tibus
525 1058 642 1093 mentio
659 1057 801 1092 habenda
820 1066 915 1095 esset,
938 1058 1067 1103 quibus,
1087 1071 1163 1105 qno-

417 1108 453 1142 ad
478 1108 661 1155 praemissa,
669 1107 854 1163 specialiter
875 1107 1075 1153 derogamus3
1089 1120 1163 1143 nec-

417 1171 478 1193 non
508 1158 779 1196 monasteriorum
804 1157 997 1204 prioratuum
1021 1157 1162 1193 etOidi-

416 1221 490 1242 num
519 1206 765 1254 praedictorum,
786 1206 972 1250 iuramento,
991 1208 1160 1242 confirma-

416 1258 499 1292 tione
520 1256 690 1304 apostolica
714 1256 761 1291 vel
784 1269 985 1303 quacumque
1017 1258 1161 1293 firmitate

415 1307 473 1342 alia
496 1306 648 1342 roboratis
667 1306 790 1341 statutis
812 1313 842 1340 et
864 1307 1160 1347 consuetudinilnis,

414 1357 609 1403 caeterisque
620 1356 785 1391 contrariis
796 1356 1062 1404 quibuscumque.
1076 1354 1160 1392 Nhlli

414 1419 490 1452 ergo
516 1414 570 1440 etc.
600 1406 633 1439 Si
668 1406 739 1452 qnis
775 1414 826 1440 etc.

465 1455 577 1490 Datum
605 1454 724 1490 Romae
746 1455 829 1502 apud
858 1456 890 1489 S.
912 1456 1054 1501 Petrum,
1076 1469 1161 1492 anno

416 1505 643 1540 iucarnationis
669 1505 847 1540 dominicae
866 1508 969 1550 1452,
989 1519 1073 1541 nono
1099 1507 1159 1542 kat.

414 1554 602 1599 decembris,
632 1556 829 1602 pontificatus
851 1557 947 1591 nostri
972 1568 1056 1592 anno
1083 1569 1119 1592 ιι.

443 1617 503 1647 Dat.
519 1617 565 1647 die
576 1618 614 1648 ⁶23
630 1618 796 1648 novembris
810 1619 896 1656 1432,
912 1624 990 1658 pont.
1008 1629 1084 1650 anno
1101 1629 1130 1650 ιι.

754 1755 820 1790 vlt.
842 1767 845 1770 ⁴

419 1836 511 1877 Ouod
521 1836 667 1881 festivitas
679 1838 873 1872 Sanctt'sst'mi
894 1840 1036 1884 Corporis
1050 1841 1164 1875 Christi

465 1887 556 1920 etiam
590 1887 622 1919 ιἰι
655 1895 762 1921 octava
802 1889 973 1927 celebiQetur
996 1891 1163 1936 duplicatis

465 1936 664 1981 tradutqenciaes
685 1949 702 1971 a
722 1939 1000 1982 praedecessoribus
1030 1942 1163 1988 Pontifi-

465 1986 548 2020 cibus
570 1987 712 2020 concessis
737 1990 793 2030 (1).

684 2065 896 2098 ΞΗΜΜΛΙΗΗΜ

417 2127 605 2158 Prooemium.
618 2145 656 2151 —
675 2129 700 2158 1.
714 2129 842 2160 Caussae
861 2136 952 2162 const.
970 2133 1108 2164 edendae.
1127 2152 1166 2157 —

457 2173 484 2203 2.
512 2173 605 2211 Auget
627 2174 690 2203 dies
724 2174 983 2213 indulgentiarum.
1007 2195 1045 2200 -—
1064 2179 1089 2208 3.
1108 2178 1166 2208 tta-

458 2227 506 2248 sce
532 2218 630 2248 literas
647 2218 791 2258 publicari
812 2221 937 2250 mandat.
957 2239 995 2244 —
1022 2223 1050 2252 t.
1076 2223 1166 2253 Tran-

458 2262 583 2302 sumptis
605 2263 770 2293 adhibenda
795 2264 877 2293 tides.

449 2330 583 2366 zugentus
613 2331 754 2368 eptscopus
785 2339 878 2361 servus
906 2341 1044 2363 servorum
1069 2335 1132 2369 nei,

554 2381 588 2409 ad
615 2382 775 2417 perpetuam
806 2383 846 2411 rei
864 2383 1032 2412 memoriam.

472 2454 780 2490 Excellentissimum
801 2455 951 2500 Corporis
973 2458 1168 2504 et'Sangnj-

248 2516 373 2538 emmiu-n
424 2505 472 2540 nis
493 2505 621 2540 Domini
638 2504 742 2540 Nostri
763 2504 831 2539 lesu
849 2505 964 2540 Christi
981 2507 1168 2542 Sacramen-

424 2563 502 2597 tum,
525 2554 622 2602 quod,
635 2555 908 2602 appropinquante
925 2557 1076 2603 passionis
1092 2557 1170 2592 Eius

458 2627 498 2662 (1)
518 2627 590 2653 llanc
600 2626 767 2653 festivitatem
785 2626 897 2653 instituit
909 2627 1030 2655 Urbanus
1042 2628 1085 2662 tv,
1097 2628 1168 2655 Con-

422 2667 468 2695 stit
499 2675 559 2701 xix,
578 2671 640 2694 tom.
665 2675 706 2700 ιιι,
723 2675 781 2703 pag.
800 2668 860 2695 705.

1212 311 1299 351 hora
1316 309 1473 344 Dominus
1499 309 1565 355 ipse
1586 308 1676 355 signo
1700 310 1873 366 praecipui,
1895 323 1959 367 quo

1212 373 1269 395 nos
1310 359 1431 401 dilexit,
1453 358 1570 393 amoris
1604 359 1773 394 salubriter
1811 361 1958 402 institnit,

1211 411 1343 457 rins-qne
1359 407 1691 444 commemorationem
1714 411 1956 446 sacratissimam

1211 459 1272 504 iugi
1310 459 1426 492 mentis
1464 458 1655 493 exultatione
1693 460 1957 507 contemplantes,

1210 509 1246 542 ad
1267 508 1326 543 hoc
1349 509 1428 543 inter
1450 508 1591 554 singulos
1605 508 1784 543 huiusmodi
1803 518 1958 546 mercatos

1208 558 1372 604 Sanguine
1403 558 1578 605 spiritualia
1606 558 1790 604 dispensare
1827 572 1958 596 munera

1211 608 1288 641 votis
1314 609 1528 654 exposcimus,
1552 617 1583 642 nt
1599 608 1641 642 illi
1661 608 1828 655 condignis
1850 621 1958 645 assur-

1208 666 1319 703 gentes
1335 657 1492 696 landihns,
1507 670 1563 692 sua
1579 657 1775 705 frequentius
1797 658 1865 693 ad
1859 660 1958 706 ipsius

1209 709 1442 742 tenerationem
1464 707 1660 743 Sacramenti
1688 707 1781 743 corda
1809 708 1956 756 dirigant,

1207 766 1234 791 et
1259 770 1295 792 eo
1323 770 1385 804 qno
1413 757 1583 803 corporalis
1619 757 1751 793 habetur
1779 759 1956 805 praesentia

1206 807 1378 842 Salvatoris
1405 808 1528 846 viatico,
1556 808 1675 843 sructns
1705 809 1782 843 vitae
1815 808 1956 856 comple-

1207 866 1326 892 etentes
1359 866 1518 897 aeternae,
1541 857 1687 893 caelestia
1727 858 1955 903 conscendant,

1207 907 1325 954 Ipsum,
1353 908 1406 954 qui
1435 920 1468 942 sc
1497 907 1588 942 nobis
1615 909 1645 942 in
1668 908 1807 944 edulium
1831 908 1954 954 tribuit,

1207 966 1357 1004 perpetuo
1379 958 1593 1004 conspectuti.

1253 1008 1320 1055 §l
1335 1008 1419 1042 Sane
1441 1007 1561 1042 dudum
1592 1007 1660 1055 piae
1683 1020 1776 1042 meni.
1806 1007 1953 1044 Urbanus

1205 1057 1288 1104 Papa
1311 1066 1452 1104 quartus,
1466 1057 1690 1103 piaedecessor
1709 1065 1824 1099 noster,
1839 1066 1892 1093 etc.
1913 1059 1953 1094 Et

1203 1107 1434 1155 subsequtntcr
1458 1107 1613 1143 Martinus
1639 1107 1702 1142 PP.
1730 1106 1757 1142 V
1783 1116 1837 1142 etc.
1859 1110 1903 1152 (1)

1252 1158 1271 1203 5
1293 1159 1325 1191 ⁶2.
1342 1157 1406 1192 Nos
1423 1170 1507 1196 xQero
1523 1169 1603 1204 qnos
1625 1157 1751 1192 interim
1774 1157 1811 1192 ad
1826 1157 1950 1193 Summi

1204 1207 1408 1253 Apostolatus
1424 1207 1544 1254 apicem
1560 1206 1666 1242 divina
1693 1207 1860 1242 clementia
1880 1220 1952 1254 per-

1203 1256 1303 1297 duxit,
1329 1258 1421 1292 etiam
1451 1269 1506 1303 pro
1530 1256 1733 1304 frequentiori
1770 1256 1952 1293 huiusmodi

1203 1307 1403 1342 veneratione
1417 1306 1613 1341 Sacramcnti
1632 1306 1766 1341 summis
1784 1307 1954 1353 gestientes

1202 1356 1365 1391 affectibus
1406 1357 1501 1391 nostri
1531 1365 1634 1403 partes
1667 1356 1834 1391 ministerii
1868 1357 1954 1392 salu-

1204 1406 1299 1442 briter
1326 1407 1494 1454 impertiri,
1530 1418 1651 1441 necnon
1686 1407 1893 1442 relaxationes
1923 1414 1955 1441 et

1202 1458 1424 1492 concessiones
1453 1455 1627 1503 praedictas
1649 1456 1811 1503 apostolici
1841 1456 1955 1491 robore

1204 1507 1388 1541 muniminis
1405 1508 1545 1554 ipsorum
1563 1506 1684 1540 notioni
1709 1506 1850 1541 fidelium
1865 1518 1955 1541 com-

1204 1557 1376 1597 mittentes,
1407 1556 1588 1603 praemissis
1611 1568 1666 1603 per
1692 1556 1840 1590 cumdem
1869 1555 1956 1591 Mar-

1203 1607 1302 1641 tinum
1320 1607 1609 1654 praedecessorem,
1624 1614 1657 1640 ut
1673 1606 1857 1651 praefertur,
1877 1605 1955 1641 rela-

1204 1657 1282 1691 xatis
1296 1657 1409 1692 diebns
1423 1657 1501 1692 alios
1516 1655 1646 1691 totidem
1661 1655 1729 1690 dies
1741 1655 1955 1702 paril'ormitcr

1203 1707 1242 1741 ah
1266 1707 1342 1754 ipsis
1359 1707 1505 1742 fidelibus
1526 1705 1761 1754 consequendis
1782 1705 1953 1741 adiicimus

1205 1769 1260 1805 per
1280 1765 1471 1804 praesentes.

1253 1808 1314 1854 5”’
1297 1821 1327 1842 o.
1352 1807 1419 1842 Et
1413 1819 1542 1854 insuper
1564 1806 1728 1841 universos
1750 1804 1953 1853 patriarchas,

1204 1857 1468 1905 archiepiscopos,
1491 1857 1660 1904 episcopos
1681 1864 1712 1890 et
1742 1856 1820 1891 alios
1842 1855 1955 1891 Eccle-

1204 1919 1320 1942 siarnm
1351 1907 1504 1954 praelatos
1542 1918 1708 1942 monemus
1734 1918 1771 1941 ac
1793 1906 1956 1941 hortamur

1206 1957 1235 1992 in
1259 1957 1407 1998 Domino,
1434 1970 1470 1992 ac
1496 1957 1543 1992 eis
1562 1969 1618 2005 per
1639 1956 1810 2003 apostolica
1826 1956 1955 2003 scripta,

1207 2009 1234 2042 in
1275 2007 1387 2042 ιίιῑιιιε
1422 2016 1548 2042 sauctae
1583 2006 1778 2042 obedientiae
1817 2005 1956 2042 districte

1207 2057 1443 2105 praecipiendo,
1460 2071 1497 2091 ιιι.
1500 2057 1657 2112 indamus,
1671 2065 1701 2091 et
1719 2056 1751 2091 in
1772 2056 1957 2091 remissione

1207 2120 1424 2154 peccaminum
1448 2107 1660 2154 injungimus,
1694 2114 1730 2142 ut
1763 2118 1817 2152 pet·
1850 2118 1884 2141 se
1910 2106 1956 2140 vel

1206 2157 1284 2192 alios
1304 2170 1413 2192 eornm
1437 2158 1593 2201 subditos,
1605 2169 1660 2204 per
1673 2156 1813 2203 singulas
1826 2167 1955 2190 suarum

1207 2207 1367 2242 civitatum
1391 2215 1421 2241 et
1445 2207 1625 2243 dioecesum
1648 2206 1819 2249 Ecclesias,
1843 2205 1873 2240 iu
1896 2205 1957 2240 do-

1208 2257 1319 2292 minica
1348 2257 1457 2293 seriam
1485 2266 1515 2292 et
1548 2258 1660 2293 festum
1691 2255 1845 2303 praedicta
1875 2268 1957 2302 pro-

1210 2307 1291 2343 xime
1315 2308 1534 2355 praecedente,
1556 2306 1747 2343 salutaribus
1764 2305 1802 2340 ad
1827 2317 1957 2340 venera-

1209 2358 1325 2392 tionem
1356 2358 1517 2405 potissime
1543 2356 1737 2393 Sacramenti
1773 2355 1956 2391 huiusmodi

1210 2408 1338 2443 monitis
1361 2417 1390 2443 ct
1416 2406 1702 2451 exliortationibuS,
1731 2406 1957 2454 praesentium,

1209 2470 1342 2504 quarum
1379 2458 1472 2493 etiam
1511 2466 1600 2493 tenor
1640 2456 1720 2491 inter
1759 2455 1959 2491 matutinales

1211 2508 1373 2552 festorum,
1396 2520 1520 2542 necnon
1544 2507 1666 2542 dierum
1694 2513 1874 2541 octavarum
1903 2505 1959 2541 Ιιιι-

1211 2558 1345 2593 iusmodi
1394 2558 1543 2593 lectiones
1587 2557 1749 2600 recitetur,
1795 2556 1957 2591 literarum

1212 2608 1435 2643 continentiam
1470 2616 1502 2642 et
1538 2606 1687 2642 effectum
1730 2605 1891 2653 publicare
1927 2612 1959 2641 et

1247 2671 1286 2707 (t)
1306 2671 1410 2699 Buttarii
1431 2674 1496 2699 tom.
1514 2677 1553 2703 ιιι,
1575 2677 1601 2706 p.
1618 2669 1680 2703 7053
1693 2672 1757 2697 tom.
1770 2677 1809 2702 iv,
1824 2677 1883 2705 pag.
1894 2669 1956 2697 75t.

1973 254 2024 283 Aa.
2041 255 2071 282 C.
2088 255 2158 283 11:35

1967 1020 2058 1041 caussae
2083 1023 2152 1041 count.

1967 1052 2071 1072 edendae.

1980 1163 2046 1189 Auget
2061 1162 2121 1183 dio·
2116 1168 2151 1183 m-

1966 1193 2127 1220 onigona-rum.

1981 1811 2049 1834 Hasce
2078 1812 2153 1833 hietas

1969 1845 2072 1872 publicari
2091 1850 2154 1865 mau-

1969 1877 2011 1897 da.
