2281 3251
245 276 292 302 Αη.
312 276 340 302 C.
360 275 423 302 toth

267 1580 394 1603 Ιοῐοῐωιιὶο
413 1581 438 1601 n

254 1612 354 1640 impensi·
376 1611 438 1632 lun·-

255 1644 329 1665 ratium
347 1644 437 1669 cerritu„

271 1981 331 2004 voti·
347 1987 388 2003 non
405 1987 441 2004 n·

258 2013 362 2039 vorandis.

491 266 561 298 610

443 344 510 367 rum
528 333 654 380 penitus
671 338 826 377 expertes,
846 330 934 363 lucro
957 335 1076 361 tantum
1093 338 1191 361 suae-

441 394 502 430 que
530 381 695 427 legationis
717 379 809 414 titulo
837 378 1005 412 inhiarent.

490 432 510 477 g
531 434 588 466 28.
613 430 651 465 Et
674 442 745 464 cum
769 428 853 463 eard.
877 427 1013 462 officium
1039 426 1068 460 in
1086 425 1193 473 primis

1007 270 1193 295 nummum

260 487 371 507 ¹³·'·¹¹⁶⁵¹¹¹
392 486 426 506 «¹¹¹¹
443 474 582 516 versetur
595 481 623 514 in
641 479 795 526 frequenti
811 478 903 512 Rom.
929 476 1019 511 Pont.
1043 476 1194 510 assisten-

245 526 263 539 rn
280 520 341 539 (iuria
356 519 425 538 Ruina-

244 557 270 570 ιη
281 555 300 569 et
315 550 382 576 Papae
394 557 427 569 rn-

244 585 346 602 nuru!v

444 533 483 566 tia
508 540 536 566 et
559 529 651 565 Sedis
678 528 879 575 Apostolicae
903 526 1048 572 negotiis,
1073 533 1195 572 propte-

444 594 493 616 rea
521 580 690 615 statuimus
715 587 746 612 ut
770 590 881 612 omnes
895 576 980 611 card.
1005 577 1032 610 in
1051 574 1193 610 Romana

443 631 538 665 Curia
553 629 722 673 resideant,
741 628 838 674 etqui
855 634 928 662 sunt
944 626 1102 669 absentes,
1118 626 1142 660 si
1163 626 1192 660 in

445 681 542 723 ltalia,
566 680 644 713 intra
672 690 726 713 sex
755 689 892 717 menses;
915 676 940 711 si
963 685 1047 710 extra
1063 675 1195 716 ltaliam,

445 730 520 764 infra
538 741 653 763 annum
675 740 690 762 a
717 727 767 762 die
785 726 1006 775 publicationis
1022 725 1196 772 praesentis

444 778 689 818 constitutionis,
705 776 1066 822 revertantur.Alioquin
1078 775 1197 810 fructus

445 829 670 865 beneficiorum
698 836 728 862 et
750 827 892 862 omnium
922 825 1097 860 officiorum
1114 837 1196 860 suo—

446 892 514 915 rum
547 878 758 913 emolumenta
786 877 951 917 amittant,
985 875 1198 923 omnibusque

447 928 618 976 privilegiis
639 927 827 973 generaliter
853 934 883 960 et
906 925 1086 972 specialiter
1112 925 1196 960 card.

446 979 617 1021 concessis,
639 977 789 1025 quamdiu
810 976 980 1019 abfuerint,
1003 976 1131 1010 omuino
1146 987 1199 1010 ca-

447 1037 553 1069 reant;
580 1027 719 1074 exceptis
742 1035 844 1061 tamen
863 1026 937 1069 illis,
964 1037 1057 1073 quos,
1080 1025 1198 1060 ratione

448 1078 540 1114 officii
563 1077 602 1113 ab
623 1077 804 1125 Apostolica
827 1076 911 1112 Sede
935 1076 1067 1110 iniuncti
1092 1074 1138 1110 vel
1161 1075 1199 1109 de

447 1128 582 1164 Romani
616 1127 776 1162 pontificis
803 1126 950 1161 mandato
977 1133 1030 1160 aut
1057 1125 1199 1165 licentia,

450 1179 495 1213 rel
510 1178 592 1213 iusto
601 1184 759 1221 metu,aut
770 1176 877 1224 quavis
885 1176 943 1210 alia
957 1175 1094 1222 legitima
1107 1187 1200 1210 causa

449 1227 653 1275 impediente,
676 1227 721 1262 vel
738 1225 971 1273 aegrotationis,
994 1225 1103 1260 abesse
1125 1237 1202 1260 con-

450 1279 562 1323 tingat,
580 1276 762 1324 privilegiis,
775 1275 906 1310 indultis
920 1285 949 1310 et
966 1275 1202 1319 immunitatib.,

450 1328 568 1363 eisdem
597 1326 809 1362 cardinalibus
824 1326 995 1369 concessis,
1017 1333 1049 1360 et
1071 1326 1100 1360 in
1121 1325 1202 1360 bulla

452 1385 556 1412 nostra
577 1376 637 1411 sub
665 1376 734 1411 data
754 1376 965 1411 coronationis
987 1383 1110 1410 nostrae
1126 1387 1204 1410 con-

453 1427 546 1462 tentis
573 1435 603 1461 et
625 1426 794 1473 expressis,
811 1426 841 1460 in
870 1437 928 1460 suo
948 1425 1058 1460 robore
1082 1425 1204 1459 nibilo-

453 1477 559 1512 minus
582 1476 854 1523 permanentibus.

501 1530 516 1571 5
543 1528 601 1561 29.
623 1525 800 1561 Statuimus
823 1526 965 1572 iusuper,
989 1532 1021 1559 ut
1048 1536 1205 1571 expensae

454 1576 602 1612 funebres
619 1575 716 1615 card.,
746 1575 936 1623 computatis
963 1574 1134 1618 omnibus,
1168 1586 1207 1610 eL

454 1626 600 1662 florenor.
624 1637 779 1661 summam
808 1625 960 1660 excedere
984 1636 1043 1659 non
1060 1623 1206 1666 debeant,

454 1677 512 1712 nisi
543 1684 748 1711 executorum
781 1675 993 1723 providentia,
1020 1673 1110 1708 iustis
1137 1674 1209 1709 alle-

453 1727 533 1774 gatis
554 1727 656 1761 causis
680 1738 715 1761 ac
733 1725 917 1764 rationibus,
934 1724 1005 1772 plus
1023 1716 1208 1771 expenden-

453 1777 528 1812 dum
545 1788 613 1811 esse
628 1775 762 1810 duxerit.
786 1775 946 1822 Exequiae
958 1784 987 1810 et
1000 1783 1136 1809 castrum
1152 1774 1210 1809 do-

455 1827 541 1871 loris,
554 1826 653 1874 prima
667 1834 696 1860 et
712 1837 794 1860 nona
807 1825 858 1860 die
875 1824 960 1865 fiune
973 1824 1051 1858 infra
1069 1832 1208 1859 octavam

456 1888 540 1916 vero,
569 1876 682 1910 missae
709 1875 748 1910 de
767 1887 854 1910 more
870 1874 1082 1909 celebrentur.

505 1930 520 1970 ἕ
544 1927 600 1961 30.
625 1925 686 1960 Pro
710 1925 881 1960 reverentia
896 1932 999 1959 autem
1019 1923 1112 1958 Sedis
1125 1923 1212 1970 Apo-

459 1976 604 2020 stolicae,
633 1974 828 2022 utilitateque
855 1982 886 2009 et
908 1974 1028 2008 lionore
1050 1973 1211 2008 communi

459 2026 560 2073 ipsius
593 2033 623 2060 et
646 2026 786 2073 ipsorum
814 2024 1041 2063 cardinalium,
1065 2031 1097 2057 ut
1127 2035 1213 2058 scan-

459 2075 614 2116 dalorum,
628 2088 707 2123 quae
722 2075 806 2110 nasci
824 2082 964 2123 possent,
981 2073 1105 2109 occasio
1118 2073 1213 2108 tolla-

461 2139 521 2172 tur3
536 2131 698 2178 maiorque
713 2131 742 2165 in
759 2142 846 2166 sacro
861 2129 976 2165 Senatu
992 2129 1120 2164 libertas
1133 2137 1216 2164 roto-

461 2197 528 2220 rum
545 2186 607 2227 fiat;
623 2185 789 2232 liceatque,
802 2193 834 2220 ut
849 2197 903 2233 par
915 2193 973 2225 est,
988 2184 1136 2219 cardinali
1152 2185 1214 2220 cui-

461 2239 1215 2288 que‚secundumDeumetconscientiamsuam,

462 2294 559 2330 libere
581 2303 610 2330 et
633 2296 765 2342 impune
786 2294 1012 2343 quodcumque
1035 2294 1149 2329 sentiat
1167 2294 1216 2328 di-

463 2361 551 2391 cere,
567 2350 735 2385 statuimus
770 2362 809 2384 ne
832 2350 903 2398 quis
925 2348 1130 2385 cardinalium
1148 2357 1215 2384 rota

465 2405 495 2439 in
506 2404 696 2440 concistorio
709 2404 778 2440 data
794 2413 1051 2453 etquaecumque
1076 2403 1116 2438 ibi
1131 2412 1216 2450 gesta

465 2468 518 2495 aut
544 2459 643 2501 dicta,
665 2472 745 2508 quae
783 2460 812 2495 in
840 2459 947 2495 odium
976 2467 1028 2495 aut
1052 2458 1217 2507 praeiudi-

467 2517 552 2551 cium
594 2523 647 2550 aut
675 2514 856 2550 scandalum
880 2515 1014 2550 alicuius
1042 2513 1218 2550 redundare

469 2571 604 2619 possint,
625 2570 742 2618 scripto
764 2578 816 2605 aut
837 2570 933 2606 verbo
953 2569 999 2606 rel
1019 2569 1129 2617 quovis
1157 2568 1218 2603 alio

469 2624 563 2660 modo
592 2624 719 2670 revelet,
745 2624 805 2660 sub
829 2636 928 2672 poena
952 2624 1079 2672 periurii
1103 2631 1133 2659 et
1156 2622 1221 2658 ino·

470 2679 656 2716 bedientiae.

1222 271 1383 294 ROMANtm

2000 267 2050 293 An.
2069 267 2097 293 C.
2117 266 2183 293 stills

1284 325 1304 372 g
1327 329 1383 360 at.
1402 325 1438 359 Et
1454 325 1715 373 quotiescumque
1731 336 1746 359 a
1766 323 1859 359 nobis
1875 332 1904 359 et
1918 323 1985 359 Ro·
2000 328 2186 387 pffxffgffiffoqbf

1237 387 1329 409 mano
1345 374 1497 410 Pontifice
1508 387 1562 421 pro
1574 383 1714 421 tempore
1732 374 1898 418 existente,
1912 385 1986 421 spe·
2001 392 2114 413 munao.

1235 424 1355 459 cialiter
1376 433 1406 459 et
1428 436 1588 471 expresse,
1600 424 1679 459 ultra
1695 424 1879 472 praemissa,
1903 423 1988 458 indi-

1236 483 1320 509 ctum
1345 474 1438 508 suerit
1460 486 1554 520 snper
1580 474 1683 521 aliqua
1711 486 1743 508 re
1765 474 1940 518 silentium,
1963 474 1988 508 si

1237 525 1307 571 quis
1330 523 1559 567 contrafecerit,
1574 524 1654 558 ultra
1675 524 1775 559 dictas
1789 536 1918 570 poenas,
1934 536 1988 558 ex-

1236 574 1555 609 commnnicationem
1569 574 1646 608 latae
1656 574 1827 608 sententiae
1839 574 1989 612 incurrat.

1237 637 1253 659 a
1281 636 1341 671 qua
1367 636 1427 658 non
1453 624 1550 670 possit
1572 622 1690 657 absolvi
1714 624 1772 657 nisi
1795 636 1810 658 a
1834 623 1925 659 nobis
1943 623 1989 658 vel

1240 673 1378 721 praefato
1396 673 1548 708 l‘ontitice
1571 673 1715 708 Romano
1731 682 1844 708 etcum
1861 685 1991 721 expres-

1238 725 1326 759 sione
1339 735 1462 764 causae,
1473 731 1678 770 praeterquam
1689 723 1718 756 in
1730 723 1838 758 mortis
1846 723 1990 758 articulo.

1288 774 1307 821 g
1324 777 1380 808 52.
1396 773 1432 808 Et
1448 786 1518 808 cum
1536 773 1638 808 omnis
1652 780 1736 808 aetas
1749 772 1788 807 ab
1814 772 1992 808 adolescen-
2008 787 2101 809 netum.
2118 787 2193 807 am·-

1241 824 1280 859 tia
1298 836 1394 871 prona
1410 824 1447 858 sit
1469 823 1504 857 ad
1523 823 1651 863 malum,
1666 832 1695 857 et
1713 835 1728 857 a
1745 823 1862 858 teneris
1883 834 1994 858 assue-
2007 819 2078 871 fflffj'
2090 817 2193 870 ¹¹²·Jfflij

1242 874 1305 910 lieri
1329 873 1365 908 ad
1404 873 1521 908 bonnm
1546 873 1649 919 magni
1677 873 1718 907 sit
1740 872 1845 920 operis
1863 880 1892 908 et
1910 872 1994 907 effe-
2009 882 2070 907 num.

1241 933 1320 963 ctus,
1349 923 1517 958 statuimus
1536 931 1565 958 et
1587 922 1770 958 ordinamus
1793 931 1825 957 ut
1854 922 1993 969 magistri

1241 974 1421 1009 scholarum
1451 982 1480 1008 et
1517 981 1736 1020 praeceptores
1772 984 1886 1020 pueros
1921 984 1996 1007 suos

1242 1025 1306 1059 sire
1330 1023 1557 1067 adolescentes,
1581 1035 1618 1057 ne
1642 1021 1716 1057 dum
1740 1022 1769 1056 in
1793 1022 1995 1069 grammatica

1242 1082 1271 1108 et
1300 1074 1454 1109 rlietorica
1483 1085 1518 1107 ac
1540 1073 1654 1107 ceteris
1675 1072 1856 1107 huiusmodi
1884 1072 1995 1107 audire

1243 1132 1272 1158 et
1295 1125 1449 1159 instruere
1472 1122 1618 1163 debeant,
1643 1134 1749 1157 rerum
1774 1122 1865 1157 etiam
1883 1121 1997 1157 docere

1244 1183 1408 1209 teneantur
1423 1185 1470 1213 ea,
1483 1185 1563 1220 quae
1575 1173 1611 1207 ad
1629 1172 1813 1218 religionem
1829 1172 1996 1218 pertinent.

1246 1233 1277 1258 nt
1290 1232 1362 1259 sunt
1376 1232 1538 1271 pr.tecepta
1555 1222 1673 1266 divina,
1685 1222 1804 1256 articuli
1822 1221 1906 1261 fidei,
1919 1223 1996 1256 sacri

1246 1274 1352 1322 hymni
1377 1283 1406 1308 et
1430 1273 1539 1320 psalmi
1563 1285 1598 1307 ac
1621 1280 1801 1307 sanctorum
1826 1271 1999 1313 ritae3die-

1247 1325 1369 1371 busque
1389 1323 1505 1358 festivis
1520 1322 1597 1356 nilril
1613 1322 1696 1356 aliud
1714 1333 1769 1357 eos
1791 1321 1905 1356 docere
1919 1333 1999 1368 pos-

1246 1375 1425 1422 sint,quam
1445 1373 1475 1407 in
1491 1372 1584 1407 rebus
1596 1371 1634 1406 ad
1656 1371 1840 1418 religionem
1856 1378 1886 1405 et
1901 1370 2001 1406 bonos

1249 1436 1352 1459 mores
1375 1422 1618 1470 pertinentibns;
1647 1433 1765 1469 eosque
1794 1421 1823 1455 in
1855 1420 1917 1456 illis
1944 1421 2002 1456 in-

1248 1482 1382 1518 struere,
1404 1472 1520 1507 hortari
1536 1480 1565 1507 et
1578 1484 1688 1519 cogere
1706 1472 1736 1506 in
1759 1479 1911 1517 quantum
1928 1482 2002 1517 pos-

1248 1531 1322 1559 sunt
1344 1530 1520 1566 tencantur,
1544 1529 1577 1555 ut
1605 1521 1720 1556 nedum
1740 1522 1778 1555 ad
1802 1520 1925 1565 missas,
1947 1520 2001 1555 sed

1250 1575 1342 1608 etiam
1374 1573 1411 1608 ad
1440 1583 1588 1619 vesperas
1615 1571 1784 1617 divinaque
1811 1569 1910 1605 officia
1938 1582 2004 1605 au-

1250 1623 1376 1665 dienda,
1399 1622 1436 1657 ad
1464 1622 1615 1657 ecclesias
1638 1620 1800 1661 accedant,
1815 1627 1845 1655 et
1861 1620 2004 1655 similiter

1250 1674 1289 1709 ad
1310 1672 1558 1721 praedicationes
1585 1679 1614 1706 et
1641 1682 1806 1707 sermones
1827 1669 2004 1705 audiendos

1253 1723 1439 1772 impellant,
1468 1722 1611 1769 nihilque
1637 1728 1745 1756 contra
1773 1719 1874 1755 bonos
1901 1732 2005 1755 mores

1252 1782 1304 1810 aut
1320 1773 1403 1821 quod
1422 1772 1459 1808 ad
1477 1772 1669 1820 impietatem
1698 1770 1825 1805 inducat
1841 1770 1886 1805 eis
1900 1769 2005 1817 legere

1254 1824 1385 1871 possint.

1302 1878 1316 1917 ἓ
1341 1875 1397 1908 55.
1422 1872 1470 1907 Ad
1489 1869 1676 1907 abolendam
1701 1882 1773 1904 vero
1796 1869 2004 1905 execrabilem
2036 1883 2207 1911 ntupum-nu-

1255 1923 1494 1971 blasphemiam,
1509 1921 1631 1970 quaein
1647 1921 1818 1955 maximum
1832 1919 1927 1954 divini
1942 1932 2006 1955 no-
2019 1913 2207 1972 fflss‘ffinssss‘ff

1255 1975 1349 2008 minis
1363 1982 1393 2008 et
1408 1981 1588 2008 sanctornm
1602 1978 1818 2017 contemptum
1835 1981 1930 2018 supra
1945 1982 2009 2005 mo·
2021 1976 2206 1999 nom-utinum·

1256 2023 1330 2058 dum
1356 2023 1496 2067 invaluit,
1523 2022 1691 2057 statuimus
1711 2029 1740 2055 et
1763 2019 1946 2055 ordinamus
1974 2027 2010 2055 ut.
2022 2011 2076 2030 “⁸⁰''

1255 2074 1448 2121 quicumque
1476 2072 1543 2107 Deo
1579 2072 1677 2119 palam
1707 2082 1763 2105 seu
1788 2069 1912 2118 publice
1940 2081 2008 2104 ma-

1257 2128 1410 2172 ledixerit,
1433 2126 1731 2173 contumeliosisque
1753 2133 1847 2172 atque
1869 2124 2009 2160 obscoe-

1259 2183 1306 2218 nis
1323 2182 1423 2217 rerbis
1444 2182 1614 2217 Dominum
1637 2188 1779 2215 nostrum
1794 2179 1897 2215 Iesum
1914 2178 2010 2215 Chri-

1257 2245 1338 2272 stum
1364 2237 1409 2271 vel
1426 2236 1593 2284 gloriosam
1608 2235 1772 2282 Virginem
1794 2234 1924 2269 Mariam
1941 2234 2010 2269 eius

1258 2292 1451 2339 genetricem
1461 2302 1608 2338 expresse
1617 2289 1891 2336 blasphemaverit,
1904 2288 1929 2323 si
1945 2301 2011 2323 mu-

1260 2360 1319 2382 nus
1351 2346 1511 2394 publicum
1545 2344 1830 2379 iurisdictionemve
1861 2343 2010 2390 gesserit,

1261 2402 1368 2451 perdat
1390 2402 1601 2436 emolumenta
1630 2400 1723 2434 trium
1756 2397 1928 2438 mensium,
1956 2411 2012 2445 pro

1262 2458 1358 2505 prima
1377 2465 1406 2492 et
1422 2454 1560 2491 secunda
1574 2454 1653 2498 vice,
1664 2453 1738 2488 dicti
1753 2451 1864 2493 officii3
1879 2452 1904 2487 si
1920 2454 2012 2488 tertio

1261 2512 1440 2559 deliquerit.
1466 2509 1518 2544 illo
1541 2522 1577 2544 eo
1601 2509 1669 2557 ipso
1692 2508 1829 2555 privatus
1851 2507 1971 2542 existat:
1987 2507 2012 2542 si

1262 2566 1396 2601 clericus
1419 2564 1464 2600 rel
1488 2564 1635 2600 sacerdos
1658 2563 1762 2603 suerit,
1785 2574 1822 2597 eo
1845 2561 1912 2609 ipso
1926 2560 2013 2610 quod

1263 2621 1301 2656 de
1314 2621 1428 2656 delicto
1440 2618 1621 2655 huiusmodi
1630 2618 1723 2653 fuerit
1733 2617 1908 2662 convictus,
1919 2617 2013 2653 etiam

1265 2675 1504 2721 beneficiorum,
1519 2684 1742 2722 quaecumque
1758 2671 1913 2717 habuerit,
1930 2670 2015 2708 sruc-
