2281 3251
237 244 286 270 Αι..
305 244 332 270 c.
353 245 418 271 tb'ob'
487 230 557 263 416

433 294 540 332 literas
565 294 614 329 Pii
632 301 662 329 et
679 293 772 337 Sixti,
796 291 1072 338 praedecessorum
1096 303 1185 338 prae-

433 345 601 389 dictorum,
617 353 658 388 et,
675 350 765 390 prout
782 342 849 377 illas
863 349 1068 385 concernunt,
1082 341 1184 375 omnia

432 403 462 431 et
482 394 606 442 singula
626 393 655 428 in
671 392 762 427 dictis
778 392 876 427 litei-is
897 398 1055 431 contenta,
1079 398 1184 426 aucto-

432 445 524 480 ritate
551 442 735 490 apostoliea,
761 450 866 476 tenore
890 440 1103 488 praesentium
1130 452 1185 487 ap-

431 494 600 543 probamus
612 500 642 528 et
664 493 860 535 innovamus,
871 499 900 525 ct
916 490 1010 525 robur
1031 490 1185 526 firmitatis

431 552 600 592 perpetuae
614 542 755 577 obtinere
776 541 891 576 debere
912 539 1124 575 decernimus.

479 599 495 637 ἕ
523 596 554 627 4.
582 591 629 628 Ae
651 592 727 628 alias
748 590 786 626 ad
810 590 967 631 bannitos,
995 590 1132 625 exititios
1155 598 1185 624 et

243 646 414 673 ss¹'⁰··¹¹·'·¹·¹⁰··⁴¹
432 643 564 678 rebelles
585 651 639 677 aut
654 641 744 686 alios,
761 653 816 687 pro
829 651 1030 688 quocumque
1052 639 1112 674 alio
1128 641 1184 674 cri-

233 686 415 735 1¹:¹52*lssfssll'fsi'ass}
431 693 514 728 mine
528 691 665 740 capitali,
687 703 702 726 a
719 690 885 739 quibusvis
903 689 1100 731 officialibus,
1121 698 1181 724 tani

233 743 326 761 ‘⁴'¹'⁴¹’'¹‘³
344 746 395 763 '⁴'-
430 743 460 778 in
483 742 564 778 diota
580 741 677 783 Urbe,
699 753 791 788 quam
808 748 894 775 extra
908 751 976 774 eain
994 748 1025 775 et
1047 740 1076 773 in
1094 740 1183 774 terris

429 792 533 829 eidem
554 791 718 827 Romanae
734 790 892 825 Ecclesiae
908 788 1043 824 mediate
1059 790 1102 824 vel
1122 789 1180 823 im—

430 841 565 878 mediate
578 840 740 885 subiectis,
760 841 808 875 ius
829 839 1007 875 dicentibus
1030 851 1086 887 pro
1103 847 1182 874 tem-

428 904 505 941 pore
543 891 769 927 condemnatos
801 902 837 924 ae
870 889 1016 936 brigosos
1051 901 1181 924 nuncu—

429 950 530 990 patos,
544 941 759 989 pacem,iuxta
777 939 990 974 ordinationes
1003 939 1104 974 dictae
1115 938 1181 974 Ur-

428 993 476 1027 bis
490 991 660 1040 apostolica
674 990 857 1026 auctoritate
870 988 1070 1036 approbatas,
1080 988 1179 1023 facere

429 1049 623 1086 recusantes,
636 1052 760 1076 necnon
778 1040 826 1074 ius
841 1039 965 1074 sibimet
981 1047 1087 1074 contra
1104 1039 1180 1073 alios

427 1092 578 1132 dicentes,
593 1099 645 1126 aut
659 1090 844 1134 cavalcatas,
859 1090 927 1123 siue
944 1088 1078 1124 Romani
1095 1088 1181 1123 Pon-

427 1141 518 1177 tifieis
529 1149 582 1176 aut
598 1140 780 1176 officialium
796 1151 927 1175 suorum
942 1137 1070 1186 speciali
1085 1137 1180 1173 licen-

428 1190 640 1236 tia,sacientes
656 1190 701 1226 vel
721 1197 894 1229 moventes,
913 1188 1048 1236 praefata
1070 1196 1179 1223 aucto-

426 1242 526 1285 ritate,
553 1240 592 1276 de
615 1239 800 1276 eorumdem
822 1238 953 1274 fratrum
969 1237 1114 1283 consilio,
1129 1250 1180 1274 ex—

426 1290 598 1327 tendimus.

475 1344 491 1384 §
519 1342 552 1375 5.
577 1340 624 1375 Ac
643 1339 795 1375 universis
809 1338 995 1384 etsingulis,
1011 1345 1071 1372 tam
1091 1337 1179 1372 laicis

237 1396 410 1446 ¹‘·¹⁴'0i·¹··¹.·¹=·,jm
425 1402 520 1438 quam
548 1389 782 1432 ecclesiasticis,
811 1388 1043 1435 cuiuscumque
1064 1395 1178 1427 status,

227 1429 410 1486 iissssii'ssffilssbfi}
424 1440 542 1487 gradus
558 1468 566 1481 ‚
588 1439 730 1484 ordinis,
752 1438 954 1474 excellentiae
971 1465 980 1482 ,
1007 1437 1177 1483 dignitatis,

424 1489 562 1525 ducibus
574 1501 713 1537 quoque,
724 1487 908 1532 comitibus,
922 1486 1105 1531 baronibus,
1121 1487 1178 1521 do-

424 1539 570 1580 micellis,
582 1550 704 1574 necnon
714 1537 996 1574 communitatibus
1006 1537 1177 1577 civitatum,

430 1598 596 1634 terrarum,
623 1598 795 1624 castrorum
827 1596 857 1623 et
876 1588 1007 1623 aliorum
1032 1599 1179 1634 quorum—

424 1650 562 1687 cumque
584 1639 738 1679 loeorum,
754 1637 844 1672 nobis
859 1645 889 1672 et
902 1637 1004 1672 eidem
1020 1636 1179 1671 Romanae

425 1689 585 1724 Ecclesiae
607 1688 741 1724 mediate
759 1687 805 1722 vel
822 1687 1003 1723 immediate
1019 1686 1180 1722 subiecto-

426 1751 508 1782 rum,
530 1738 668 1774 districte
689 1737 914 1786 praecipiendo
936 1736 1124 1772 mandamus
1151 1747 1178 1772 et

427 1788 619 1832 iuhibemus,
647 1800 686 1823 ne
713 1788 826 1835 aliquis
853 1799 963 1822 eorum
992 1786 1179 1826 homicidas,

428 1837 585 1879 bannitos‚
603 1838 739 1873 exititios
761 1845 791 1872 et
814 1837 956 1881 rebelles,
976 1847 1027 1871 ant
1049 1849 1103 1883 pro
1120 1836 1179 1871 alio

427 1888 550 1935 capitali
577 1887 711 1922 erimine
733 1886 973 1930 condemnatos,
1000 1895 1051 1920 aut
1076 1886 1177 1933 brigo-

426 1949 478 1973 sos
497 1949 604 1985 pacem
629 1937 729 1972 facere
756 1944 949 1978 recusantes,
971 1949 1026 1971 seu
1057 1936 1106 1970 ius
1121 1937 1178 1970 sili'i

429 1995 538 2023 contra
566 1987 661 2022 alium
681 1987 836 2026 dieentes,
859 1995 911 2020 aut
939 1985 1110 2021 cavalcatas
1133 1986 1178 2020 sa-

426 2037 546 2073 cientes
561 2037 606 2072 vel
623 2033 786 2072 moventes
808 2036 837 2070 in
855 2048 966 2071 eorum
993 2035 1180 2078 civitatibus,

427 2093 537 2128 castris
565 2104 621 2128 seu
648 2091 725 2128 locis
751 2091 820 2127 aliis
847 2091 1102 2139 quibuscumque
1131 2103 1181 2125 re-

428 2147 533 2195 cipere
547 2154 577 2182 et
592 2145 738 2187 retinere,
752 2158 807 2181 seu
832 2145 996 2189 auxilium,
1013 2145 1179 2180 consilium

430 2202 475 2237 vel
499 2201 646 2243 savorem,
669 2201 787 2236 directe
810 2200 856 2235 vel
880 2200 1040 2241 indirecte,
1056 2200 1181 2247 publice

430 2256 475 2292 vel
485 2256 620 2298 occulte,
637 2268 693 2304 per
712 2268 745 2291 se
761 2255 806 2291 vel
821 2255 929 2295 alium,
947 2262 1115 2301 praestare,
1130 2263 1182 2289 ant

431 2311 460 2345 in
483 2323 590 2346 eorum
617 2310 765 2346 domibus
789 2322 846 2345 seu
862 2309 970 2345 castris
993 2309 1130 2356 recipere
1153 2318 1181 2344 et

431 2374 591 2413 receptare
613 2373 823 2413 praesumant.

479 2419 500 2467 S
525 2421 558 2454 6.
580 2419 621 2455 Et
648 2420 673 2455 si
698 2419 812 2467 aliquis
830 2426 937 2454 contra
960 2417 1180 2452 inhibitionem

249 2487 308 2507 τμη..
321 2488 415 2507 maien-
431 2481 461 2509 et
480 2473 660 2508 mandatum
683 2472 999 2520 liuiusinodi,quovis
1013 2472 1117 2516 modo,
1132 2472 1183 2507 di-

234 2519 418 2576 3;ὲ“.’ἶ;“””“““”““
433 2536 516 2564 recte
537 2528 584 2563 vel
607 2527 770 2573 indirecte,
787 2527 826 2562 de
841 2536 946 2563 cetero
967 2527 1077 2562 venire
1092 2539 1182 2574 prae-

432 2583 617 2630 sumpserit,
631 2595 688 2618 nos
706 2594 816 2618 omnes
837 2591 867 2617 et
889 2582 1033 2629 singulos
1047 2582 1092 2617 sie
1107 2594 1183 2616 con-

434 2639 653 2680 travenientes,
669 2645 774 2673 contra
791 2649 870 2685 quos
886 2649 940 2685 per
955 2637 1046 2672 Pium
1069 2644 1099 2672 et
1114 2635 1183 2671 Six-

1017 237 1201 259 BULLARtFn
1231 237 1391 259 ttonAM‘ii

1227 299 1292 326 tum
1328 291 1506 339 praefatos,
1545 303 1580 325 ae
1611 290 1687 325 alios
1719 290 1975 338 praedecessores

1228 349 1352 376 nostros
1372 341 1534 376 Romanos
1550 340 1717 376 l'ontiliees
1731 350 1760 375 et
1774 339 1975 388 Apostolicae

1226 391 1317 426 Sedis
1340 391 1469 437 legatos,
1492 391 1583 425 etiam
1607 391 1683 425 satis
1705 398 1751 426 est
1774 389 1879 425 debite
1910 403 1976 437 pro-

1228 453 1340 484 visum,
1362 449 1697 475 excommunicationis
1714 452 1841 475 maioris
1860 448 1890 475 et
1905 452 1976 475 aua—

1227 490 1371 525 tlieinatis
1388 490 1587 533 sententiani,
1601 502 1616 524 a
1633 502 1692 536 qua
1708 490 1833 525 nonnisi
1854 502 1868 524 a
1883 488 1976 524 nobis

1227 539 1271 574 vel
1294 539 1412 574 eisdem
1435 539 1684 584 successoribus,
1712 548 1928 587 praeterquam
1947 540 1974 572 in

1226 590 1334 624 mortis
1356 589 1488 624 articulo
1509 590 1669 623 constituti
1684 597 1713 624 et
1735 589 1837 625 debita
1855 588 1975 624 satisfa-

1225 640 1329 674 ctione
1358 641 1540 687 praemissa,
1567 638 1683 674 absolvi
1709 639 1839 685 possint,
1862 640 1976 674 incur-

1225 701 1304 733 rere,
1326 701 1443 737 eosque
1471 688 1622 723 omnibus
1645 697 1674 723 et
1696 688 1828 734 singulis
1850 689 1975 736 privile-

1223 739 1294 785 giis,
1316 741 1434 785 gratiis,
1458 738 1672 778 libertatibus,
1700 738 1845 783 indultis,
1868 750 1976 773 exem-

1224 789 1394 835 ptionibus,
1416 788 1670 823 immunitatibus
1699 787 1835 822 realibus
1856 797 1885 823 et
1905 800 1976 835 pei·-

1222 838 1393 879 sonalibtiS,
1421 851 1456 873 ac
1492 837 1693 877 civitatibus,
1721 838 1845 877 castris,
1874 838 1975 872 terris.

1223 888 1298 922 locis
1321 898 1349 923 et
1383 888 1533 923 dominiis
1559 900 1683 927 eornm,
1705 887 1913 933 dignitatibus
1946 897 1972 921 ei

1223 939 1408 979 bonoribus,
1431 938 1562 981 iuribus,
1577 937 1700 977 officiis,
1715 950 1750 972 ac
1765 938 1857 972 etiam
1874 936 1975 972 feudis

1221 996 1250 1022 et
1274 988 1534 1023 concessionibus
1557 987 1830 1035 quibuscumque,
1855 999 1936 1034 quae
1959 1002 1973 1020 a

1223 1037 1313 1072 nobis
1343 1046 1371 1072 et
1395 1037 1535 1072 Romana
1566 1050 1602 1071 ae
1630 1035 1886 1084 quibuscumque
1908 1037 1975 1070 aliis

1221 1087 1361 1121 eci—testis
1385 1087 1526 1122 obtinere
1550 1095 1734 1129 noscuntur,
1747 1086 1806 1120 snb
1820 1098 1975 1134 quacum-

1221 1149 1281 1184 que
1311 1137 1475 1172 verborum
1506 1136 1603 1172 fornia
1627 1145 1657 1171 et
1682 1145 1813 1180 tenore,
1839 1148 1876 1171 ac
1901 1148 1972 1170 cuni

1220 1187 1389 1233 quibusvis
1412 1187 1591 1221 fortissimis
1607 1195 1637 1220 et
1654 1185 1790 1220 insolitis
1812 1185 1973 1229 clausulis,

1221 1237 1488 1277 immunitatibus,
1511 1235 1764 1283 exemptionibus
1787 1244 1817 1269 et
1840 1234 1974 1283 privile-

1220 1286 1291 1332 giis,
1305 1287 1396 1321 etiam
1414 1287 1650 1334 praeservativis
1663 1285 1701 1320 ab
1713 1285 1838 1320 incursu
1856 1297 1975 1333 poenae

1222 1336 1404 1383 privationis
1432 1337 1501 1383 ipso
1524 1336 1590 1370 iure
1618 1338 1763 1382 (quorum
1781 1344 1918 1376 tenores,
1940 1347 1974 1369 ac

1221 1386 1246 1420 si
1265 1385 1304 1420 de
1320 1386 1414 1421 verbo
1436 1386 1473 1421 ad
1497 1386 1626 1421 verbum
1644 1385 1750 1419 inserti
1767 1384 1869 1420 forent
1884 1396 1975 1432 prae-

1221 1436 1375 1477 sentibus,
1392 1448 1446 1483 pro
1469 1435 1626 1484 expressis
1643 1434 1748 1470 baberi
1765 1435 1920 1480 volumus)
1934 1446 1972 1469 eo

1221 1485 1289 1532 ipso
1313 1486 1448 1532 privatos
1476 1494 1506 1520 et
1534 1485 1702 1530 inliabiles,
1719 1497 1754 1519 ae
1771 1484 1917 1531 indiguos
1935 1484 1972 1519 ad

1221 1535 1269 1570 illa
1285 1543 1313 1570 ct
1328 1536 1487 1582 quaelibet
1501 1536 1559 1571 alia
1574 1535 1776 1582 inposterum
1792 1533 1974 1575 obtinenda,

1220 1594 1248 1620 et
1263 1598 1483 1633 quoscumque
1507 1593 1594 1620 actus
1609 1585 1765 1631 legitimos
1781 1584 1975 1620 exercendos

1220 1636 1285 1670 fore
1308 1636 1506 1677 nunciamus;
1527 1645 1556 1670 et
1579 1635 1628 1670 illa
1649 1647 1703 1681 per
1722 1647 1778 1670 nos
1794 1643 1823 1669 et
1845 1646 1975 1669 sucees-

1220 1698 1308 1720 sores
1335 1694 1471 1731 nostros,
1493 1685 1611 1733 absque
1635 1685 1737 1732 aliqua
1765 1684 1974 1720 declaratione

1220 1747 1320 1783 super
1335 1736 1462 1770 incursu
1479 1747 1598 1783 poenae
1613 1734 1797 1782 privationis
1814 1734 1975 1769 huiusmo-

1220 1785 1250 1819 di
1285 1794 1337 1820 aut
1368 1786 1514 1820 citatione
1543 1797 1672 1828 eorum,
1701 1784 1754 1832 qui
1790 1784 1974 1831 privationis

1223 1848 1344 1882 pinnam
1362 1835 1560 1876 incurrerint,
1577 1834 1730 1878 facienda,
1748 1834 1815 1869 aliis
1831 1834 1974 1882 personis

1223 1886 1251 1919 iu
1282 1885 1409 1920 seudum
1430 1898 1484 1920 seu
1513 1885 1693 1919 vicariatum
1716 1894 1769 1919 aut
1791 1884 1878 1926 alias,
1896 1896 1932 1919 ac
1947 1884 1972 1918 si

1223 1947 1278 1982 per
1294 1935 1417 1982 lapsum
1445 1935 1596 1982 temporis
1614 1934 1829 1969 concessionis
1842 1943 1894 1969 aut
1908 1934 1975 1968 fini-

1222 1995 1282 2019 tam
1306 1985 1419 2019 lineain
1441 1985 1480 2019 ail
1503 1985 1619 2019 dictam
1639 1982 1805 2019 Cameram
1829 1985 1974 2019 revertis-

1221 2042 1302 2079 sent,
1315 2034 1411 2069 libere
1425 2034 1610 2075 concedere,
1623 2046 1659 2069 ae
1680 2033 1755 2069 alias
1773 2033 1812 2069 de
1835 2034 1895 2069 illis
1909 2033 1974 2069 dis-

1223 2101 1337 2136 ponere
1361 2102 1452 2137 posse
1480 2089 1681 2124 decernimus
1708 2097 1737 2123 et
1764 2088 1973 2129 declaramus;

1223 2157 1343 2180 necnon
1357 2145 1509 2189 civitates,
1524 2152 1633 2185 terras,
1648 2152 1747 2179 castra
1762 2151 1792 2179 et
1806 2143 1870 2178 loca
1888 2155 1974 2191 prae-

1223 2199 1303 2234 dicta
1318 2200 1469 2234 Gamerae
1482 2198 1683 2246 Apostolicae
1698 2198 1917 2242 confiscamus,
1932 2199 1973 2232 in-

1222 2266 1439 2301 corporamus,
1459 2253 1655 2301 applicamus
1671 2261 1701 2287 et
1723 2253 1974 2300 appropriamuS,

1222 2321 1258 2343 ae
1280 2308 1461 2348 confiscata,
1479 2309 1687 2355 incorporata,
1700 2307 1854 2355 applicata
1869 2315 1899 2342 et
1916 2320 1975 2355 ap-

1224 2363 1379 2410 propi-iata
1393 2375 1475 2407 esse,
1497 2362 1607 2409 sicque
1630 2362 1905 2397 contravenientes
1918 2375 1975 2410 pro

1225 2417 1396 2452 rebellibus
1410 2417 1553 2453 eiusdem
1570 2416 1731 2452 Romanae
1745 2415 1904 2452 Ecclesiae
1917 2416 1976 2451 lia—

1224 2471 1288 2506 lieri
1303 2480 1332 2506 et
1345 2472 1464 2507 censeri
1481 2469 1597 2506 debere
1613 2471 1884 2512 voluuius‚eorum
1898 2471 1976 2506 sub-

1225 2525 1305 2561 ditos
1319 2534 1349 2561 et
1364 2525 1513 2561 vassallos
1529 2534 1559 2561 ct
1577 2525 1709 2570 arcium,
1723 2525 1894 2566 civitatum,
1909 2533 1976 2561 ter-

1226 2591 1342 2625 rarum,
1356 2588 1529 2615 castrorum
1545 2589 1572 2616 et
1587 2576 1725 2615 locorum
1743 2579 1974 2627 praedictorum

1226 2635 1420 2681 castellanos,
1448 2648 1463 2670 a
1491 2647 1691 2683 quocumque
1714 2634 1869 2670 fidelitatis
1893 2634 1976 2670 iura-

1991 236 2041 262 Αη.
2059 236 2088 262 C.
2107 236 2171 263 ¹505

2266 2269 2281 2388 nnn-*20
2268 2244 2281 2265 ,κ
2276 2230 2281 2239 .
