2281 3251
118 283 167 310 ΑΙ.
189 283 298 311 (3.1515

116 2073 234 2095 nectarauo
242 2080 292 2101 pras-

109 2106 209 2127 dictarum
219 2106 292 2132 gratia-

109 2142 161 2157 rum.

120 2503 179 2526 Aua·
198 2505 284 2531 gratiae.

989 282 1048 304 LEO
1075 283 1091 304 X
1121 282 1167 304 [Ψ.

312 336 450 384 desuper
462 335 643 377 obtinenda,
656 335 715 371 sub
731 336 939 382 praesentium
958 336 1002 371 vel
1019 336 1060 371 al-

313 387 420 429 terius,
442 398 502 433 qua
515 386 631 420 eisdem
648 385 916 420 abbreviatoribus
931 386 1060 432 placue-

312 436 364 476 rit,
385 435 466 475 data,
489 435 594 469 literas
613 436 811 481 apostolicas,
828 436 856 469 in
874 435 991 483 quibus
1003 436 1060 469 eis-

311 485 381 519 dem
400 485 564 519 contrariis
576 493 603 519 et
620 484 817 519 obstantibus
840 485 989 519 latissime
1005 485 1060 519 de-

312 542 450 580 rogetur,
473 543 502 569 ct
531 534 683 581 quiequid
706 534 887 580 praemissis
916 534 944 568 in
974 534 1060 569 nullo

311 583 434 618 obstent
445 583 622 619 faciendum
634 584 735 628 fuerit,
746 584 838 618 etiam
851 596 1022 631 peromncs
1032 593 1059 618 et

311 633 465 680 singulos,
481 633 517 667 ad
535 645 615 680 quos
633 633 659 666 id
684 633 922 680 quomodolibet
941 641 1061 680 spectat

311 691 341 717 ct
362 693 504 730 spectare
522 683 644 728 poterit,
669 682 732 722 siat,
755 682 792 716 ad
815 682 991 729 simplicem
1008 695 1061 717 co-

312 732 456 766 rumdem
485 732 740 767 abbreviatorum
766 739 796 766 et
822 744 931 766 eorum
960 733 1060 767 cuius·

312 781 386 815 libet
410 782 587 816 instantiam
616 790 646 816 ct
668 781 803 825 libitum,
826 781 936 816 coulici
960 793 994 816 ac
1014 789 1061 816 to-

311 830 413 865 taliter
425 831 565 877 expediri
583 843 673 877 posse
696 838 789 878 atque
812 830 928 865 debere
954 831 1061 865 decla-

310 892 428 920 ramus,
451 893 486 915 ac
509 880 658 915 omnibus
682 879 753 920 iltis,
777 892 856 927 quae
880 881 909 914 iu
927 880 1061 927 singulis

310 930 500 976 scriptorum
519 930 749 977 praedictorum
766 930 901 964 savorem
918 930 964 963 vel
979 942 1062 964 com-

311 979 440 1013 modum
455 978 720 1014 concernentibus
737 991 791 1024 pro
807 986 948 1025 tempore
966 979 1062 1014 literis

311 1040 494 1075 expressum
524 1036 570 1062 est
589 1036 619 1063 ct
640 1040 695 1076 pro
718 1036 859 1075 tempore
880 1028 971 1062 suerit
999 1041 1060 1063 non

310 1078 446 1119 obstare,
470 1079 635 1112 contrariis
662 1078 927 1125 quibuscumque.
951 1077 1015 1111 Aut
1036 1079 1061 1113 si

310 1127 458 1162 omnibus
472 1135 501 1161 et
516 1128 649 1173 siugulis
670 1127 836 1173 praedictis
861 1127 905 1160 vel
929 1127 1062 1174 quibus-

311 1177 357 1211 vis
379 1177 458 1221 aliis,
486 1178 696 1211 communiter
719 1176 763 1211 vel
787 1176 924 1220 divisim,
940 1188 955 1210 a
972 1189 1062 1223 prae-

312 1225 393 1260 dicta
421 1227 460 1260 sit
480 1225 563 1260 Sede
588 1225 744 1260 indultum
769 1225 815 1260 vel
844 1226 874 1259 in
900 1233 1060 1271 posterum

312 1275 466 1321 indulgeri
489 1275 668 1321 contingat,
696 1274 781 1321 quod
806 1274 965 1314 interdici,
991 1287 1062 1309 sus-

313 1325 406 1371 pendi
430 1324 476 1357 vet
505 1324 790 1364 excommunicari,
820 1333 868 1358 3111
900 1332 985 1358 extra
1015 1324 1060 1359 vel

311 1373 391 1408 ultra
407 1381 490 1408 certa
505 1373 570 1408 loca
586 1373 624 1407 ad
643 1373 793 1408 iudicium
809 1373 899 1413 trahi,
915 1386 969 1408 seu
985 1385 1061 1408 con-

311 1430 355 1457 tra
375 1434 429 1458 eos
456 1422 550 1458 modo
573 1422 677 1470 aliquo
702 1423 827 1469 procedi
858 1435 917 1457 non
952 1424 1060 1469 possit,

310 1483 364 1519 per
390 1472 494 1507 literas
516 1473 704 1519 apostolicas
734 1484 794 1507 non
818 1472 970 1507 facientes
992 1472 1061 1518 ple-

309 1533 380 1556 nam
398 1530 427 1556 et
443 1533 639 1569 expressam,
657 1534 692 1556 ac
713 1521 751 1556 de
768 1521 862 1556 verbo
876 1522 912 1556 ad
931 1522 1059 1556 verbnm

308 1570 347 1605 de
371 1570 492 1605 indulto
516 1571 698 1605 huiusmodi
715 1571 920 1611 mentionem,
943 1572 1061 1619 etqui-

309 1619 445 1655 busIIbet
473 1620 540 1654 aliis
575 1620 767 1667 privilegiis,
800 1620 1004 1666 indulgentiis
1031 1629 1060 1655 et

308 1668 406 1704 literis
416 1669 897 1716 apostolicis,quorumcumque
914 1677 1059 1705 tenorum

308 1719 453 1761 existant,
465 1732 519 1766 per
533 1731 614 1766 quae,
626 1719 841 1765 praesentibus
857 1731 918 1753 non
933 1732 1062 1767 expres-

307 1779 340 1802 sa
369 1768 414 1802 vel
433 1768 568 1802 totaliter
591 1781 651 1803 uon
670 1769 796 1812 inserta,
815 1768 947 1803 effectus
969 1781 1061 1816 prae-

307 1818 442 1853 sentium
459 1818 606 1864 impediri
635 1817 731 1852 valeat
753 1818 991 1864 quomodolibet
1013 1819 1060 1853 vel

308 1866 436 1908 differri,
453 1877 482 1902 et
505 1867 542 1902 de
561 1867 677 1915 quibus
693 1879 971 1914 quorumcumque
989 1869 1060 1903 totis

309 1916 472 1951 tenoribus
499 1917 537 1951 de
562 1917 654 1951 verbo
678 1918 714 1951 ad
744 1917 873 1951 verbum
898 1918 937 1950 sit
961 1918 988 1951 in
1008 1930 1061 1952 no-

309 1965 380 2000 stris
403 1966 501 2001 literis
525 1966 665 2002 facienda
688 1967 807 2001 mentio
830 1966 986 2013 specialis.

359 2015 379 2062 g
398 2015 952 2063 l8.V0lumusautemquod,vigore
970 2017 1061 2052 unius

309 2066 425 2112 gratiae
449 2066 673 2113 expectativao,
698 2065 843 2112 illiusque
868 2066 1060 2107 mutationis,

308 2119 1060 2164 collationis,revalidationisetextensionisultra

309 2185 409 2208 unum
425 2174 615 2208 beneficium
631 2182 821 2208 reservatum
840 2173 981 2209 obtinere
998 2187 1060 2209 non

309 2229 440 2276 possint.
453 2228 612 2276 Quodque
629 2229 810 2263 nominandi
823 2241 877 2275 per
894 2230 1062 2276 scriptores

308 2283 356 2317 vel
369 2282 602 2317 abbreviatores
618 2283 811 2326 huiusmodi,
823 2283 852 2317 in
864 2284 1061 2319 assecutione

308 2337 546 2382 beneficiorum,
558 2337 678 2372 eisdem
690 2336 965 2372 abbreviatoribus
981 2346 1063 2384 post-

310 2400 479 2439 ponantur.

358 2451 373 2490 5
404 2449 458 2482 19.
482 2446 520 2481 Et
548 2446 633 2494 qnod
657 2446 786 2493 quilibet
811 2459 848 2481 ex
864 2446 1063 2482 abbreviato-

310 2501 400 2536 ribus
423 2500 593 2548 praedictis
620 2513 728 2535 ensem
758 2508 786 2535 et
813 2500 871 2534 alia
898 2512 982 2535 arma
1007 2513 1064 2548 per

310 2555 432 2591 nobiles
452 2564 480 2591 et
497 2556 612 2591 milites
639 2555 752 2590 deferri
777 2555 877 2593 solita,
901 2555 992 2589 etiam
1009 2567 1064 2602 per

309 2608 440 2650 Urbem,
460 2609 555 2644 libere
572 2609 704 2649 deferre,
720 2616 749 2643 et
769 2616 830 2643 tres
846 2621 900 2655 per
916 2621 987 2643 eum
1006 2610 1063 2644 eli-

309 2663 427 2710 gendas
440 2676 591 2712 personas
602 2662 772 2699 nobilitatis
786 2671 815 2699 et
832 2662 958 2699 militari
975 2663 1064 2700 titulo

1734 271 1804 304 659

1102 337 1261 378 decorare,
1286 349 1320 372 ae
1354 336 1475 371 nobiles
1502 344 1532 371 et
1568 336 1681 371 milites
1712 347 1854 372 aur-catos

1102 399 1208 421 creare
1230 396 1256 421 et
1284 386 1396 425 facero,
1425 387 1534 433 eisque
1564 385 1693 432 insignia
1718 395 1747 420 et
1770 399 1852 421 arma

1103 437 1132 470 in
1161 436 1316 472 similibus
1345 436 1408 470 dari
1437 435 1527 471 solita
1562 435 1636 470 dare
1658 444 1751 483 atque
1777 448 1855 470 con-

1103 485 1231 529 cedere,
1255 498 1289 520 ae
1311 498 1364 520 cos
1388 498 1520 520 numero
1542 493 1571 519 et
1595 485 1755 519 consortio
1777 485 1855 520 alio·-

1104 548 1172 569 rum
1197 535 1350 570 nobilium
1373 544 1404 569 et
1426 535 1563 570 militum
1592 541 1792 569 aureatorum
1809 534 1855 570 fa-

1105 584 1285 619 vorabiliter
1299 597 1482 631 aggregare,
1498 583 1668 630 omniaque
1681 584 1739 618 alia
1753 592 1782 619 et
1796 584 1855 619 5111-

1103 633 1173 679 gula
1199 634 1228 668 in
1247 634 1405 668 similibus
1429 634 1493 667 lieri
1517 633 1608 668 solita
1631 642 1661 668 et
1675 641 1853 680 opportuna

1105 684 1217 726 facere,
1246 683 1341 718 libere
1364 692 1393 717 et
1417 684 1497 718 licite
1523 683 1618 730 possit
1636 691 1666 718 et
1690 684 1786 718 valeat
1802 690 1854 717 etc.

1154 732 1238 766 Nulli
1263 745 1338 777 ergo
1357 741 1410 767 eto.

1156 782 1269 816 Datum
1293 782 1412 817 Romae
1435 782 1518 829 apud
1542 781 1694 817 Sanctum
1713 781 1855 822 Petrum,

1104 848 1187 870 anno
1222 835 1448 871 incarnationis
1480 836 1656 871 dominicae
1687 835 1856 870 millesimo

1104 889 1360 936 quingentesimo
1383 890 1632 936 quintodecimo,
1655 889 1856 936 decimosep-

1105 940 1181 974 timo
1210 939 1270 973 kal.
1301 940 1444 985 augusti,
1474 939 1612 986 pontific.
1643 939 1743 974 nostri
1773 951 1855 973 anno

1106 996 1206 1023 tertio.

1149 1050 1211 1081 Dat.
1235 1051 1280 1081 dic
1301 1051 1336 1081 16
1360 1050 1422 1081 iulii
1449 1051 1534 1087 1515,
1554 1050 1656 1090 pontis.
1679 1059 1814 1080 311110111.

1438 1225 1521 1261 XVI.

1104 1308 1279 1352 Hospitalis
1293 1308 1331 1341 B.
1344 1307 1467 1340 Mariae
1479 1307 1516 1340 de
1533 1306 1653 1352 Populo
1667 1313 1693 1339 ec
1705 1307 1739 1340 S.
1755 1307 1858 1340 lacobi

1153 1360 1185 1390 in
1195 1359 1337 1402 Augusta
1350 1358 1386 1390 de
1401 1357 1477 1390 Urbe
1492 1357 1598 1390 erectio
1614 1357 1646 1389 in
1665 1356 1858 1401 archihospi-

1154 1408 1213 1440 tale
1223 1418 1398 1452 pauperum
1414 1407 1606 1452 infirmorum
1622 1406 1854 1443 incurabilium,

1153 1468 1221 1490 cum
1246 1457 1481 1500 privileqi'ormn
1507 1456 1694 1500 elarqz'cione.

1372 1532 1587 1563 SUMMARIUM

1102 1601 1292 1632 Prooemium.
1307 1617 1346 1623 --
1358 1601 1384 1630 1.
1400 1599 1566 1630 Confratres
1585 1600 1738 1639 hospitalis
1754 1599 1784 1629 B.
1800 1600 1858 1630 Ma-

1143 1647 1203 1676 riae
1223 1646 1258 1675 de
1278 1645 1388 1684 Populo
1405 1649 1433 1674 et
1455 1644 1484 1674 S.
1505 1643 1602 1673 lacobi
1627 1644 1656 1673 in
1679 1644 1811 1682 Augusta
1828 1646 1856 1674 in

1144 1690 1220 1720 Urbe
1239 1693 1404 1719 statuerunt
1427 1689 1455 1718 in
1475 1698 1508 1718 eo
1531 1689 1566 1718 de
1585 1693 1681 1718 cetero
1700 1689 1792 1727 recipi
1808 1689 1857 1719 de-

1142 1735 1211 1764 bere
1235 1735 1367 1764 infirmos
1397 1733 1587 1770 incurabiles,
1611 1738 1638 1762 et
1660 1733 1756 1771 ipsum
1782 1733 1855 1762 hos-

1143 1779 1230 1818 pitale
1262 1777 1445 1808 denominari
1489 1777 1627 1816 Hospitale
1663 1777 1857 1806 incurabilium

1141 1824 1324 1862 infirmorum.
1358 1839 1397 1844 —
1427 1822 1452 1851 2.
1486 1821 1616 1860 Eiusque
1651 1821 1784 1859 regimen
1819 1822 1858 1851 sit

1143 1873 1269 1907 quatuor
1292 1867 1448 1896 custodum
1474 1871 1501 1895 et
1526 1866 1681 1895 duodecim
1711 1866 1855 1896 consilia-

1143 1914 1264 1943 riorum.
1293 1929 1332 1934 —
1358 1912 1384 1942 3.
1411 1912 1472 1941 Duo
1502 1912 1649 1950 eligantur
1679 1912 1791 1950 syndici
1821 1913 1856 1942 ad

1142 1958 1266 1987 videnda
1289 1961 1424 1995 computa
1445 1961 1472 1985 et
1495 1956 1548 1985 alia
1573 1956 1607 1985 ad
1631 1956 1760 1985 officinm
1784 1965 1855 1995 syn-

1143 2003 1257 2032 dicatus
1275 2002 1447 2041 spectantia,
1461 2017 1500 2022 —
1516 2001 1545 2030 lt.
1565 2000 1675 2029 Notarii
1694 2000 1780 2030 etiam
1801 2001 1858 2030 duo

1143 2049 1178 2078 ad
1202 2047 1414 2078 conscribenda
1443 2055 1518 2084 quae
1553 2046 1588 2075 ad
1613 2046 1757 2084 hospitale
1787 2056 1857 2086 spe-

1143 2098 1230 2130 ctant,
1245 2110 1283 2115 —
1300 2093 1325 2122 5,
1346 2092 1576 2130 Visitatoresque
1595 2096 1722 2130 quatuor
1741 2091 1776 2120 ad
1794 2101 1858 2130 per-

1144 2138 1305 2178 quirendos
1324 2142 1351 2167 et
1370 2136 1555 2175 recipiendos
1578 2136 1711 2165 infirmos
1735 2136 1855 2166 incura-

1143 2183 1262 2212 bilesin
1287 2182 1363 2211 dieto
1388 2180 1539 2219 hospitali,
1573 2184 1600 2209 et
1628 2180 1702 2209 alios
1735 2181 1771 2210 ad
1801 2181 1857 2210 alia

1143 2227 1230 2257 Urbis
1255 2226 1408 2265 hospitalia
1432 2224 1683 2255 transmittendos.
1702 2241 1741 2247 -
1762 2226 1789 2255 fi.
1806 2225 1857 2255 llic

1144 2277 1240 2302 autem
1255 2271 1396 2306 Pontifex,
1409 2270 1442 2299 ad
1457 2269 1686 2308 promovendum
1704 2269 1758 2298 hoc
1776 2270 1855 2308 pium

1145 2315 1301 2354 hospitalis
1329 2324 1419 2353 opus,
1447 2330 1486 2335 —
1518 2314 1544 2342 7.
1569 2313 1681 2343 Statuta
1709 2314 1855 2352 praedicta

1143 2360 1292 2400 approbat,
1315 2364 1342 2388 et
1357 2360 1413 2389 dic.
1435 2358 1581 2397 hospitale
1600 2358 1684 2396 erigit
1707 2358 1736 2387 in
1760 2358 1859 2388 archi-

1145 2404 1290 2444 hospitale
1309 2408 1336 2433 et
1351 2407 1437 2442 caput
1455 2402 1586 2431 omnium
1610 2403 1799 2442 hospitalium
1818 2402 1857 2432 si-

1145 2449 1270 2485 milium,
1288 2465 1325 2470 —
1348 2449 1374 2477 8.
1397 2447 1533 2487 Syntticis
1557 2452 1582 2477 et
1606 2446 1806 2477 visitatoribus
1829 2447 1856 2477 d.

1145 2493 1312 2523 facultatem
1346 2501 1490 2532 pauperes
1517 2491 1649 2521 infirmos
1676 2491 1856 2521 incurabiles

1146 2548 1197 2578 per
1215 2538 1320 2567 Urbem
1345 2542 1482 2574 vagantes
1506 2536 1688 2574 suscipiendi
1712 2537 1857 2574 concedit3

1145 2600 1183 2605 -—
1213 2584 1239 2612 0.
1276 2582 1493 2620 Exemptiouem
1527 2591 1540 2611 3
1575 2582 1660 2610 datiis
1683 2585 1709 2610 et
1732 2580 1856 2618 gabellis

1147 2627 1283 2665 hospitali
1315 2626 1466 2664 elargitur:
1497 2643 1535 2648 --
1567 2626 1612 2656 10.
1644 2625 1856 2666 Privilegiaque

1146 2673 1271 2703 aliorum
1291 2670 1376 2702 Urbis
1396 2671 1586 2711 hospitalium
1606 2669 1721 2708 tribuit;
1747 2686 1787 2692 ·—
1808 2670 1855 2700 11.

1869 282 1919 309 An.
1935 282 1963 310 C.
1986 283 2050 310 1515
