2281 3251
223 246 271 272 An.
289 246 318 273 C.
339 245 403 272 ¹507

243 2443 361 2466 niomium

471 237 539 270 46ss

422 303 506 349 ipsos
528 314 690 337 remanere
707 302 913 348 incognitum,
937 300 1021 348 qnod
1037 309 1097 335 tam
1115 313 1171 348 pa-

421 361 522 387 tenter
540 352 596 386 suit
621 351 824 398 publicatum.
852 351 918 385 Nos
945 350 1028 385 enim
1049 350 1170 385 irritum

420 402 623 437 decernimus
638 408 667 435 et
683 400 776 435 inane
790 399 941 447 quicquid
957 407 1064 434 contra
1081 412 1172 447 prae-

421 453 512 486 niissa
535 450 580 485 vel
603 449 729 497 aliquod
745 461 854 484 eorum
871 461 887 484 a
902 461 1076 496 quoquam,
1091 461 1170 497 qua-

421 502 464 535 vis
491 499 686 543 auctoritate,
714 498 832 534 directe
855 498 902 534 vel
926 498 1078 534 indirecte
1101 511 1173 534 con-

420 551 523 598 tigerit
549 549 705 584 attentari.

468 599 552 635 Nulli
572 610 647 644 ergo
670 607 722 632 etc.

467 649 583 684 Datum
604 648 724 683 Romae
743 647 827 694 apud
861 647 895 682 S.
925 647 1066 691 Petrum,
1090 660 1172 683 anno

420 698 647 735 lucarnatiouis
678 697 854 732 dominicae
882 697 1052 733 millesimo
1079 698 1172 745 quin-

418 748 595 795 gentesimo
610 748 756 795 septimo,
774 746 878 782 idibus
893 746 1084 793 decembris,
1099 760 1171 795 pon-

418 799 554 833 tificatus
573 797 671 833 nostri
693 809 777 832 anno
803 797 927 844 quinto.

450 859 510 890 Dat.
527 860 573 890 die
593 860 626 889 13
642 858 810 889 decembris
827 859 914 896 1507,
930 864 1008 898 pont.
1025 869 1101 890 anno
1117 869 1141 890 v.

720 1017 778 1053 xx
812 1020 867 1062 (i).

421 1100 464 1133 De
488 1100 682 1144 portionibus
708 1101 862 1144 fructuum
886 1112 925 1133 etr
946 1101 1095 1145 beneficiis
1113 1101 1172 1134 mi-

465 1150 550 1182 litiae
561 1150 597 1183 de
611 1150 789 1189 Calatrava,
808 1149 1009 1183 cisterciensis
1027 1151 1170 1194 Ordinis,

465 1200 622 1232 communi
647 1200 787 1233 thesauro
810 1200 941 1237 debitis,
967 1201 1053 1233 certis
1080 1201 1172 1234 dum—

467 1255 555 1282 taxat
578 1249 698 1283 casibus
720 1249 935 1294 eaepenclendis.

684 1326 900 1357 SUMMARIUM

415 1393 581 1424 Exordium.
597 1410 635 1415 —
652 1395 678 1423 l.
697 1393 788 1432 Leges
804 1394 965 1424 nonnullae
983 1404 1034 1434 pro
1051 1395 1169 1425 indem-

454 1438 543 1467 nitate
577 1438 666 1467 liuius
689 1438 813 1468 militiae
836 1439 932 1476 latae3
964 1456 1003 1461 —
1030 1439 1057 1468 Ξ).
1087 1439 1169 1469 Certa

454 1483 546 1522 portio
563 1483 730 1512 reddituum
749 1484 872 1512 benetie.
890 1484 1028 1513 thesauro
1045 1484 1171 1521 addicta3

452 1544 491 1549 —
513 1527 539 1556 3.
564 1526 627 1556 Dati
656 1527 839 1566 depositarii,
866 1544 906 1550 —
927 1528 954 1557 4.
984 1527 1017 1556 Et
1039 1527 1068 1556 in
1096 1537 1170 1566 quos

454 1581 527 1601 usus
556 1571 686 1601 converti
715 1571 829 1607 debeat,
856 1571 1055 1610 praefinitum3
1083 1588 1122 1593 —
1143 1572 1170 1601 5

454 1616 545 1646 Secus
564 1619 684 1653 agentes
707 1616 811 1654 poenis
835 1615 954 1645 addicti.
982 1632 1022 1637 —
1043 1616 1070 1645 6.
1093 1615 1170 1651 Quid

453 1660 599 1698 agendum
624 1659 670 1693 sit,
695 1659 831 1698 pluribus
855 1659 957 1689 eodem
982 1668 1058 1688 anno
1081 1669 1169 1690 vaca—

454 1703 584 1734 tionibus
607 1704 739 1733 eiusdem
768 1703 904 1733 beneficii
929 1703 1170 1741 occurrentibus,

452 1748 642 1779 declaratum.
660 1765 699 1770 —
722 1748 747 1777 7.
770 1749 864 1777 Aucto
889 1748 1026 1776 thesauro
1049 1748 1084 1777 ad
1101 1757 1168 1777 cer-

452 1797 508 1822 tam
525 1792 840 1831 summam,quomodo
859 1791 1048 1830 expendenda
1069 1792 1117 1821 sit.
1131 1809 1170 1814 —

451 1837 477 1866 8.
500 1835 706 1866 Ferdinandus
731 1844 780 1865 rex
802 1835 859 1864 dic.
883 1835 1005 1864 militiae
1037 1835 1168 1865 admini-

451 1884 567 1917 strator,
590 1880 737 1919 praedicta
762 1883 866 1909 statuta
887 1879 1069 1918 approbavit,
1086 1897 1126 1902 —
1141 1881 1168 1909 9.

450 1924 506 1960 Qui
529 1924 631 1954 eadem
652 1923 809 1964 approbari
825 1927 853 1953 et
871 1923 927 1953 alia
948 1924 994 1953 hic
1011 1924 1166 1953 enunciata

452 1969 574 1999 concedi
607 1968 755 2008 supplicat
778 1967 847 1997 huic
876 1967 1021 1997 Pontifici.
1054 1983 1093 1989 —
1122 1968 1168 1998 10.

451 2015 544 2044 lulius
561 2014 609 2045 illa
633 2014 731 2044 omnia
751 2014 893 2054 approbat
913 2019 1000 2053 atque
1023 2016 1168 2052 concedit·⁷

450 2077 488 2082 —
509 2060 554 2089 Η.
578 2059 731 2098 Privilegia
756 2058 875 2089 Ordinis
899 2059 1071 2090 Cistercien.
1090 2070 1168 2090 com-

452 2105 594 2143 municat;
628 2121 666 2126 —
698 2104 744 2134 21⁹2.
773 2103 995 2144 Contrariisque
1028 2106 1167 2136 omnibus

451 2150 582 2188 derogat3
613 2165 652 2172 -
685 2148 731 2179 13.
753 2148 959 2189 Transumptis
990 2150 1076 2180 sidem
1105 2151 1166 2180 dari

450 2195 590 2225 decernit.

473 2271 560 2300 lulius
581 2271 724 2308 episcopus
749 2279 845 2301 servus
869 2278 1011 2301 servorum
1038 2271 1103 2304 Dei.

543 2326 576 2354 ad
604 2327 766 2361 perpetuam
790 2326 832 2355 rei
862 2326 1030 2355 memoriam.

461 2387 595 2424 Romani
626 2388 832 2434 pontificis,
827 2402 856 2424 in
885 2401 949 2446 quo
971 2388 1077 2424 divina
1100 2390 1167 2425 dis-

412 2438 567 2493 positione
597 2437 759 2486 plenitudo
788 2440 943 2483 consistit,
967 2439 1165 2487 proiidentia

410 2488 642 2536 ciicumspecta
666 2497 780 2524 statum
806 2502 1013 2537 personarum
1037 2489 1164 2537 religio-

410 2549 514 2572 sarum
543 2538 768 2585 quarumlibet,
788 2540 972 2587 praesertim
1001 2539 1061 2574 sub
1079 2552 1168 2586 regu-

411 2610 486 2677 Edfl)
499 2610 668 2685 (Leges)hanc
689 2609 786 2638 bullam
804 2611 854 2638 sub
872 2619 946 2639 num.
965 2619 1016 2638 xxi
1038 2611 1062 2638 in
1088 2611 1165 2638 Rom.

453 2653 480 2676 it.
513 2658 537 2677 n.
555 2657 580 2678 τ.
600 2670 605 2676 .

1001 246 1187 270 Btttantt‘u
1217 246 1378 269 ROMANFM

1212 300 1330 335 laribus
1354 300 1472 336 militiis
1496 313 1551 348 pro
1571 301 1641 336 [idei
1663 301 1836 336 catholicae
1859 301 1970 336 desen-

1212 351 1300 385 sione
1323 350 1475 385 continue
1493 351 1722 396 insudantium,
1739 351 1906 398 diligenter
1922 359 1971 385 at-

1214 399 1357 440 tendens,
1380 399 1418 434 ad
1442 412 1476 434 ea
1500 400 1795 445 libenterinteudit,
1813 413 1867 448 per
1886 413 1966 448 quac

1213 448 1397 484 earumdem
1421 449 1602 484 militiarum
1620 458 1649 485 et
1664 462 1870 497 personarum
1886 451 1968 498 paci,

1213 500 1310 547 quieti
1346 507 1376 534 et
1405 499 1618 546 tranquillitati
1655 500 1752 535 valeat
1781 500 1939 548 provideri
1963 515 1970 539 2

1213 556 1243 583 ct
1271 549 1307 583 iis
1341 560 1421 596 quae
1450 556 1615 596 propterea
1642 549 1770 596 provide
1796 558 1911 585 statuta
1939 559 1967 586 et

1213 598 1355 633 ordinata
1371 598 1468 633 fuisse
1483 597 1690 643 dicuntur,ut
1709 599 1797 635 firma
1816 608 1970 647 perpetuo

1214 657 1243 682 et
1272 648 1388 683 illibata
1419 647 1597 695 persistant,
1625 660 1697 683 cum
1720 648 1759 683 ab
1781 661 1818 684 eo
1841 651 1968 696 petitur,

1214 697 1376 744 apostolici
1408 697 1513 732 adiicit
1549 698 1735 732 muniminis
1763 698 1941 735 firmitatem
1961 729 1968 740 ,

1213 747 1352 794 aliasque
1367 748 1506 794 desuper
1525 747 1647 782 ordinat
1666 755 1695 782 et
1711 747 1858 803 disponit,
1877 758 1968 796 prout

1214 797 1441 833 catholicorum
1466 796 1649 844 piiucipum
1667 798 1807 844 exposcit
1829 798 1968 839 devotio

1215 847 1321 894 idque,
1331 858 1536 895 personarum
1565 854 1596 881 et
1619 854 1795 894 temporum
1819 847 1968 894 qualitate

1214 905 1354 944 pensata,
1378 905 1471 944 prout
1496 896 1525 930 in
1549 895 1686 932 Domino
1704 897 1861 944 conspicit
1882 897 1969 933 salu-

1215 946 1311 981 briter
1337 945 1497 993 expedire.

1261 1000 1276 1039 g*
1308 998 1338 1030 1.
1366 996 1475 1036 Saue,
1512 1008 1568 1042 pro
1607 1003 1694 1042 parte
1729 995 1906 1031 charissimi
1935 996 1964 1031 in

1213 1044 1340 1080 Christo
1368 1045 1420 1080 filii
1445 1046 1542 1080 nostri
1566 1044 1965 1092 Ferdiuaudi,Arag0num

1212 1103 1242 1129 ct
1265 1094 1391 1130 Siciliae
1421 1095 1502 1141 regis
1531 1094 1671 1139 illustris,
1694 1095 1747 1142 qni
1771 1095 1900 1130 militiae
1927 1095 1966 1131 de

1212 1144 1384 1185 Calatrava,
1400 1145 1623 1180 (listerciensis
1640 1144 1784 1188 Ordinis,
1797 1144 1966 1180 Toletanae

1212 1194 1377 1234 dioecesis,
1403 1207 1457 1241 por
1479 1194 1595 1229 Sedem
1620 1194 1833 1241 Apostolicam
1859 1206 1968 1242 perpe-

1213 1251 1286 1278 tuus
1302 1244 1536 1278 administrator
1554 1244 1722 1291 deputatus
1744 1244 1859 1284 existit,
1876 1244 1967 1279 nobis

1213 1305 1312 1340 nuper
1352 1293 1493 1327 exhibita
1532 1294 1639 1339 petitio
1668 1293 1850 1328 continebat
1881 1294 1964 1341 quod

1211 1342 1288 1377 alias
1310 1342 1447 1377 dilectus
1471 1342 1552 1377 tilius
1579 1342 1748 1377 Guterrius
1776 1343 1814 1377 de
1847 1342 1965 1378 Padilla

1212 1391 1311 1426 maior
1333 1400 1560 1439 nuncupatus,
1585 1404 1619 1427 ac
1659 1391 1731 1426 dicti
1768 1391 1963 1427 Ferdinandi

1213 1441 1294 1486 regis
1316 1441 1591 1480 administratoris,
1615 1441 1708 1476 etiam
1730 1442 1760 1476 in
1789 1442 1965 1488 spirituali-

1212 1490 1271 1524 bus
1309 1491 1443 1525 xicaiius
1478 1491 1645 1545 generalis,
1667 1499 1698 1525 et
1735 1491 1876 1525 nonnulli
1912 1492 1965 1526 alii

1213 1547 1444 1586 praeceptoiffes
1469 1540 1587 1586 priores
1611 1549 1638 1575 et
1663 1540 1773 1575 staties
1795 1540 1895 1575 dictae
1912 1542 1967 1576 mi-

1212 1588 1306 1629 litiae
1323 1589 1359 1623 ad
1377 1589 1460 1624 boc
1455 1602 1483 1623 in
1505 1602 1604 1624 uuum
1625 1590 1819 1636 congregati,
1836 1591 1965 1636 provide

1210 1638 1409 1673 attendentes
1428 1639 1539 1694 quod
1533 1651 1598 1686 ipsa
1621 1639 1732 1674 militia
1748 1648 1777 1674 et
1794 1639 1879 1674 illius
1894 1652 1965 1686 per-

1210 1699 1306 1722 sonae
1340 1689 1368 1722 in
1399 1692 1464 1722 suis
1487 1689 1671 1736 piivilegiis,
1699 1689 1964 1736 exemptionibus,

1211 1737 1464 1772 immunitatibus
1498 1747 1527 1772 et
1562 1738 1630 1772 aliis
1666 1739 1796 1784 gratiis,
1820 1746 1881 1772 tam
1910 1751 1965 1786 per

1209 1785 1325 1821 Sedem
1359 1787 1574 1834 Apostolicam
1611 1799 1704 1834 quam
1739 1799 1795 1842 per
1822 1787 1965 1823 diversos

1209 1834 1364 1871 Castellae
1387 1844 1417 1870 et
1440 1836 1589 1884 Legionis
1612 1849 1702 1883 reges
1721 1837 1766 1872 eis
1789 1838 1960 1879 concessis,

1209 1896 1322 1931 magna
1345 1865 1504 1932 quotidie&
1515 1899 1529 1920 a
1553 1886 1789 1921 circumvicinis
1812 1886 1960 1928 ducibus,

1210 1934 1460 1977 marchionibus,
1483 1935 1670 1979 comitibus,
1694 1935 1889 1977 baronibus,
1911 1948 1963 1972 ar-

1209 1983 1434 2032 chiepiscopis,
1453 1985 1610 2033 episcopis
1623 1994 1655 2020 et
1670 1985 1738 2020 aliis
1757 1985 1962 2022 ecelesiarum

1210 2035 1366 2080 praelatis,
1385 2035 1670 2071 communitatibus
1691 2036 1865 2082 civitatum,
1889 2039 1963 2074 uni-

1211 2091 1410 2125 versitatibus
1425 2120 1432 2133 ,
1456 2091 1647 2139 oppidorum
1671 2090 1810 2126 dominis
1833 2100 1962 2141 tempo-

1209 2144 1327 2180 ralibus
1361 2154 1391 2180 et
1425 2146 1567 2193 personis
1589 2145 1659 2180 aliis
1686 2144 1911 2182 ecclesiasticis
1933 2157 1963 2184 et

1208 2201 1434 2243 saecularibus,
1461 2201 1661 2236 sustinebant
1682 2200 1808 2245 damna,
1831 2201 1963 2238 iniurias

1207 2263 1238 2289 et
1265 2255 1411 2297 iacturas;
1434 2268 1470 2291 ac
1493 2255 1572 2291 dicta
1597 2255 1716 2299 militia,
1744 2267 1799 2301 pro
1814 2257 1964 2302 praemis-

1207 2321 1314 2344 sorum
1344 2318 1374 2344 et
1400 2311 1531 2345 aliorum
1554 2321 1684 2344 suorum
1709 2310 1825 2345 iurium
1849 2311 1960 2347 desen-

1207 2364 1296 2399 sionc
1331 2365 1482 2400 adversus
1519 2365 1718 2399 iniuriatores
1753 2364 1958 2406 huiusmodi,

1208 2419 1312 2454 nullos
1347 2419 1481 2455 babebat
1513 2418 1667 2467 speciales
1701 2427 1890 2465 proventus;
1924 2433 1961 2456 ac

1208 2482 1327 2508 mature
1350 2474 1589 2509 considerantes
1611 2473 1709 2520 quod,
1733 2473 1758 2508 si
1778 2485 1815 2508 ex
1834 2486 1962 2510 mensae

1208 2529 1395 2575 magistralis
1417 2537 1447 2563 et
1475 2528 1652 2563 officiorum
1676 2539 1712 2562 ac
1729 2529 1961 2575 praeceptoria-

1208 2596 1289 2623 rum,
1314 2584 1508 2631 prioratuum
1528 2591 1557 2617 et
1576 2582 1709 2617 aliorum
1735 2582 1960 2617 beneficiorum

1208 2636 1308 2673 dictae
1344 2637 1473 2673 militiae
1514 2648 1570 2684 pro
1608 2645 1749 2685 tempore
1785 2637 1960 2672 vacantium

1985 247 2035 273 An.
2060 246 2086 272 C.
2104 245 2173 272 ¹508

1991 1002 2056 1030 Leges
2073 1002 2166 1024 nonnul-

1983 1035 2014 1054 lae
2031 1041 2068 1061 pro
2083 1035 2167 1055 indem-

1982 1067 2047 1087 nitate
2061 1066 2121 1086 huius
2131 1070 2165 1085 mi·

1982 1098 2039 1119 litiae
2056 1099 2126 1120 tataez
