2281 3251
87 287 138 315 An.
153 288 182 315 C.
200 286 268 315 ¹515

333 343 353 391 g
380 346 412 378 9.
440 343 486 378 Ac
513 343 598 390 ipsos
617 342 846 378 abbreviatores
867 351 896 378 et
920 356 1029 378 eornm

99 396 272 433 ¹³¹⁰mP·⁸‘1¹¹,⁶‘
286 394 440 441 singulos,
461 393 564 440 quoad
592 393 734 432 vixerint,
758 406 931 440 eorumque
947 394 1032 429 fami-

86 433 272 480 issfficciigflueeiiiss
289 445 391 484 liares,
415 443 545 478 vicarios
566 451 593 476 et
617 442 778 485 officiales,
802 456 923 477 necnon
947 445 1034 478 cleri-

87 490 226 547 ξξζᾎζὲζζζῗ
241 491 272 510 ‘³5⁵
288 507 352 538 eos,
367 493 512 528 subditos
528 493 669 538 quosvis,
685 504 719 526 ac
738 492 886 526 beneficia
907 493 1031 541 ethbona

287 554 505 590 quaecumque
521 542 558 576 ad
593 554 647 576 cos
670 542 698 574 in
724 550 821 576 totuin
844 544 887 576 vel
913 544 942 576 in
969 556 1034 589 par·

289 601 349 627 tem
371 600 423 627 aut
446 591 521 626 alias
536 590 774 638 quomodolibet
798 593 983 638 spectantia,
999 605 1033 626 ac

288 642 318 676 in
336 641 484 676 omnibus
511 649 540 675 et
556 641 705 687 singuliS,
728 649 757 675 ct
781 641 810 675 in
831 642 957 688 quibus,
978 654 1033 675 nec

288 704 349 725 non
380 699 471 737 prout
494 690 594 725 dictos
616 691 785 737 scriptores
804 693 981 725 exemimus
1006 699 1035 724 et

289 741 509 780 liberavimus,
543 752 578 774 ac
613 741 781 786 scriptores
814 741 870 786 ipsi
898 741 1033 786 exempti

287 798 317 823 et
342 790 429 823 liberi
454 789 688 836 quomodolibet
703 789 1035 829 existunt,eximinius

287 846 316 873 et
332 838 514 881 liberamus,
538 851 573 872 ac
596 848 758 884 exemptos
778 847 808 872 et
829 839 944 873 liberos
980 851 1035 872 nec

288 900 349 922 non
367 889 457 922 nobis
480 897 508 922 et
532 888 769 922 successoribus
792 889 907 922 nostris
925 888 1037 922 buius-

288 937 372 971 modi
407 937 586 971 immediate
620 937 780 971 subiectos
807 950 876 971 esse
903 937 1038 971 declara-

288 999 370 1021 mus.
399 987 445 1021 Ac
467 987 633 1032 quibusvis
652 987 806 1033 personis,
826 988 919 1021 etiam
943 987 968 1019 si
985 999 1039 1020 or-

288 1035 418 1079 dinaria,
440 1036 580 1081 delegata
603 1036 648 1070 vel
672 1036 777 1080 mixta,
798 1048 833 1071 ac
857 1035 1038 1082 parochiali,

287 1085 561 1131 arcbiepiscopali,
586 1085 770 1131 episcopali,
799 1085 965 1132 imperiali,
992 1097 1039 1119 re-

288 1134 349 1181 gali
367 1162 376 1179 ,
399 1135 527 1180 reginali
551 1143 580 1169 et
607 1135 665 1168 alia
693 1135 804 1180 quavis
831 1134 1040 1169 ecclesiastica

290 1184 335 1218 vel
365 1184 522 1218 mundana
551 1183 746 1223 auctoritate,
769 1183 918 1229 dignitate
941 1193 971 1218 et
993 1196 1042 1217 ex-

289 1232 433 1268 cellentia
461 1232 676 1279 praefulgeant
698 1240 728 1267 et
758 1232 954 1279 fungantur,
981 1232 1041 1267 sub

290 1282 629 1316 excommunicationis
644 1282 723 1316 latae
742 1282 916 1316 sententiae
932 1289 962 1316 et
978 1282 1041 1328 pri-

290 1331 423 1366 vationis
449 1331 590 1365 omnium
619 1339 648 1365 et
671 1331 865 1376 singulorum
894 1331 1042 1366 ecclesia-

289 1392 372 1425 rum,
396 1381 673 1420 monasteriorum,
698 1381 891 1425 prioratuum
915 1390 943 1415 et
965 1381 1043 1415 alio-

290 1442 357 1463 rum
386 1441 662 1477 quorumcumque
691 1429 915 1464 beneficiorum
939 1430 1045 1465 eccle-

290 1487 500 1520 siasticorum,
516 1491 586 1514 cum
604 1491 677 1513 cura
701 1488 729 1513 et
747 1492 815 1514 sine
837 1492 924 1523 cura,
939 1492 1046 1514 saecu-

292 1528 400 1563 larium
416 1537 447 1563 et
464 1529 648 1575 quorumvis
662 1528 820 1563 Ordinnm
841 1529 1044 1576 regularium,

291 1589 327 1612 ac
358 1590 547 1624 regnorum,
575 1578 807 1622 dominiorum,
835 1587 986 1613 terrarum
1016 1587 1046 1612 et

291 1627 459 1672 bonorum,
478 1640 558 1675 quae
573 1640 588 1661 a
601 1626 741 1662 Romana
755 1637 785 1662 et
800 1628 964 1674 quibusvis
979 1628 1046 1662 aliis

291 1677 447 1718 ecclesiis,
475 1677 674 1712 monasteriis
702 1685 732 1712 et
763 1677 838 1712 locis
860 1677 1047 1712 ecclesiasti-

291 1727 337 1761 cis
359 1736 413 1761 aut
436 1727 519 1773 piis,
541 1727 570 1760 in
606 1727 729 1761 titulum
756 1727 800 1761 vel
824 1727 1044 1762 commendam

291 1788 346 1810 seu
374 1776 517 1817 feudum,
541 1776 720 1810 vicariatum
746 1776 792 1811 vel
815 1777 890 1811 alias
916 1789 1050 1824 quomo-

291 1825 409 1860 dolibet
424 1825 646 1861 obtinentetin
665 1833 825 1872 posterum
843 1826 1046 1864 obtinebunt,

293 1876 413 1921 poenis,
425 1888 503 1922 quas
515 1874 784 1916 contrafacientes,
801 1876 910 1922 eisque
920 1876 956 1910 ad
972 1876 1048 1910 baec

292 1925 459 1965 auxilinm,
474 1925 642 1959 consilium
662 1926 706 1958 vel
722 1925 857 1959 savorem
871 1926 1049 1971 quomodo-

292 1973 364 2008 libet
377 1975 750 2021 praestantesincurrere3
760 1975 889 2021 ipsaque
900 1974 1048 2009 beneficia

294 2023 362 2058 aliis
384 2023 481 2058 libere
499 2036 591 2071 posse
609 2023 759 2064 conferri,
776 2033 805 2058 et
822 2024 901 2058 bona
918 2024 1047 2058 concedi

294 2072 440 2108 volumus
468 2085 505 2107 eo
533 2073 612 2120 ipso,
643 2085 680 2106 ne
704 2073 790 2120 ipsos
813 2073 1049 2108 abbreviatores

293 2133 324 2161 ct
339 2126 427 2170 alios,
454 2139 589 2173 quorum
612 2125 748 2161 savorem
774 2136 956 2174 praesentes
977 2139 1052 2174 quo-

293 2180 467 2215 modolibet
481 2189 688 2224 concernunt,
715 2181 762 2215 vel
780 2193 888 2215 eorum
912 2182 1049 2228 aliquem

295 2234 388 2269 modo
423 2235 532 2282 aliquo
560 2234 727 2270 molestare
742 2262 751 2280 ,
788 2235 962 2282 inquietare
1000 2244 1051 2270 aut

295 2289 500 2335 perturbare,
531 2301 587 2324 nec
614 2288 732 2336 aliquid
761 2289 915 2324 intentare
944 2298 1050 2324 contra

295 2345 476 2379 earumdem
507 2345 719 2391 praesentium
753 2352 891 2379 tenorem
918 2358 1053 2391 praesu—

297 2407 396 2440 mant,
410 2407 462 2434 aut
483 2399 596 2446 aliquis
612 2411 720 2433 eorunt
744 2408 934 2446 praesumat,
951 2400 1055 2435 distri-

297 2454 379 2488 ctius
401 2453 591 2488 inhibemus.

348 2512 363 2551 ἓ
392 2512 447 2543 10.
472 2508 629 2555 Quodque
652 2520 761 2542 omnes
795 2516 825 2542 et
852 2508 971 2553 singuli
997 2508 1053 2542 ab—

102 2551 491 2610 ,25525‘030'131breviatores
512 2562 655 2609 praefati,
683 2562 827 2596 similiter
849 2563 950 2608 quoad
970 2563 1056 2596 vixe-

101 2614 289 2670 fefglffmbffissfgflf
304 2615 375 2659 rint,
399 2617 429 2650 in
454 2624 588 2663 utroque
610 2617 656 2650 vel
680 2615 778 2649 altero
802 2616 930 2659 iurinm,
963 2628 997 2650 ac
1026 2617 1055 2649 in

103 2676 190 2697 ‘wrtm
206 2676 273 2701 detur}
304 2669 434 2715 artibus,
452 2670 608 2705 medicina
626 2670 846 2717 tbeologiaque
861 2682 1057 2717 promovere,

975 289 1035 312 Leo
1056 290 1074 312 Χ
1103 290 1152 313 ΡΡ.

1704 279 1774 312 (355

1074 358 1109 380 ac
1132 345 1269 380 notarios
1291 344 1474 379 bninsmodi
1499 343 1664 384 investire;
1688 356 1723 378 ac
1751 345 1826 378 ille-

1075 395 1201 441 gitimos
1212 404 1241 429 et
1256 407 1292 429 ex
1308 395 1423 442 quovis
1441 394 1548 428 illicito
1566 394 1661 431 coitu,
1677 402 1736 427 tam
1753 394 1826 427 sim-

1077 446 1295 491 pliciterquam
1312 445 1433 478 mixtim
1447 452 1637 490 procreatos,
1649 443 1827 476 viventibus

1075 507 1129 528 seu
1148 493 1303 528 defunctis
1315 506 1421 528 eorum
1440 492 1678 539 parentibus,ffll
1698 492 1826 538 pristina

1078 553 1203 578 naturae
1220 544 1286 577 iura
1303 543 1427 590 penitus
1447 550 1477 576 et
1499 542 1628 576 omnino
1647 542 1829 585 restituere,

1078 606 1198 627 necnon
1216 605 1433 639 quascumque
1448 603 1607 638 personas,
1619 592 1649 625 in
1664 590 1762 625 literis
1777 603 1830 637 per

1078 655 1134 676 nos
1163 642 1311 689 desuper,
1332 642 1392 676 snb
1407 642 1469 675 dat.
1488 640 1632 675 videlicet
1655 639 1713 674 kal.
1738 641 1830 681 maii,

1079 691 1187 738 pontif.
1209 692 1304 726 nostri
1329 703 1411 725 anno
1440 703 1463 725 ιι
1500 691 1590 724 dictis
1622 690 1831 737 scriptoribus

1078 741 1238 775 concessis
1260 741 1523 786 comprebensas3
1546 740 1686 786 ipsisque
1710 751 1831 786 promo-

1081 790 1188 824 vendis
1198 790 1381 827 iuramenta,
1393 802 1445 834 per
1455 802 1508 823 eos
1518 789 1556 823 de
1567 802 1626 823 non
1640 789 1832 835 recipiendis

1079 839 1226 884 gradibus
1245 847 1328 873 extra
1353 839 1570 872 universitates
1594 838 1754 885 inquibus
1769 846 1834 872 stu-

1080 888 1216 922 duerunt
1234 889 1391 934 praestita,
1409 888 1560 927 relaxa-03
1574 900 1691 934 eosque
1704 887 1742 921 ad
1756 887 1833 921 iura—

1081 946 1258 971 mentorum
1291 937 1475 971 eorumdem
1506 938 1733 971 observantiam
1771 948 1833 971 non

1082 988 1178 1020 teneri
1196 987 1376 1026 decernere3
1391 999 1511 1021 necnon
1524 988 1579 1029 eis,
1594 995 1626 1020 ut
1642 987 1788 1021 omnibus
1804 993 1834 1020 et

1081 1036 1214 1082 singulis
1243 1036 1425 1082 privilegiis,
1449 1035 1714 1078 immunitatibus,
1739 1047 1835 1069 exce-

1084 1085 1254 1131 ptionibus,
1272 1085 1529 1124 antebitionibns,
1543 1085 1834 1127 commoditatibus,

1083 1134 1261 1177 favoribus,
1285 1134 1480 1168 libertatibus
1503 1143 1532 1168 et
1559 1135 1680 1180 gratiis,
1708 1134 1835 1178 quibus,

1084 1184 1108 1217 si
1133 1184 1162 1217 in
1191 1184 1283 1218 dictis
1316 1183 1584 1223 universitatibus,
1613 1184 1698 1217 iuxta
1726 1195 1836 1218 eorum

1084 1241 1197 1267 statuta
1210 1241 1239 1267 et
1251 1233 1509 1274 consuetudines,
1522 1232 1638 1279 gradus
1653 1232 1835 1267 buiusmodi

1085 1283 1313 1328 suscepissent,
1336 1283 1393 1326 uti,
1416 1281 1476 1316 frui
1500 1291 1529 1317 et
1557 1282 1694 1328 gaudere
1717 1282 1839 1329 possint

1085 1340 1114 1366 et
1142 1332 1289 1371 debeant,
1312 1332 1499 1367 concedere.

1135 1382 1154 1428 S
1180 1384 1234 1415 11.
1263 1381 1309 1416 Ac
1332 1394 1413 1416 unus
1435 1394 1472 1415 ex
1495 1379 1702 1415 familiaribus
1725 1380 1838 1426 singu·
1868 1389 1984 1424 familimis
2003 1387 2039 1408 ab·

1087 1431 1187 1464 lorum
1198 1431 1381 1465 eorumdem
1399 1431 1767 1465 abbreviatorumensem
1787 1442 1839 1476 per
1854 1421 1943 1478 ξζξῖξζζ
1956 1425 2039 1477 Ροῗζῗζῖ

1087 1479 1219 1525 Urbem,
1234 1480 1272 1514 ad
1295 1481 1415 1526 patroni
1429 1480 1476 1515 sui
1496 1480 1630 1524 libitum,
1647 1479 1769 1514 deferre
1795 1479 1840 1513 li—

1088 1529 1161 1564 bere
1183 1539 1213 1564 et
1236 1531 1318 1564 licite
1349 1531 1456 1565 valeat.

1137 1579 1156 1626 g
1181 1582 1235 1613 12.
1255 1579 1433 1626 Omniaque
1456 1588 1486 1614 et
1513 1578 1648 1624 singula,
1676 1578 1706 1612 in
1735 1578 1781 1612 eis
1805 1590 1840 1612 ac
1874 1591 1963 1612 induitis
1986 1591 2041 1611 seri-

1089 1629 1301 1675 exemptionis
1318 1657 1326 1670 ,
1360 1629 1551 1663 liberationis
1577 1637 1605 1662 et
1633 1628 1840 1663 subiectionis
1856 1626 1938 1649 ¹³¹⁰⁸¹⁰¹
1954 1625 2041 1648 ³¹'⁰²²⁴'*

1856 1654 1942 1673 licoruai
1951 1669 1955 1677 ‚
1977 1657 2040 1672 ttiam

1090 1679 1330 1724 praedictarum,
1348 1691 1469 1713 necnon
1486 1677 1649 1725 quibusvis
1661 1678 1728 1712 aliis
1744 1677 1840 1712 literis
1857 1685 1923 1719 ‘iuoad
1943 1684 2041 1718 ,expedi-

1089 1728 1270 1774 apostolicis
1283 1729 1472 1775 scriptorum
1489 1727 1688 1768 eorumdem,
1703 1739 1740 1761 eo
1756 1727 1839 1774 quod
1856 1716 2041 1773 ζ’ξζῖἶῖζῡῗῖᾞ

1089 1777 1259 1824 scriptores
1285 1779 1435 1821 existunt,
1467 1779 1635 1821 bonorem,
1665 1778 1842 1823 exemptio·
1856 1777 2043 1828 'gg'fffflgf’ff

1091 1839 1174 1869 nem,
1191 1828 1469 1873 praeeminentiam,
1480 1827 1739 1874 praerogativam,
1755 1839 1843 1860 com·
1858 1840 1914 1860 dem.
1997 1828 2005 1833 “

1091 1876 1233 1916 modam,
1255 1876 1390 1911 favorem
1410 1877 1454 1911 vel
1472 1877 1636 1911 utilitatem
1663 1877 1843 1923 quomodo-

1091 1925 1167 1959 libet
1187 1926 1467 1969 concernentibus,
1489 1938 1505 1960 a
1522 1926 1614 1960 nobis
1631 1934 1661 1959 et
1679 1926 1844 1972 quibusvis

1091 1975 1159 2009 aliis
1172 1975 1307 2010 Roman.
1323 1975 1541 2015 Pontificibus,
1558 1974 1845 2022 1³1·ae(toce>soi-ib11s

1092 2032 1121 2058 et
1148 2026 1388 2059 successoribus
1411 2026 1537 2068 nostris,
1560 2037 1596 2059 ac
1623 2024 1705 2059 Sede
1734 2024 1846 2058 buius-

1095 2074 1178 2108 modi
1203 2087 1260 2121 pro
1277 2083 1419 2121 tempore
1431 2075 1583 2108 emanatis
1602 2082 1761 2115 contenta„
1780 2073 1847 2107 illa-

1094 2141 1162 2162 rum
1184 2129 1326 2163 omnium
1355 2137 1385 2163 et
1407 2129 1603 2173 singularum
1625 2137 1705 2162 totos
1721 2137 1847 2161 tenores

1095 2183 1314 2229 praesentibus
1330 2195 1385 2230 pro
1413 2181 1605 2216 sufficienter
1627 2181 1785 2228 expressis
1813 2192 1849 2215 ac

1094 2237 1132 2271 de
1161 2237 1254 2271 verbo
1282 2236 1319 2270 ad
1358 2236 1486 2270 verbum
1519 2236 1644 2269 insertis
1680 2236 1849 2274 babentes,

1094 2291 1212 2325 eisdem
1237 2289 1505 2325 abbreviatoribus
1523 2298 1553 2323 ct
1575 2302 1682 2323 eorum
1706 2289 1850 2334 singulis,

1096 2345 1180 2379 iuxta
1198 2345 1339 2379 omnium
1360 2352 1389 2378 et
1412 2344 1607 2389 singulorum
1623 2343 1779 2377 literarum
1798 2356 1852 2377 ea-

1097 2399 1240 2433 rumdem
1270 2399 1497 2433 continentiam
1524 2406 1553 2432 et
1578 2407 1730 2437 tenorem3
1747 2410 1780 2431 ac
1805 2405 1849 2440 ut,

1096 2454 1215 2501 absque
1231 2454 1331 2500 aliqua
1357 2454 1412 2487 alia
1436 2454 1593 2499 signatura
1618 2453 1754 2498 desuper
1771 2452 1853 2486 obti-

1099 2508 1220 2549 nenda,
1239 2520 1348 2541 omnes
1364 2516 1394 2541 et
1409 2508 1524 2552 singuli
1543 2507 1773 2541 abbreviatores
1789 2505 1850 2539 hu-

1100 2562 1246 2600 iusmodi,
1267 2561 1349 2595 nulla
1364 2561 1524 2605 signatura
1546 2570 1596 2594 ant
1618 2560 1849 2605 compositione

1842 292 1888 316 Ani
1909 289 1938 316 C.
1957 290 2021 316 ¹515

1099 2628 1154 2649 seu
1183 2616 1292 2661 quavis
1321 2628 1351 2648 re
1378 2614 1434 2647 alia
1458 2614 1595 2659 desuper
1620 2613 1779 2659 requisita,
1795 2612 1850 2646 sed

1101 2682 1155 2716 pro
1179 2682 1285 2703 eorum
1303 2668 1389 2702 libito
1415 2668 1524 2712 libere,
1547 2680 1641 2714 super
1657 2666 1804 2701 omnibus
1820 2673 1851 2700 et
