2281 3251
255 258 304 286 Αη.
325 258 354 285 C.
369 259 435 286 ¹510

245 2259 263 2279 rt

271 1264 366 1285 Etecmn-
357 1271 430 1292 ‹ynas-

499 246 569 281 484

453 313 579 347 nitatem
593 320 622 347 et
644 310 866 358 experientiam
885 321 999 350 rerum,
1016 310 1045 344 in
1062 310 1197 345 Domino

453 363 624 410 plurimum
640 360 1009 407 conlidentes,ipsum,in
1025 360 1116 395 dictis
1132 373 1196 407 pro-

450 410 1003 456 vinciisetinsulis,indulgentiarum
1015 410 1193 444 huiusmodi

450 471 591 497 nostrum
615 469 645 495 et
666 460 864 506 Apostolicac
886 458 980 494 Sedis
1000 460 1150 494 nuncium
1167 468 1196 494 et

449 511 696 546 commissarium
725 521 796 544 cum
823 509 973 543 omnibus
1000 517 1030 543 ct
1064 509 1196 555 singulis

450 561 646 595 facultatibus
673 568 702 594 et
721 559 961 594 auctoritatibus
982 567 1012 593 ct
1034 559 1127 594 etiam
1153 560 1196 593 in-

448 611 575 644 hibendi
589 609 750 657 quibusxis
768 609 987 656 quaestuatiis‚
1001 609 1078 643 alias
1092 609 1194 643 eidem

447 660 652 707 Hieronjmo,
678 659 780 714 quoad
811 659 1002 706 praemissa
1025 660 1117 694 etinn
1142 672 1196 705 per

448 711 552 745 literas
573 719 694 744 nostras
710 710 739 743 in
760 708 856 743 forma
880 708 995 752 brevis,
1010 709 1100 743 etiam
1118 709 1194 743 ultra

448 760 476 793 in
492 759 708 807 praesentibus
722 766 884 794 contentas
900 758 1073 803 lacultatcs,
1087 768 1195 794 ancto-

448 810 536 844 ritate
560 810 742 856 apostolica,
762 817 869 843 tenore
892 810 1103 856 praesentium
1128 809 1194 843 saci·

448 872 529 899 mus,
544 860 765 894 constituimus
787 867 815 893 et
833 858 1031 905 deputamus2
1050 860 1193 906 ipsasque

446 918 476 944 et
494 921 605 944 omnes
618 918 647 944 et
668 909 809 956 singulas
825 908 983 943 facultates
999 909 1100 943 eidem
1119 908 1196 944 Hie—

447 971 579 1008 ronymo
604 967 634 994 et
651 959 691 994 ab
713 971 751 994 eo
772 957 985 1004 subdelegatis
1006 959 1194 994 commissa-

447 1010 501 1044 riis
516 1010 545 1044 in
561 1009 740 1056 praemissis
754 1008 993 1056 quomodolibet
1014 1020 1194 1053 concessas,

447 1059 582 1107 praefato
595 1058 763 1094 Francisco
785 1058 884 1102 Zeno,
908 1059 1021 1093 vicario
1043 1059 1193 1104 generali,

445 1108 843 1157 eiusquc'subdelegandis
865 1109 1089 1143 commissariis
1110 1121 1194 1144 con-

445 1159 600 1194 cedimus.

494 1213 509 1253 §
538 1211 568 1243 7.
593 1209 634 1244 Et
655 1208 862 1243 nihilominus
884 1208 1041 1243 universis
1065 1208 1193 1243 christi—

446 1258 590 1294 fidelibus
608 1259 771 1306 utriusque
784 1271 888 1296 sexus,
904 1266 963 1292 tam
980 1258 1193 1293 saecularibus

446 1321 538 1356 quam
563 1308 760 1364 regularibus
778 1308 935 1343 Ordinum
958 1320 1193 1355 quorumcum-

377 1366 381 1378 ¹
421 1370 431 1373 ·
410 1371 507 1409 qne
529 1359 759 1414 provinciarum
776 1366 806 1393 et
828 1358 999 1392 insularum
1020 1358 1193 1405 praedicta-

445 1421 536 1447 rum
565 1408 638 1463 qui,
656 1408 741 1443 iuxta
763 1407 905 1442 eiusdem
929 1407 1088 1442 Francisci
1115 1408 1191 1453 Zegi

445 1458 689 1493 commissariiet
705 1458 810 1493 nuncii
827 1466 878 1492 aut
893 1457 1032 1504 deputati
1054 1469 1106 1491 seu
1121 1457 1194 1492 sub-

445 1508 577 1553 delegati
604 1516 657 1542 aut
691 1507 941 1554 deputandorum
966 1519 1021 1541 seu
1044 1506 1192 1542 subdele-

443 1557 633 1604 gandorum,
647 1557 684 1592 ad
709 1557 892 1592 eorumdem
917 1557 1077 1603 providam
1105 1557 1192 1591 ordi-

445 1608 604 1643 nationem
627 1619 721 1654 super
743 1607 801 1642 hoc
824 1606 1011 1646 faciendam,
1029 1607 1059 1640 in
1076 1607 1190 1654 capsis,

443 1657 481 1691 ad
510 1657 569 1692 hoc
596 1657 625 1691 in
644 1656 822 1692 subsidium
845 1656 945 1692 dictae
969 1656 1115 1701 fabricae,
1138 1669 1192 1703 pei·

392 1727 399 1738 .
444 1707 594 1742 nuncium
617 1715 647 1741 et
669 1706 920 1742 commissarium
956 1719 1012 1741 sen
1035 1706 1192 1753 deputan-

272 2225 425 2253 Licentiamque

267 2259 334 2283 iaendt
345 2258 424 2279 contes-

245 2295 324 2313 mrem.
342 2291 375 2316 qui
389 2290 426 2310 ab·

245 2321 309 2340 <olvat
329 2325 365 2340 eti:
383 2322 426 2340 ei<-

244 2352 282 2371 den

286 2353 424 2377 iirnpnrtitnr:

444 1755 518 1791 dum
540 1756 584 1791 vel
616 1756 813 1804 deputandos
846 1764 897 1790 ant
919 1755 1189 1802 subdelegandum

443 1806 753 1853 velsubdelegandos
765 1805 804 1840 ab
818 1806 876 1849 eis,
890 1806 1090 1853 deputandis,
1107 1806 1189 1841 iuxta

443 1857 550 1891 nuncii
582 1864 611 1891 et
639 1856 846 1891 commissarii
875 1867 910 1889 ac
937 1855 1188 1902 deputandorum

443 1914 474 1940 et
495 1905 801 1952 subdelegandorum
815 1905 1044 1952 praedictorum
1062 1905 1186 1940 ordina-

444 1955 559 1990 tionem
582 1963 613 1991 et
634 1955 809 1999 arbitrium,
824 1955 889 2001 pias
911 1954 1127 2003 eleemosynas
1143 1955 1190 1989 cl*—

442 2005 616 2041 l'ectualiter
631 2006 802 2053 posuerint,
817 2004 1030 2052 plenissimam
1046 2005 1188 2039 omnium

441 2063 642 2102 peccatorum
669 2067 798 2090 suorum
828 2065 1048 2089 remissionem
1076 2066 1189 2090 conse·

440 2118 586 2157 quantur.

488 2169 504 2209 ἓ
526 2167 559 2200 8.
582 2164 620 2199 Et
641 2164 778 2212 quicum
803 2163 949 2211 praefatis
973 2163 1187 2199 commissario

441 2231 494 2254 seu
509 2219 694 2266 delegandis
715 2226 745 2254 et
763 2217 1005 2265 subdelegandis
1021 2218 1187 2265 praedictis

441 2275 656 2318 convenerint,
685 2282 716 2308 ut
745 2273 892 2307 idoneum
922 2272 1043 2320 possint
1069 2272 1186 2319 eligere

442 2327 666 2372 confessorem,
694 2327 908 2375 presbyterum
931 2326 1123 2362 saecularem
1141 2328 1185 2362 tel

440 2382 580 2417 cuiusvis
600 2380 742 2426 Ordinis,
757 2382 849 2416 etiam
863 2380 1122 2425 Mendicantium,
1138 2393 1186 2416 re-

440 2436 593 2483 gularem,
605 2435 671 2483 qui,
682 2447 789 2470 eorum
803 2435 1000 2471 confessione
1018 2435 1186 2482 diligenter

439 2489 554 2531 audita,
583 2502 637 2537 pro
659 2490 836 2525 commissis
858 2502 912 2537 per
934 2490 1101 2537 eligentem
1131 2489 1185 2524 ‹le-

440 2544 521 2578 lictis
540 2551 571 2578 et
583 2543 765 2579 excessibus
780 2556 815 2578 ac
831 2544 969 2591 peccatis
983 2543 1185 2592 quibuslibet,

438 2606 729 2646 quantumcumque
756 2598 904 2645 gravibus
933 2607 963 2633 ct
989 2597 1184 2642 enormibus,

438 2652 529 2687 etiam
552 2652 626 2688 Sedi
647 2652 844 2700 Apostolicae
875 2653 1039 2688 reservatis
1056 2652 1183 2688 casibus

1023 254 1122 278 tit-[LA
1128 256 1209 279 mm!
1230 255 1392 280 Roman-si

1239 324 1273 345 ac
1290 311 1430 346 censui-is
1442 309 1672 354 ecclesiasticis,
1688 310 1779 345 etiam
1803 308 1841 345 ab
1856 308 1985 346 homine

1238 361 1275 395 ad
1300 361 1429 395 alicuius
1458 360 1633 395 instantiam
1659 360 1738 398 latis,
1761 360 1800 393 de
1827 372 1982 396 consensu

1240 411 1385 456 partium,
1413 410 1504 444 etiam
1535 410 1651 444 ratione
1674 410 1828 445 interdicti
1853 411 1986 446 incursis

1238 468 1267 494 et
1289 472 1421 506 quarum
1442 458 1597 494 absolutio
1619 459 1720 495 dictae
1747 459 1821 494 Sedi
1845 469 1926 495 esset
1941 473 1986 495 re-

1237 518 1354 543 servata
1368 512 1594 555 (praeterquam
1613 509 1850 544 machinationis
1866 510 1895 544 in
1915 523 1986 558 per—

1238 571 1344 592 sonam
1374 559 1495 592 Summi
1520 558 1693 603 pontilicis,
1716 561 1884 594 occisionis
1910 561 1985 607 epi—

1237 620 1406 656 scoporum
1430 617 1481 642 aut
1498 608 1629 643 aliorum
1652 610 1848 656 superiorum
1864 610 1987 656 praela—

1239 668 1353 713 torum,
1371 667 1398 693 ct
1411 658 1588 693 iniectionis
1611 671 1761 694 manuum
1778 658 1983 694 violentarum

1239 708 1267 741 in
1295 708 1373 743 illos·
1385 717 1436 743 aut
1458 707 1535 742 alios
1559 709 1735 755 praelatos,
1759 708 1985 745 falsificationis

1239 758 1393 793 bullarum
1418 766 1447 793 et
1471 758 1630 793 literarum
1655 759 1910 805 apostolicarum,
1929 760 1986 795 de—

1238 808 1360 842 lationis
1376 820 1533 843 armorum
1556 816 1585 842 et
1600 808 1731 843 aliorum
1756 808 1984 856 prohibitorum

1238 857 1275 892 ad
1302 866 1406 905 partes
1430 858 1616 898 infidelium,
1644 870 1679 893 ac
1706 859 1931 893 sententiarum
1957 868 1987 894 et

1237 920 1440 943 censurarum
1464 907 1629 943 occasione
1654 908 1828 943 aluminum
1844 907 1986 955 Tnlphae

1238 966 1371 997 nosti-ae,
1395 957 1483 993 aede
1500 958 1639 1004 partibus
1663 958 1838 993 infidelium
1854 958 1891 993 ad
1909 958 1987 994 fide-

1238 1007 1282 1042 les
1304 1016 1411 1042 contra
1438 1008 1681 1054 prohibitionem
1710 1017 1847 1043 nostram
1871 1008 1987 1044 delato—

1238 1070 1318 1099 rum,
1332 1058 1551 1102 incursarnm),
1569 1058 1668 1092 semel
1688 1058 1716 1092 in
1733 1059 1805 1099 vita;
1825 1066 1855 1093 et
1878 1058 1907 1093 in
1923 1071 1984 1093 non

1236 1109 1401 1143 reservatis
1419 1107 1556 1152 casibus,
1577 1108 1689 1143 totiens
1711 1109 1859 1155 quotiens
1874 1108 1904 1143 id
1928 1121 1986 1156 pe-

1236 1158 1353 1202 tierint,
1367 1158 1439 1193 etin
1455 1158 1564 1192 mortis
1579 1158 1722 1199 articulo,
1738 1158 1905 1205 plenariam
1921 1170 1987 1193 om-

1237 1208 1322 1242 nium
1354 1216 1553 1255 peccatorum
1579 1207 1806 1254 indulgentiam
1831 1209 1987 1243 etremis-

1235 1257 1355 1292 sionem
1386 1257 1579 1304 impendere,
1605 1269 1639 1292 ac
1667 1258 1891 1304 poenitentiam
1908 1257 1988 1293 salu-

1236 1316 1331 1342 tarem
1349 1308 1513 1354 iniungere
1526 1316 1556 1342 ct
1578 1307 1793 1343 Eucharistiae
1807 1320 1987 1343 sacramen—

1235 1366 1313 1397 tum,
1342 1365 1560 1404 praeterquam
1586 1358 1615 1391 in
1644 1357 1694 1392 die
1719 1357 1876 1405 paschatis
1897 1365 1926 1392 et
1954 1359 1985 1392 in

1237 1407 1343 1442 mortis
1357 1407 1488 1442 articulo
1504 1407 1572 1441 aliis
1587 1407 1660 1441 anni
1677 1407 1871 1454 temporibus
1891 1407 1986 1441 mini-

1234 1465 1345 1497 sti·are;
1365 1469 1486 1492 necnon
1511 1468 1566 1503 per
1589 1469 1642 1491 eos
1658 1458 1773 1492 emi-sa
1797 1465 1864 1492 vota
1888 1469 1984 1504 quae-

1234 1519 1370 1554 cumque
1393 1507 1627 1551 (ultramarino,
1647 1507 1789 1553 ingressu
1813 1506 1986 1552 Religionis

1234 1565 1262 1590 et
1277 1557 1428 1591 castitatis
1447 1557 1525 1591 votis
1540 1556 1700 1591 dumtaxat
1714 1557 1862 1604 exceptis)
1880 1557 1909 1590 in
1927 1556 1984 1591 alia

1235 1606 1354 1652 pietatis
1380 1618 1474 1653 opera
1501 1614 1704 1642 commutare.
1721 1606 1767 1642 Ac
1790 1619 1861 1641 cum
1887 1606 1986 1641 simo-

1235 1656 1302 1690 niae
1326 1657 1354 1691 in
1371 1656 1536 1692 ordinibus
1551 1657 1596 1691 vel
1619 1656 1780 1691 beneficiis
1797 1656 1985 1691 commissae

1234 1705 1301 1740 labe
1330 1706 1466 1753 pollutiS,
1488 1706 1525 1741 ad
1550 1707 1652 1753 ipsum
1676 1718 1756 1753 opus
1777 1706 1984 1741 contribuen-

1233 1755 1327 1795 tibus,
1341 1768 1436 1802 super
1448 1756 1674 1802 irregularitate
1689 1756 1821 1803 siquam
1840 1757 1983 1791 censuris

1234 1805 1413 1840 huiusmodi
1431 1805 1528 1852 ligati;
1546 1806 1656 1840 missas
1677 1814 1707 1840 et
1728 1806 1787 1840 alia
1802 1805 1906 1840 divina
1922 1805 1984 1840 offi-

1232 1855 1295 1899 cia,
1318 1868 1380 1890 non
1409 1864 1510 1890 tamen
1529 1856 1558 1889 in
1579 1863 1795 1903 contemptum
1825 1855 1959 1890 clavium
1975 1884 1983 1895 ‚

1231 1904 1491 1949 celebrando,aut
1507 1905 1582 1940 alias
1597 1905 1710 1940 divinis
1719 1918 1751 1940 se
1762 1905 1983 1949 immiscendo,

1231 1966 1285 1989 seu
1313 1955 1388 1990 alias
1417 1955 1675 2002 quomodolibet,
1710 1956 1802 1990 etiam
1830 1954 1981 1990 beneficia

1231 2004 1452 2045 ecclesiastica,
1471 2005 1714 2052 praemissorum
1742 2005 1908 2040 occasione
1936 2005 1981 2039 vel

1230 2053 1316 2094 alias,
1335 2054 1474 2089 indebite
1489 2054 1689 2102 occupando,
1703 2063 1922 2103 praeterquam
1939 2067 1984 2090 ra-

1231 2107 1314 2143 tione
1327 2108 1486 2144 homicidii
1501 2109 1664 2144 voluntarii
1679 2118 1709 2144 et
1720 2109 1885 2157 bigamiae,
1901 2121 1980 2145 con-

1231 2164 1391 2203 traxerint,
1401 2164 1717 2211 dispensare‚e0sque
1729 2163 1904 2208 absolvere,
1916 2176 1981 2199 om-

1230 2229 1366 2265 nemque
1382 2217 1585 2252 inhabilitatis
1608 2227 1638 2252 et
1658 2218 1802 2253 infamiae
1824 2218 1978 2253 maculam

1228 2272 1293 2306 sive
1316 2281 1419 2307 notam
1448 2284 1483 2307 ex
1507 2272 1554 2307 his
1583 2272 1819 2320 provenientem
1842 2272 1979 2313 abolem

1228 2334 1258 2361 et
1288 2335 1320 2361 ut
1355 2327 1384 2361 in
1411 2327 1568 2374 susceptis
1595 2326 1759 2361 ordinibus
1786 2327 1977 2373 ministrare,

1228 2392 1263 2415 ac
1276 2381 1301 2415 si
1317 2381 1467 2429 acquisita
1484 2380 1635 2415 beneficia
1658 2380 1880 2422 ecclesiastica,
1895 2393 1976 2429 quae

1228 2448 1263 2469 ex
1293 2444 1367 2471 tunc
1392 2436 1439 2470 eis
1465 2435 1503 2469 de
1531 2447 1611 2477 novo
1639 2435 1746 2470 collata
1775 2444 1976 2480 censeantur,

1228 2497 1257 2523 ct
1276 2498 1440 2537 perceptos
1466 2501 1501 2524 ex
1525 2489 1570 2524 cis
1592 2488 1722 2533 fructus,
1745 2489 1838 2524 etiam
1856 2489 1975 2524 ratione

1228 2544 1406 2579 omissionis
1424 2543 1570 2579 horarum
1599 2543 1819 2578 canonicarum
1843 2551 1873 2579 et
1896 2543 1977 2579 divi-

1229 2610 1338 2633 norum
1348 2598 1621 2643 officiorum,facta
1634 2597 1736 2645 aliqua
1746 2598 1974 2646 compositione

1227 2665 1297 2687 cum
1326 2654 1381 2699 eis,
1403 2654 1586 2690 concedere.

2003 253 2049 281 An,
2068 253 2095 281 C.
2115 253 2180 282 {5¹0
