2281 3251
133 266 184 295 An.
201 268 232 296 C.‘
248 268 315 296 tusa

145 780 162 800 A
177 780 209 800 die
233 779 315 799 affixio-

131 812 163 831 nis
170 811 313 837 praesentium

131 846 171 863 etr.

136 977 268 997 Obstantiuni
280 977 314 997 de-

129 1009 218 1034 rogatio.

166 1474 282 1496 clausulae.

961 259 1119 284 EUGENtUs
1139 259 1175 283 lv
1196 259 1243 282 PP.

330 322 441 363 serint,
456 326 518 356 tam
536 318 567 353 in
591 317 701 353 dantes
719 329 813 365 quam
832 317 862 351 in
878 316 1078 364 recipientes,

330 367 680 412 excommunicationis,
707 366 929 414 suspensionis
963 374 993 401 et
1028 365 1077 400 in-

330 421 455 463 terdicti
492 419 568 454 latas
605 418 777 453 sententias
814 416 1052 464 promulgamus
1070 443 1078 459 ,

329 484 407 518 quas
431 469 576 505 volumus
609 480 662 502 eos
690 467 852 502 incurrere
885 467 953 514 ipso
985 466 1077 501 sacto.

329 521 357 556 A
378 533 440 568 qua
473 518 602 566 quidem
630 516 970 552 excommunicationis
988 529 1078 551 seu-

329 571 425 606 tentia
447 567 566 604 absolvi
589 574 760 614 nequeant,
780 567 838 601 nisi
862 579 879 601 a
907 566 1008 607 nobis,
1033 565 1077 600 vel

331 633 386 667 per
404 632 462 655 nos
477 616 680 666 deputandis,
706 625 925 664 praeterquam
945 616 975 650 in
993 628 1079 650 mor-

330 670 368 705 tis
391 668 524 704 articulo
550 666 725 702 constituti.

378 720 398 767 S
421 722 453 754 5.
477 717 653 753 praemissa
676 724 781 751 autem
810 727 825 750 a
854 715 904 750 die
926 715 1078 750 affixionis

330 768 544 817 praesentium
567 766 604 802 ad
628 766 731 800 valvas
750 765 896 800 basilicae
922 764 1079 811 Principis

329 819 553 866 Apostolorum
577 816 616 851 de
645 815 740 856 Urbe,
763 828 801 850 ex
835 823 919 850 certa
946 814 1077 849 scientia

328 879 548 917 quoscumque
570 867 666 913 ligare
695 866 840 900 volumus
867 873 898 899 ct
924 873 1052 899 arctare.

377 920 397 967 S
429 921 462 953 4.
498 917 567 952 Non
601 916 800 950 obstantibus
831 913 1016 961 apostolicis
1048 921 1078 947 et

329 969 583 1017 quibuscumque
597 965 807 1012 generalibus,
823 963 1077 1011 provincialibus,

329 1019 375 1054 vel
412 1016 616 1067 synodalibus
643 1015 788 1050 conciliis
821 1014 913 1048 editis
957 1015 1079 1048 consti-

330 1068 506 1104 tutionibus
528 1075 559 1102 et
586 1064 852 1104 ordinationibus,
878 1075 915 1098 ac
951 1063 1078 1109 privile-

329 1118 399 1165 giis,
427 1131 482 1166 per
513 1129 592 1164 quae
620 1116 749 1150 effectus
778 1112 990 1160 praesentium
1020 1113 1079 1147 im-

330 1168 428 1215 pediri
459 1175 563 1214 posset
596 1163 843 1212 quomodolibet,
872 1162 918 1197 vel
946 1161 1078 1204 differri,

329 1217 450 1252 etiamsi
473 1216 512 1250 de
535 1215 607 1254 illis,
630 1225 806 1260 eorumque
833 1212 999 1247 tenoribus
1022 1213 1080 1246 lia-

328 1266 430 1301 benda
452 1273 535 1300 esset
554 1263 772 1311 praesentibus
788 1262 905 1297 mentio
920 1262 1079 1308 specialis,

329 1324 359 1350 et
379 1327 460 1362 quae
484 1314 703 1362 praesentibus
722 1312 830 1347 baberi
853 1311 1001 1346 volumus
1025 1324 1080 1359 pro

328 1365 521 1400 sufficienter
543 1363 712 1411 expressis,
735 1361 931 1409 caeterisque
953 1370 1079 1397 contra-

330 1415 384 1449 riis
405 1414 673 1461 quibuscumque.

377 1464 398 1510 ἓ
419 1466 452 1499 5.
475 1464 560 1499 Nulli
595 1476 670 1510 ergo
692 1470 745 1497 etc.

377 1513 448 1549 Dat.
471 1514 591 1549 Romae
613 1512 696 1560 apud
719 1511 752 1547 S.
777 1512 918 1556 Petrum,
933 1524 1016 1546 anno
1030 1511 1081 1546 In-

330 1563 521 1598 carnationis
542 1563 719 1598 dominicae
742 1561 911 1597 millesimo
930 1561 1082 1608 quadrin-

330 1613 506 1660 gentesimo
522 1613 682 1658 trigesimo
705 1612 858 1651 secundo,
880 1619 989 1646 octavo
1011 1611 1083 1646 idus

331 1663 445 1704 martii,
475 1663 675 1710 pontilicatus
698 1662 794 1697 nostri
822 1673 905 1696 anno
927 1661 1080 1697 secundo.

379 1724 439 1755 Dat.
459 1725 506 1755 die
525 1725 542 1756 8
561 1725 656 1755 martii
677 1724 762 1761 1432,
782 1725 884 1764 pontif.
903 1734 978 1754 anno
1001 1733 1032 1754 11.

681 1884 735 1919 Vl.

331 1967 523 2013 Approbatio
553 1967 798 2012 conyreqationis
820 1967 854 2000 S.
878 1968 1014 2002 Iustinae
1047 1969 1083 2002 de

383 2017 585 2051 Obseruantia
606 2018 824 2051 monachorum
840 2017 968 2051 Ordinis
978 2019 1014 2052 S.
1027 2019 1083 2051 Be-

380 2067 503 2104 nedicti,
527 2078 595 2100 cum
615 2067 824 2101 declaratione
844 2068 927 2101 circa
956 2069 1084 2113 capituli

380 2117 529 2161 qeneralis
550 2117 799 2155 celebrationem,
830 2118 1083 2163 definitorumque

381 2178 418 2200 ac
455 2166 669 2204 visitatorum,
705 2168 850 2201 abbatum
884 2174 910 2201 et
941 2169 1082 2213 priorum

381 2217 551 2251 electionem
577 2223 602 2250 et
628 2217 850 2251 auctoritatem.

600 2295 815 2326 SUMMARHJM

331 2355 520 2387 Prooemium.
542 2372 581 2378 -
599 2356 625 2385 1.
643 2354 734 2385 Causa
752 2355 971 2385 constitutionis
994 2356 1083 2386 eden-

371 2402 435 2432 dae.
452 2418 491 2424 —
508 2400 773 2439 Congregationem
788 2399 816 2429 S.
840 2399 968 2431 Iustinae
984 2400 1081 2431 Bene-

372 2447 549 2477 dictinorum
578 2446 743 2476 confirmat.
770 2461 810 2467 --
836 2445 864 2474 ⁶2.
892 2444 930 2474 De
953 2446 1082 2484 generali

371 2491 500 2531 capitulo
532 2490 659 2529 singulis
681 2490 767 2519 annis
791 2489 924 2519 tenendo.
949 2507 989 2512 —
1016 2491 1043 2526 3,
1065 2491 1084 2521 4

372 2540 401 2566 et
417 2536 445 2566 5.
463 2535 503 2566 De
521 2534 726 2566 definitoribus
746 2535 775 2564 iu
792 2543 825 2564 eo
842 2534 996 2572 eligendis,
1017 2535 1084 2565 illo-

371 2589 497 2620 rumque
524 2579 723 2610 facultatibus.
749 2596 788 2601 —
815 2579 843 2609 ὃ.
866 2578 904 2608 De
929 2579 1085 2610 visitatori-

372 2624 439 2654 bus.
462 2641 502 2647 —-
529 2625 554 2654 7.
582 2623 621 2654 De
643 2624 705 2654 loco
728 2624 818 2654 futuri
842 2624 974 2663 capituli.
996 2641 1035 2646 —
1057 2625 1083 2654 8.

345 2699 348 2703 ,
372 2669 412 2700 De
427 2669 595 2701 obedientia
610 2669 749 2711 praelatis
762 2669 880 2700 Ordinis
897 2669 1083 2709 praestanda.

1777 250 1815 282 tt

1160 331 1197 337 -—
1226 314 1253 344 9.
1275 313 1315 343 De
1337 312 1518 352 recipiendis
1546 312 1576 342 iu
1598 312 1869 352 Congregationem.

1158 376 1198 381 —
1216 359 1262 390 10.
1280 357 1319 388 De
1339 357 1488 387 translatis
1511 367 1524 386 a
1546 358 1733 387 monasteriis
1752 358 1786 387 ad
1811 367 1870 388 mo-

1160 403 1299 434 nasteria.
1317 420 1356 425 —
1385 403 1432 432 11.
1456 402 1578 441 Singula
1610 403 1798 438 monasteria,
1817 412 1867 432 eo-

1159 458 1284 488 rumque
1312 447 1434 487 praelati
1453 447 1515 476 suis
1539 447 1668 485 gaudent
1696 447 1869 486 privilegiis.

1159 511 1197 516 ——
1228 493 1273 523 102.
1295 492 1334 522 De
1362 492 1448 522 modo
1471 491 1650 521 reformandi
1684 493 1870 522 monasteria.

1158 555 1198 560 —
1219 538 1261 572 13,
1282 537 1328 567 tt.
1346 536 1385 566 De
1404 536 1600 565 electionibus
1624 535 1821 574 praelatorum
1844 542 1872 565 et

1159 583 1328 613 reddituum
1358 581 1512 612 divisione.
1540 597 1579 603 —
1611 580 1656 610 15.
1686 579 1870 611 Obstantium

1160 627 1321 666 derogatio.

1164 699 1299 735 Eugenius
1318 699 1460 734 episcopus
1481 704 1577 726 servus
1603 703 1742 726 sorvorum
1764 696 1826 729 Dei.

1255 749 1288 776 ad
1322 748 1481 784 perpetuam
1499 746 1540 776 rei
1570 746 1737 775 memoriam.

1169 813 1235 847 Etsi
1260 825 1297 847 ex
1331 811 1545 847 solicitudinis
1567 810 1675 846 debito
1699 809 1871 857 pastoralis,

1119 862 1178 907 sub
1194 862 1325 909 regulari
1343 861 1537 896 observantia
1553 860 1690 907 singulis
1708 859 1872 895 Altissimo

1121 911 1342 955 militantibus,
1370 912 1400 946 in
1425 911 1473 945 liis
1496 924 1551 958 pcr
1573 924 1653 958 quae
1683 910 1750 945 suis
1777 911 1870 945 statui

1120 971 1150 996 et
1178 961 1438 997 indemnitatibus
1474 961 1671 1004 consulitur,
1699 973 1756 995 nos
1787 960 1874 995 savo-

1121 1012 1237 1047 rabiles
1259 1024 1328 1046 esse
1355 1011 1463 1046 deceat
1500 1011 1614 1058 pariter
1641 1019 1670 1045 ct
1706 1010 1873 1057 benignos,

1122 1063 1311 1109 praeclaram
1330 1070 1432 1095 tamen
1449 1061 1638 1095 dilectorum
1657 1060 1792 1095 liliorum
1810 1073 1875 1095 mo-

1122 1125 1270 1146 nacorum
1294 1111 1333 1146 de
1348 1111 1556 1146 Observantia
1579 1110 1714 1145 Sanctae
1736 1109 1873 1145 Iustinae

1121 1161 1398 1208 congregationem
1427 1160 1559 1195 Ordinis
1582 1160 1615 1194 S.
1644 1159 1872 1201 Benedicti,ad

1122 1224 1203 1258 quos
1225 1212 1330 1251 etiam,
1353 1210 1656 1257 antequam,divina
1671 1209 1794 1244 favente
1816 1209 1874 1244 cle-

1123 1261 1252 1306 mentia,
1271 1260 1308 1295 ad
1325 1260 1447 1308 apicem
1471 1259 1595 1295 Summi
1609 1259 1813 1304 Apostolatus
1831 1271 1877 1294 as-

1122 1323 1332 1354 sumeremur,
1365 1309 1536 1357 specialem
1572 1309 1731 1356 gessimus
1755 1308 1784 1343 in
1808 1307 1876 1343 Do-

1124 1361 1209 1395 mino
1231 1360 1370 1395 caritatis
1397 1360 1556 1404 affectum,
1591 1358 1765 1405 spiritualis
1792 1358 1876 1393 dono

1124 1411 1260 1446 laetitiae
1274 1411 1367 1445 vitam
1390 1418 1420 1444 et
1443 1409 1715 1444 conversationem
1732 1416 1876 1443 contem-

1125 1461 1257 1508 plantes,
1281 1460 1397 1508 quibus
1416 1460 1460 1494 eis
1482 1459 1617 1506 aliisque
1642 1459 1823 1505 proliciunt,
1845 1467 1876 1493 et

1123 1511 1271 1546 salutaria
1296 1510 1354 1558 piis
1375 1509 1514 1544 fidelium
1539 1508 1699 1544 mentibus
1730 1508 1874 1556 exempla

1124 1561 1353 1601 transmittuni;
1378 1568 1462 1594 tanto
1489 1559 1636 1594 solen-iius
1659 1571 1693 1594 ea
1711 1559 1875 1606 prosequi,

1125 1623 1247 1646 necnon
1272 1611 1446 1645 instaurare
1473 1609 1586 1645 studiis
1614 1609 1756 1655 gerimus
1794 1608 1874 1643 assi-

1124 1661 1208 1705 duis,
1227 1673 1282 1708 per
1309 1672 1390 1708 quae
1412 1659 1668 1706 congregationis
1691 1658 1874 1693 huiusmodi

1123 1719 1223 1746 status
1250 1710 1384 1745 feliciter
1410 1709 1556 1756 adaugeri
1592 1709 1786 1756 solidarique
1818 1720 1876 1756 po-

1125 1760 1210 1804 terit,
1242 1769 1362 1808 quanto
1396 1772 1451 1807 per
1484 1759 1734 1806 assumptionem
1763 1758 1877 1793 huius-

1125 1811 1208 1845 modi
1237 1811 1337 1846 maior
1365 1810 1457 1845 nobis
1483 1810 1620 1857 desuper
1647 1809 1795 1843 attributa
1828 1808 1877 1843 sa—

1124 1861 1223 1896 cultas
1250 1868 1307 1904 est,
1329 1869 1359 1895 et
1381 1860 1568 1907 ampliorem
1591 1858 1781 1894 christicolis
1809 1871 1877 1906 spe-

1124 1923 1230 1946 ramus
1257 1910 1373 1957 iugiter
1401 1911 1565 1958 provenire
1592 1910 1737 1944 salutem.

1173 1962 1240 2008 §1-
1268 1960 1399 1995 Attento
1423 1959 1622 2008 itaquequod
1647 1959 1697 1994 sel.
1713 1971 1773 1995 rec.
1788 1958 1874 1993 Mar-

1125 2011 1208 2045 tinus
1230 2010 1314 2058 Papa
1342 2010 1484 2058 quintus,
1509 2010 1731 2057 praedecessor
1757 2019 1874 2047 noster,

1125 2061 1276 2096 nonnulla
1300 2061 1417 2096 eisdem
1442 2060 1605 2095 monacbis
1628 2059 1761 2095 contulit
1777 2058 1874 2105 privi-

1125 2111 1216 2158 legia,
1245 2123 1325 2157 quae
1353 2123 1414 2145 non
1439 2123 1539 2158 usque
1566 2110 1644 2145 adeo
1679 2109 1716 2143 ad
1752 2108 1875 2156 plenio-

1125 2174 1190 2195 rem
1217 2160 1359 2195 eiusdem
1393 2159 1647 2208 congregationis
1674 2159 1874 2198 soliditatem,

1124 2219 1369 2258 augmentumve
1415 2219 1489 2244 suut
1529 2209 1731 2249 sufficieutia;
1760 2208 1875 2243 idcirco

1125 2273 1193 2302 nos,
1218 2270 1345 2309 propter
1378 2260 1533 2296 dictorum
1564 2271 1768 2294 monacorum
1807 2257 1876 2292 lau-

1125 2310 1260 2346 dabilem
1286 2312 1391 2351 vitam,
1419 2318 1449 2345 et
1471 2309 1666 2356 exemplares
1695 2321 1796 2344 mores
1818 2320 1875 2342 no-

1126 2361 1173 2395 bis
1195 2360 1249 2395 diu
1271 2362 1426 2408 cognitOS,
1453 2360 1627 2408 praefatum
1653 2359 1875 2406 praedecesso-

1126 2423 1190 2446 rem
1215 2419 1355 2446 nostrum
1372 2420 1559 2458 sequentes,
1581 2418 1685 2455 atque,
1698 2408 1750 2443 ubi
1764 2420 1876 2455 oppor-

1126 2469 1236 2495 tuuum
1280 2460 1392 2504 fuerit,
1437 2460 1588 2494 nonnulla
1620 2461 1805 2493 innovantes
1845 2466 1875 2491 et

1125 2511 1320 2551 adiicientes,
1337 2511 1579 2558 proprio-motu,
1594 2508 1777 2543 auctoritate
1803 2518 1875 2551 apo-

1125 2561 1234 2596 stolica
1263 2569 1343 2595 etex
1358 2569 1440 2595 certa
1455 2560 1598 2601 scientia,
1621 2570 1740 2592 necnon
1758 2555 1875 2590 irrefra-

1125 2611 1219 2657 gabili
1256 2618 1470 2657 perpetuaque
1506 2607 1727 2643 constitutione
1762 2606 1872 2640 sanci-

1127 2673 1217 2707 mus,
1244 2668 1274 2696 et
1316 2660 1528 2707 praesentium
1575 2657 1655 2693 serie
1693 2656 1872 2698 statuimus,

1886 261 1934 287 Αῐι.
1953 261 1980 288 C.
2002 262 2068 288 tam

1904 821 2025 842 Prorrmium

1903 1967 1969 1988 Causa
1990 1971 2072 1988 consti-

1890 2000 1977 2020 tutionis
2006 1999 2074 2019 eden-

1890 2031 1936 2051 dac,
