2281 3251
99 264 150 292 An.
170 263 278 291 01512

114 1318 222 1339 (ilausttlac
245 1320 263 1339 Ιιι

102 1350 133 1369 ios-
158 1351 233 1375 tnittao,
263 1354 283 1371 ct

101 1387 198 1402 sonseflNH
222 1388 270 1407 ''sit‘'

101 1414 218 1433 servati-‘ac

953 260 1056 283 tuctus
1077 260 1102 283 11
1124 260 1172 283 PP-

293 325 373 352 ctam
389 315 621 362 congregationi
645 315 690 350 vel
706 315 736 349 in
756 314 824 350 eius
848 314 983 350 savorem
1002 315 1041 350 t'a-

293 367 423 412 ciendis,
452 365 678 413 praeiudicium
707 365 872 407 inferatur,
895 365 949 400 sed
973 365 1041 399 illac

294 428 414 457 omnes,
438 415 529 451 etiam
549 422 617 462 post
639 416 864 455 revocationes,
891 415 1043 450 cassatio-

297 478 351 500 nes
388 475 419 501 et
447 465 676 500 annullationes
711 466 898 512 praedictas,
933 465 961 499 in
985 477 1042 499 suo

295 515 406 550 robore
429 515 634 550 inconcussae
657 516 824 562 persistant
846 515 875 549 in
896 514 1043 549 omnibns

294 573 324 598 et
346 577 400 612 per
422 566 537 607 onmia,
553 577 587 600 ac
602 565 639 607 si,
655 565 756 612 quoad
777 578 828 600 cas
851 573 880 599 ct
904 566 1041 612 ipsarum

295 614 446 669 singulas,
458 615 561 662 aliqua
577 615 924 670 revocatio,annullatio
939 622 968 649 et
981 626 1044 649 cas-

295 665 372 699 satio
396 664 575 700 nullatenus
602 673 813 704 emanassent,
840 665 900 699 nisi
920 664 994 699 dum
1014 671 1044 698 et

295 714 450 761 quando
443 727 529 762 ipsae
543 727 638 762 super
659 714 842 755 unionibus,
858 714 1044 749 concessio-

296 763 388 799 nibus
407 773 436 799 et
458 764 765 812 appropriationibus
787 776 842 799 scu
860 763 1044 798 donationi—

296 813 657 854 lmsconsectaeliterae,
674 815 703 848 in
720 814 967 858 revocationum,
981 825 1046 848 cas-

296 863 452 898 sationum
476 872 509 898 et
526 864 778 899 annullationum
795 863 902 905 literis,
925 863 1045 898 consti-

297 913 469 948 tutionibus
485 922 514 948 et
529 914 779 949 ordinationibus
806 912 987 948 huiusmodi
1008 913 1045 947 de

297 963 390 998 verbo
401 963 439 998 ad
454 964 581 998 verbum
592 964 857 1003 inserei·entur,ac
870 963 900 997 in
916 962 960 997 eis
974 974 1046 1008 spc-

296 1012 394 1058 cialis,
410 1025 556 1060 expressa
578 1021 607 1048 et
622 1013 782 1048 individua
797 1013 835 1048 de
855 1013 929 1060 ipsis
945 1024 1045 1046 mona-

296 1063 398 1098 steriis
412 1071 441 1098 et
458 1063 535 1098 locis
547 1075 582 1098 ac
597 1063 834 1110 congregatione
850 1062 967 1097 mentio
984 1062 1047 1097 sic-

299 1121 360 1154 rct;
374 1125 496 1148 necnon
514 1113 635 1148 irritum
647 1121 676 1148 et
693 1113 784 1147 inane
800 1120 897 1147 totum
912 1119 941 1147 et
957 1112 1047 1158 quic—

298 1162 372 1210 quid
402 1163 432 1197 in
458 1163 673 1207 contrarium,
705 1163 814 1209 quavis
842 1162 1046 1205 auctoritate,

299 1212 435 1247 scienter
450 1212 500 1247 ve?
513 1213 691 1258 ignoranter
705 1212 870 1258 contigerit
892 1212 1045 1253 attentari.

348 1262 368 1309 g
393 1262 594 1297 47.Necnon
618 1261 700 1309 quod
715 1261 867 1308 deinceps
882 1273 938 1308 per
952 1274 1049 1307 quas-

266 1327 283 1339 ι-
300 1324 437 1359 cumque
458 1313 666 1347 revocatorias
685 1324 739 1346 scu
763 1311 837 1346 alias
860 1311 1048 1358 apostolicas

276 1395 283 1396 a
300 1362 522 1397 concessiones
537 1362 583 1396 vel
599 1361 1049 1408 literas,quibuscumquercr-

302 1411 411 1446 borum
434 1412 543 1447 formis
569 1419 622 1446 aut
644 1411 806 1446 tenoribus
828 1411 875 1446 vel
898 1410 1048 1445 clausulis

301 1461 516 1508 ‹lerogatoriis,
530 1462 621 1496 etiam
638 1462 662 1496 si
682 1461 752 1496 illae
769 1469 854 1495 motu
875 1470 903 1496 et
919 1461 1047 1496 scientia

301 1511 461 1547 similibus
487 1512 714 1551 emanaverint,
729 1511 812 1545 nulla
828 1524 863 1545 ex
881 1511 1049 1558 praedictis

301 1561 514 1606 concessis,et
529 1573 608 1609 quae
626 1561 728 1596 eidem
744 1561 977 1607 congregationi
994 1573 1048 1607 pro

303 1621 442 1659 tempore
463 1611 688 1651 concedentur,
708 1611 974 1658 exemptionibus,
990 1612 1050 1645 im—

303 1662 520 1703 munitatibus,
543 1662 662 1708 gratiis,
678 1661 818 1705 indultis,
834 1661 1007 1708 privilegiis
1021 1670 1048 1695 et

301 1712 561 1747 concessionibus
573 1711 810 1758 quomodolibet
825 1712 975 1751 revocari,
988 1723 1051 1745 cas-

303 1763 361 1797 sari
385 1762 431 1797 vel
458 1762 625 1805 annullari,
648 1774 703 1796 seu
728 1761 804 1808 ipsis
828 1761 874 1796 vel
898 1761 1050 1808 ipsorum,

302 1825 356 1847 seu
371 1812 532 1860 quibusvis
545 1812 576 1845 in
599 1812 644 1846 eis
666 1811 820 1846 contentis
843 1811 1005 1858 particulis
1022 1818 1052 1845 et

303 1861 453 1897 clausulis
475 1861 616 1907 derogari
639 1861 749 1905 valeat,
765 1861 836 1902 nisi,
860 1862 891 1895 in
919 1860 1052 1907 deroga-

304 1911 390 1958 toriis
405 1911 452 1946 vel
467 1911 537 1946 aliis
559 1911 656 1945 literis
671 1923 724 1946 seu
740 1910 972 1946 cassationibus
987 1911 1052 1945 lin—

306 1961 454 2003 iusmodi‚
468 1961 520 1996 illa
535 1961 583 1996 vel
607 1961 676 1996 illae
699 1973 735 1996 ex
755 1961 855 1995 literis
867 1973 947 2008 quae
964 1973 1053 1995 revo-

305 2011 368 2046 cari
396 2019 449 2046 aut
475 2011 588 2046 cassari
613 2023 667 2045 sen
691 2011 844 2046 annullari
860 2011 1052 2055 viderentur,

306 2069 359 2096 aut
374 2061 424 2096 cui
439 2061 486 2095 vel
502 2061 618 2108 quibus
639 2061 781 2107 derogari
810 2069 985 2108 appareret,
1001 2073 1054 2095 eo-

308 2127 439 2163 rumque
460 2123 545 2150 totus
574 2124 661 2150 tenor
688 2114 727 2150 de
751 2115 844 2150 verbo
870 2115 908 2150 ad
924 2114 1052 2150 verbum

308 2170 426 2217 integre
440 2170 663 2213 insererentur,
675 2168 759 2204 etde
775 2169 922 2204 omnibus
944 2177 974 2204 et
989 2170 1056 2204 sin-

306 2224 387 2272 gulis
401 2224 652 2272 congregationis
664 2223 844 2259 huiusmodi
859 2225 1056 2259 monasteriis

309 2279 493 2315 nominatim
516 2279 663 2327 specifica
682 2279 799 2314 mentio
814 2278 876 2320 fiat,
900 2279 978 2314 acin
994 2279 1056 2314 eis-

307 2333 380 2369 dem
397 2334 607 2378 revocatoriis,
623 2333 800 2369 cassatoriis
817 2334 860 2368 rel
875 2333 942 2368 aliis
959 2333 1057 2368 literis

310 2390 472 2426 manifeste
489 2399 519 2426 et
540 2403 686 2438 expresse
709 2396 857 2437 appareat
881 2389 964 2436 quod
991 2388 1058 2424 Ro-

311 2457 422 2480 manus
438 2445 582 2480 Pontifex
602 2445 781 2493 privilegiis,
801 2444 930 2478 indultis
944 2451 975 2478 et
988 2443 1058 2478 lite-

311 2499 365 2544 ris,
380 2499 418 2534 de
438 2499 555 2546 quibus
577 2507 651 2534 tunc
671 2507 773 2534 actum
800 2498 905 2540 suerit,
927 2498 1059 2534 voluerit

313 2553 490 2601 specialiter
516 2553 667 2600 derogare
692 2553 739 2588 vel
767 2553 815 2587 illa
839 2565 983 2588 revocare
1007 2561 1059 2589 ant

313 2619 432 2644 cassare
450 2621 506 2645 seu
521 2609 699 2651 annullare;
720 2617 749 2644 et
766 2616 839 2643 tunc
862 2608 989 2644 demum
1007 2621 1060 2643 ur-

313 2674 401 2710 gens,
423 2664 580 2700 sufficiens
608 2671 636 2699 et
664 2662 871 2708 rationabilis,
895 2675 1057 2711 perquam

1707 249 1771 281 551

1083 314 1256 362 derogatio,
1271 312 1437 358 revocatio,
1452 312 1582 348 cassatio
1597 311 1644 347 vel
1659 312 1831 348 annullatio

1085 366 1149 412 ipsa
1173 365 1283 399 merito
1298 363 1363 398 [ieri
1378 363 1501 402 debeat,
1516 374 1608 397 causa
1623 363 1832 410 exprimatur,

1084 415 1159 449 alias
1182 414 1413 460 derogationes,
1435 413 1659 456 revocationes,
1681 413 1833 447 cassatio-

1086 477 1152 506 nes,
1175 464 1364 499 irritationes
1386 471 1416 498 et
1437 462 1669 497 annullationes
1691 470 1833 510 etquae-

1085 526 1222 562 cumque
1236 513 1351 549 exinde
1372 513 1540 548 subsecuta
1563 512 1678 547 nullius
1700 512 1763 546 sint
1782 524 1834 547 ro-

1086 565 1168 599 boris
1196 564 1242 598 vel
1266 564 1428 604 momenti,
1452 563 1527 610 ipsis
1543 562 1701 597 concessis
1723 562 1834 605 literis,

1087 614 1271 661 privilegiis,
1288 613 1432 657 indultis,
1447 613 1566 659 gratiis,
1581 611 1835 659 exemptionibus

1086 673 1116 698 et
1141 662 1336 699 libertatibus
1359 664 1390 697 in
1425 674 1482 697 suo
1506 662 1660 709 pristino,
1694 661 1835 709 plenario

1086 722 1179 761 atque
1203 714 1322 758 integro
1349 712 1461 747 robore
1483 711 1652 747 duraturis.

1135 764 1155 810 ξ
1180 765 1238 797 48.
1262 762 1301 797 Et
1328 762 1353 797 si
1381 761 1507 809 quando
1535 773 1590 809 per
1611 761 1748 808 aliquem
1784 768 1837 795 aut

1090 812 1193 859 plures
1220 819 1309 847 actus
1327 820 1434 847 contra
1466 823 1502 846 ea
1528 820 1581 847 aut.
1608 811 1750 858 ipsorum
1773 808 1871 846 ali-³

1088 862 1170 917 quod
1185 874 1200 896 a
1215 874 1430 909 quocumque,
1442 861 1670 908 cuiuscumque
1681 860 1838 896 conditio-

1089 912 1147 953 nis,
1170 912 1349 957 dignitatis,
1375 911 1491 966 gradus
1517 919 1570 946 aut
1596 918 1695 946 status
1721 910 1837 955 fuerit,

1088 973 1125 997 ex
1146 961 1337 1008 negligentia
1361 961 1406 996 vel
1422 961 1596 1007 ignorantia
1613 960 1838 1007 praesentium,

1088 1010 1202 1058 quibus
1225 1012 1301 1046 haec
1327 989 1554 1055 conceduntur,
1577 1018 1630 1044 aut
1656 1010 1713 1045 alia
1729 1011 1838 1057 quavis

1089 1073 1195 1106 causa,
1217 1061 1353 1096 scienter
1366 1060 1413 1095 vel
1436 1061 1617 1106 ignoranter
1631 1060 1774 1094 attentari
1791 1060 1839 1095 vel

1090 1123 1145 1157 pro
1173 1119 1315 1158 tempore
1342 1110 1500 1145 observari
1523 1110 1693 1155 contingat,
1718 1109 1839 1144 nullum

1091 1169 1193 1195 tamen
1210 1169 1375 1208 propterea
1397 1159 1665 1207 exemptionibus,
1687 1159 1841 1194 immuni-

1090 1210 1217 1254 tatibus,
1231 1210 1438 1255 libertatibus,
1453 1210 1571 1256 gratiis,
1588 1209 1718 1244 indultis
1731 1216 1761 1244 et
1776 1209 1841 1256 pri·-

1091 1260 1209 1307 vilegiis
1225 1260 1407 1295 huiusmodi
1421 1259 1648 1307 praeiudicium
1661 1267 1841 1305 generetur,

1090 1310 1143 1344 sed
1171 1322 1206 1345 ea
1240 1311 1346 1345 omnia
1372 1318 1403 1345 et
1429 1309 1555 1356 singula
1582 1309 1614 1343 in
1636 1310 1704 1344 suis
1727 1308 1842 1344 robore

1091 1368 1120 1394 ct
1143 1360 1289 1395 firmitate
1317 1368 1533 1407 permaneant.

1139 1414 1154 1452 g
1181 1412 1238 1444 49.
1267 1410 1433 1445 Praeterea
1456 1409 1622 1445 statuimus
1645 1416 1675 1444 et
1697 1408 1844 1444 decerni-

1091 1472 1162 1494 mus
1184 1460 1268 1507 quod
1286 1461 1455 1495 universae
1479 1468 1510 1494 et
1524 1459 1667 1505 singulae
1686 1471 1840 1506 personae

1092 1510 1121 1544 in
1150 1510 1301 1556 dignitate
1324 1510 1534 1545 ecclesiastica
1557 1509 1693 1544 ubilibet
1719 1510 1842 1544 consti-

1093 1568 1176 1594 tutae
1199 1569 1228 1596 et
1247 1560 1322 1595 alias
1344 1561 1383 1595 de
1405 1560 1473 1595 iure
1495 1559 1658 1594 communi
1677 1558 1798 1594 habiles
1813 1567 1844 1594 et

1093 1610 1213 1645 idoneae
1228 1610 1264 1644 ad
1288 1622 1397 1645 causas
1419 1609 1602 1655 audiendas,
1625 1622 1697 1645 cum
1721 1609 1843 1656 aliquae

1092 1673 1130 1695 cx
1145 1660 1262 1695 eisdem
1278 1661 1431 1707 personis,
1447 1673 1502 1707 pro
1513 1669 1600 1707 parte
1612 1659 1752 1695 eiusdem
1765 1671 1844 1694 con-

1092 1711 1285 1757 gregationis
1311 1710 1418 1745 Sancti
1450 1709 1620 1745 Salvatoris
1647 1722 1701 1745 seu
1731 1709 1843 1757 prioris

1092 1760 1244 1805 generalis
1279 1768 1333 1795 aut
1365 1760 1499 1795 aliorum
1533 1772 1570 1794 ex
1603 1759 1846 1806 congregatione

1095 1810 1288 1865 huiusmodi,
1310 1810 1347 1844 ad
1363 1823 1441 1857 quos
1464 1809 1631 1856 spectabit,
1656 1810 1770 1844 fuerint
1797 1821 1846 1843 re-

1095 1860 1236 1907 quisitae,
1253 1872 1308 1907 per
1320 1872 1352 1894 se
1375 1861 1422 1895 vel
1445 1860 1539 1894 alium
1562 1872 1617 1894 seu
1643 1860 1733 1904 alios,
1750 1871 1847 1906 prae-

1095 1909 1200 1951 missa,
1228 1910 1282 1944 ubi
1312 1918 1343 1945 et
1365 1910 1490 1958 quando
1513 1922 1593 1957 opus
1615 1909 1718 1955 fuerit,
1742 1908 1847 1955 publi-

1095 1972 1176 2004 care,
1196 1972 1232 1995 ac
1253 1959 1355 1995 eidem
1378 1959 1615 2007 congregationi
1630 1967 1659 1994 et
1676 1958 1846 1999 canonicis,

1096 1988 1284 2057 illoriimque
1307 2010 1450 2045 ecclesiis
1472 2008 1727 2052 etmonasteriis,
1742 2020 1848 2043 mem-

1097 2059 1159 2094 bris
1181 2059 1322 2107 locisque
1345 2060 1524 2107 praedictis,
1541 2060 1569 2093 in
1585 2058 1779 2105 praemissis,
1800 2057 1848 2093 es-

1097 2113 1201 2149 ficacis
1222 2114 1416 2150 defensionis
1439 2113 1598 2162 praesidio
1625 2112 1791 2158 assistant,
1812 2124 1848 2148 ac

1098 2167 1210 2203 saciant
1244 2169 1520 2216 congregationem
1561 2168 1661 2215 ipsam
1702 2167 1848 2215 illiusque

1098 2223 1268 2258 canonicos
1284 2251 1292 2265 ,
1315 2222 1469 2258 moniales
1490 2223 1555 2257 sive
1577 2234 1701 2257 sorores
1722 2229 1752 2257 et
1775 2234 1849 2270 per-

1099 2290 1191 2313 sonas
1226 2290 1262 2313 ac
1284 2291 1393 2314 eorum
1418 2277 1618 2322 monasteria,
1640 2276 1708 2312 loca
1722 2285 1752 2312 et
1767 2276 1847 2311 bona

1099 2346 1319 2382 quaecumque
1335 2334 1463 2382 pacifica
1482 2333 1682 2381 possessione
1697 2332 1745 2367 rel
1760 2331 1848 2380 quasi

1100 2389 1336 2436 privilegiorum
1352 2397 1381 2424 et
1401 2388 1641 2423 concessionum
1664 2385 1846 2422 huiusmodi

1100 2444 1195 2479 libere
1217 2444 1364 2491 gaudere,
1387 2451 1417 2478 et
1439 2455 1501 2478 non
1524 2442 1703 2490 permittant
1724 2453 1778 2476 eos
1793 2453 1847 2475 seu

1100 2506 1356 2533 testamentorum
1367 2506 1551 2532 executores
1560 2495 1750 2531 ethaei-edes
1766 2506 1848 2542 prae-

1101 2552 1214 2598 dictos,
1241 2561 1346 2587 contra
1372 2552 1495 2586 illorum
1524 2559 1658 2593 tenores,
1683 2562 1736 2596 per
1762 2548 1849 2584 ordi-

1102 2608 1205 2643 narios
1232 2615 1260 2642 ct
1285 2614 1422 2641 rectores
1444 2605 1671 2654 parochialium
1700 2603 1849 2638 ecclesia-

1103 2675 1169 2698 rum
1190 2661 1364 2710 praedictos
1381 2674 1435 2697 seu
1458 2661 1535 2697 alios
1551 2670 1781 2709 quoscumque,
1797 2659 1848 2694 in-

1846 258 1895 284 Αη.
1916 256 2026 285 01:312

1863 769 1975 790 Decretum
1985 768 2035 789 irri-

1859 1419 1975 1440 Publicatin
2003 1418 2040 1438 litt*

1859 1452 1891 1471 ius
1913 1450 1981 1470 bullae
2005 1450 2042 1469 ιΙι·ἶ

1859 1483 1967 1502 mandatur
2000 1487 2042 1500 una

1860 1547 1975 1565 serv-tutta⁴
