2281 3251
107 290 156 321 Αιι.
176 290 289 321 01516

116 747 243 775 Factumque
264 750 285 768 ut

103 785 140 800 rex
163 779 216 800 inti-a
237 784 285 800 cer·
318 794 322 799 .

103 814 145 831 turn
156 813 219 836 temp.
231 809 285 830 lianc

103 841 236 862 concordiam
264 842 284 861 in

103 878 140 893 sno
160 878 225 898 regno
248 878 285 893 ac·

102 905 183 930 cepturi
198 903 267 924 iaciat.

119 2197 237 2219 nectaraiio
256 2199 287 2219 dt-

106 2232 152 2251 etae
162 2231 287 2252 concordia.

986 290 1048 316 LEO
1068 292 1092 316 X
1112 293 1163 316 PP.

301 347 389 382 aliter
405 345 615 382 sententiandi
630 353 661 382 et
675 345 845 382 deliniendi
868 348 1049 383 omnimoda

301 397 445 431 facultate
467 405 496 432 et
517 397 715 438 aiictoritat03
744 410 865 432 necnon
882 398 1003 432 irritum
1020 407 1049 432 et

302 447 393 481 inane
414 446 568 494 quidquid
597 458 689 482 secus
711 460 806 494 super
821 448 859 482 iis
879 448 923 482 vel
939 460 1047 482 eorum

300 496 416 543 aliquo,
428 509 442 530 a
456 508 629 543 quoquam,
639 499 747 544 quavis
756 498 1047 541 atictoritate,etiam

301 557 355 592 per
381 558 438 580 nos
460 554 491 581 et
512 558 714 581 successores
737 556 859 582 nostros
883 547 1049 594 praefatos,

300 595 438 630 scienter
451 595 498 630 vel
519 597 697 642 ignoranter
713 597 877 643 contigerit
892 597 1049 641 attentari,

300 643 511 680 decernimus.

348 698 364 738 ἓ
390 697 448 730 29.
476 695 631 731 Volumus
652 704 756 731 autem
780 695 877 743 quod,
903 695 928 730 si
958 707 1050 742 prae-

301 743 381 779 satus
404 758 456 779 rex
480 755 662 792 praesentes
689 746 792 781 literas
821 758 857 780 ac
885 746 989 779 omnia
1020 754 1049 779 et

300 794 422 840 singula
446 796 475 829 in
504 796 549 830 eis
575 802 744 839 contenta,
778 807 857 842 qnae
893 795 921 828 in
952 794 1050 840 prima

300 843 402 878 sutura
425 845 569 880 sessione
598 846 771 892 praesentis
797 844 921 879 concilii
951 844 1051 878 Late—

300 894 441 929 ranensis
474 895 639 942 approbari
675 902 705 928 et
738 894 917 929 confirmari
950 894 1050 928 facere

301 944 518 989 promisimus,
546 944 623 978 infra
651 956 705 978 sex
733 956 857 978 menses
879 955 895 978 a
918 943 967 977 die
994 954 1051 989 ap-

300 993 494 1039 probationis
523 1002 553 1029 et
586 994 832 1028 confirmationis
864 1000 1051 1039 computan-

299 1042 356 1077 dos
371 1070 380 1087 ,
403 1055 464 1078 non
489 1043 710 1091 approbaverit
733 1051 762 1077 et
785 1042 999 1081 ratificaverit,
1022 1049 1051 1076 et

299 1103 336 1126 ea
358 1094 521 1140 perpetuis
544 1093 657 1128 suturis
680 1091 877 1139 temporibus
900 1092 930 1125 in
955 1103 1051 1136 regno

301 1153 358 1176 suo
373 1149 402 1176 et
416 1143 563 1177 omnibus
577 1143 646 1178 aliis
662 1142 738 1176 locis
761 1150 792 1176 et
814 1141 961 1176 dominiis
976 1141 1050 1175 dicti

302 1192 402 1238 regni,
419 1204 474 1239 per
488 1205 599 1227 ornnes
626 1191 781 1238 praelatos
803 1199 833 1225 et
860 1191 935 1226 alias
957 1190 1050 1225 etiam

301 1241 527 1277 ecclesiasticas
546 1253 696 1289 personas
709 1253 744 1275 ac
755 1241 856 1275 curias
879 1239 1052 1295 pailamen-

304 1298 418 1331 torum,
435 1291 508 1338 legi,
537 1291 701 1338 publicari,
724 1290 819 1325 iurari
841 1299 872 1325 et
894 1289 1051 1336 registrari

301 1339 338 1373 ad
361 1340 459 1374 instar
486 1340 616 1375 aliarum
652 1340 913 1375 constitutionum
951 1339 1052 1385 regia-

301 1400 382 1429 rum;
396 1397 426 1423 et
440 1389 479 1424 de
501 1389 726 1437 acceptatione,
741 1389 886 1434 lectione,
910 1388 1053 1436 publica-

301 1438 397 1478 tione,
420 1439 595 1474 iuramento
609 1448 639 1474 et
653 1440 870 1486 registratione
885 1438 1053 1486 praedictis

303 1487 382 1522 infra
408 1489 602 1536 praedictum
622 1498 758 1536 tempus,
777 1490 919 1524 omnium
939 1497 969 1522 et
992 1489 1054 1522 sin-

301 1537 447 1583 gulorum
485 1539 736 1585 supradictorum
774 1547 914 1585 patentes
949 1537 1054 1572 literas

302 1595 354 1620 ant
375 1588 571 1623 authenticas
586 1589 758 1636 scripturas
772 1589 864 1622 nobis
877 1600 939 1622 non
957 1597 1055 1623 trans-

302 1637 433 1677 miserit,
449 1646 501 1672 aut
521 1639 635 1672 nuncio
652 1648 770 1679 nostro⁷
792 1638 875 1685 apud
892 1638 993 1684 ipsum
1011 1650 1054 1673 re-

301 1698 372 1732 gem
401 1688 560 1731 existenti,
580 1700 635 1735 per
656 1700 728 1722 eum
757 1688 795 1722 ad
816 1700 872 1722 nos
896 1688 1055 1722 destinan-

302 1736 368 1776 das,
388 1749 448 1771 non
463 1738 705 1784 consignaverit,
727 1746 756 1772 et
784 1737 898 1772 deinde
921 1737 1055 1781 singulis

302 1785 391 1820 annis
419 1788 510 1821 etiam
541 1787 614 1833 legi,
638 1796 730 1834 prout
752 1787 826 1822 alias
850 1788 948 1833 ipsius
962 1786 1055 1821 Fran·

302 1847 409 1870 corum
428 1837 510 1883 regis
528 1838 769 1871 constitutiones
785 1846 814 1872 et
829 1837 1054 1879 ordinationes,

301 1897 382 1931 quae
405 1886 434 1920 in
456 1888 544 1921 viridi
569 1895 643 1921 snnt
666 1886 875 1930 observantia,
895 1886 1052 1920 observari

301 1934 429 1979 debent,
443 1936 666 1971 inviolabiliter
681 1937 837 1971 observari
854 1949 925 1970 eum
942 1935 1053 1970 effectu

302 1996 363 2018 non
388 1984 507 2026 fecerit,
533 1994 716 2032 praesentes
736 1986 855 2027 literae,
875 1994 903 2020 et
918 1985 990 2019 inde
1005 1998 1056 2020 se-

302 2041 371 2068 cuta
389 2047 608 2082 quaecumque
631 2036 694 2070 sint
721 2048 806 2070 cassa
821 2044 851 2070 et
874 2035 970 2080 nulla,
985 2036 1056 2070 nul-

302 2082 427 2131 liusque
456 2085 576 2119 roboris
599 2086 646 2120 vel
672 2086 832 2120 momenti.

351 2137 371 2184 S
402 2141 459 2173 ΒΟ.
487 2139 528 2173 Et
555 2152 627 2174 cum
656 2139 695 2174 de
722 2139 885 2180 omnibns,
920 2151 1001 2186 quae
1025 2140 1054 2173 in

304 2203 411 2238 regno,
439 2192 632 2240 Delpliinatn
656 2202 687 2228 et
710 2194 856 2228 comitatu
889 2194 1056 2240 praedictis

303 2254 451 2293 aguntur,
479 2249 623 2283 notitiam
660 2260 721 2282 non
759 2247 948 2287 babeamus,
976 2260 1056 2282 con-

303 2301 497 2343 suetudines,
521 2310 637 2337 statuta
664 2315 719 2337 seu
749 2314 825 2336 usus
854 2302 984 2336 libertati
1002 2315 1054 2337 ec—

303 2355 495 2391 clesiasticae
522 2364 552 2391 et
585 2356 759 2392 auctoritati
796 2356 891 2391 Sedis
917 2357 1056 2403 Aposto—

302 2408 379 2444 licae
401 2410 639 2457 quomodolibet
662 2411 922 2458 praeiudicantia,
945 2412 970 2446 si
994 2424 1055 2459 qna

303 2464 331 2498 in
356 2477 464 2511 regno,
487 2464 682 2512 Delpliinatu
706 2474 736 2500 et
759 2467 908 2501 comitatu
935 2468 1056 2514 praedi-

304 2518 359 2552 etis
381 2519 456 2553 alias
471 2531 565 2566 quam
583 2520 611 2554 in
631 2521 814 2567 praemissis
830 2522 974 2562 existant,
993 2534 1053 2555 non

305 2573 497 2608 intendimus
520 2574 609 2609 nobis
630 2584 659 2609 et
687 2575 789 2609 eidem
812 2575 888 2610 Sedi
906 2576 934 2609 in
950 2575 1055 2622 aliquo

305 2627 530 2673 praeiudicare,
553 2642 608 2664 seu
632 2628 681 2663 illa
710 2630 800 2664 tacite
835 2630 881 2664 vel
904 2642 1052 2677 expresse

303 2682 540 2729 quomodolibet
561 2683 748 2731 approbare.

1720 282 1789 316 675

1139 351 1234 393 §51
1269 347 1309 383 Et
1343 348 1547 384 nibilominus
1574 348 1712 395 praefato
1741 348 1840 384 Fran-

1090 399 1172 434 cisco
1195 407 1225 433 et
1249 411 1303 445 pio
1323 406 1463 445 tempore
1482 399 1628 433 existenti
1646 398 1838 434 Francorum

1092 449 1169 495 regi
1193 449 1222 483 in
1248 449 1361 483 virtute
1385 458 1511 484 sanctae
1534 448 1743 489 obedientiae,
1758 461 1841 483 man-

1090 498 1202 532 damus
1246 507 1403 543 qnatenus
1437 511 1491 544 per
1518 511 1550 533 se
1580 498 1626 532 iel
1661 498 1755 533 alium
1784 510 1840 533 seu

1090 548 1167 582 alios
1190 549 1218 581 in
1242 547 1392 593 dignitate
1411 548 1623 583 ecclesiastica
1642 549 1841 589 constitutos,

1091 606 1273 644 praesentes
1296 598 1400 632 literas
1426 609 1462 632 ac
1481 598 1584 632 omnia
1608 606 1638 633 et
1659 598 1784 645 singula
1809 599 1839 632 in

1091 648 1136 682 eis
1151 656 1307 688 contenta,
1330 647 1456 694 quando
1478 656 1508 682 et
1530 648 1654 695 quoties
1674 660 1755 694 opus
1771 647 1841 682 fue-

1091 698 1140 740 rit,
1166 697 1317 744 publicari
1333 704 1363 730 ct
1378 709 1412 731 ea
1436 697 1659 731 inviolabiliter
1680 697 1839 732 observari

1091 746 1213 781 saciant.
1242 746 1516 791 Contradictores,
1539 748 1769 794 cuiuscumque
1791 747 1841 781 di-

1090 797 1217 842 gnitatis
1232 804 1261 830 et
1276 797 1532 842 praeeminentiae
1554 795 1681 840 fuerint,
1697 810 1750 843 per
1764 808 1841 831 cen-

1090 858 1179 880 suras
1197 845 1425 880 ecclesiasticas
1442 853 1472 880 et
1495 846 1693 893 pecuniarias
1709 858 1839 892 poenaS,

1090 895 1213 942 aliaque
1241 896 1317 929 iuris
1345 903 1375 928 et
1409 894 1477 929 facti
1506 896 1634 942 quaevis
1661 904 1840 942 opportuna

1093 945 1227 979 remedia
1233 945 1607 992 ,appellationequalibet
1620 945 1749 979 omnino
1760 952 1842 992 post-

1093 995 1202 1040 posita
1231 994 1472 1041 compescendo.

1140 1048 1154 1087 ἓ
1178 1046 1234 1078 52.
1257 1043 1325 1078 Non
1349 1043 1548 1078 obstantibus
1567 1043 1716 1079 omnibus
1734 1056 1841 1091 supra-

1092 1092 1209 1134 dictis,
1232 1102 1287 1128 ant
1321 1094 1345 1128 si
1369 1093 1528 1140 aliquibus
1556 1094 1768 1128 communiter
1793 1094 1842 1128 vel

1092 1143 1216 1177 divisim
1239 1142 1278 1177 ab
1297 1143 1405 1177 eadem
1421 1143 1460 1177 sit
1475 1143 1558 1177 Sede
1575 1143 1742 1183 indultum,
1758 1146 1842 1190 quod

1093 1192 1250 1237 interdici,
1264 1192 1416 1238 suspendi
1434 1193 1480 1227 vel
1496 1193 1763 1227 excommunicari
1780 1205 1842 1227 non

1094 1242 1213 1289 possint
1237 1254 1290 1288 per
1312 1242 1417 1276 literas
1432 1243 1620 1289 apostolicas
1639 1255 1701 1277 non
1724 1241 1844 1277 facien-

1094 1300 1139 1326 tes
1166 1292 1290 1339 plenam
1315 1300 1344 1326 et
1367 1304 1547 1339 expressam
1571 1305 1607 1327 ac
1633 1291 1673 1327 de
1696 1292 1790 1327 verbo
1805 1291 1843 1326 ad

1094 1345 1224 1380 verbum
1259 1345 1298 1380 de
1339 1345 1461 1381 indulto
1495 1346 1679 1382 huiusmodi
1708 1345 1844 1381 mentio-

1094 1413 1178 1436 nem.

1094 1506 1211 1539 Forma
1232 1517 1300 1539 vero
1321 1506 1493 1550 supradicti
1517 1506 1660 1540 mandati
1684 1505 1847 1551 apostolici

1142 1561 1278 1604 sequitur
1304 1567 1330 1593 et
1351 1567 1393 1594 est
1419 1561 1499 1594 talis.

1093 1643 1142 1672 Leo
1166 1643 1307 1680 episcopus
1335 1650 1431 1673 servus
1455 1650 1593 1673 servorum
1616 1643 1672 1676 nei,
1700 1643 1848 1673 venerabili

1139 1693 1226 1722 fratri
1245 1694 1370 1730 episcopo
1390 1695 1420 1723 ll.
1449 1695 1478 1723 et
1497 1694 1609 1723 dilectis
1627 1694 1693 1722 tiliis
1726 1694 1846 1730 capitulo

1139 1742 1308 1779 singulisque
1323 1743 1458 1771 canonicis
1475 1743 1608 1772 Ecclesiae
1621 1743 1665 1777 ri„
1682 1743 1803 1772 salutem
1817 1744 1848 1772 et

1140 1792 1319 1828 apostolicam
1334 1793 1559 1823 benedictionem.

1144 1865 1163 1912 S
1187 1869 1244 1900 55.
1266 1865 1356 1900 Vitae
1372 1878 1407 1900 ac
1421 1878 1542 1900 morum
1556 1865 1705 1901 honestas
1725 1866 1847 1913 aliaque

1096 1918 1261 1954 laudabilia
1277 1920 1439 1967 probitatis
1453 1931 1481 1954 et
1497 1921 1645 1954 virtutum
1663 1921 1783 1965 merita,
1798 1934 1848 1955 sn-

1097 1985 1152 2019 per
1169 1973 1285 2020 quihus
1301 1974 1433 2008 dilectus·
1452 1974 1535 2009 lilius
1554 1974 1591 2008 N.
1615 1976 1696 2022 apud
1715 1988 1771 2009 nos
1788 1975 1847 2010 lide

1096 2028 1191 2074 digno
1214 2029 1455 2063 coiiiinenilatnr
1472 2031 1661 2068 testimonio,
1681 2042 1737 2064 nos
1761 2031 1848 2064 intlu-

1096 2091 1172 2117 cunt
1203 2092 1235 2117 ut
1262 2082 1320 2117 sibi
1348 2084 1517 2118 reddamur
1550 2084 1587 2118 ad
1611 2085 1741 2130 gratiam
1767 2084 1847 2119 libe-

1097 2136 1188 2171 rales.
1220 2137 1304 2172 Hinc
1332 2146 1378 2172 est
1411 2138 1493 2184 qnod
1525 2150 1593 2182 nos,
1625 2138 1790 2184 cupientes
1815 2146 1847 2172 nt

1098 2191 1199 2226 eidem
1231 2192 1289 2237 N.,
1318 2193 1400 2226 iuxta
1437 2192 1537 2231 illius,
1577 2204 1656 2239 quae
1688 2192 1762 2226 olim
1793 2205 1847 2239 per

1097 2245 1199 2280 felicis
1213 2247 1439 2281 recordationis
1453 2246 1641 2291 Gregoriuin
1660 2245 1774 2293 Papam
1793 2246 1846 2292 lX,

1099 2301 1372 2348 praedecessorem
1400 2310 1555 2345 nostrum,
1571 2301 1607 2335 ad
1626 2310 1699 2336 tnnc
1721 2303 1846 2348 episco-

1098 2368 1172 2403 pum
1188 2355 1431 2390 Noviomensein
1449 2356 1564 2390 directa
1579 2355 1691 2394 extitit,
1707 2368 1787 2402 quae
1805 2357 1848 2390 in-

1097 2411 1172 2457 cipit
1200 2411 1438 2450 illandanim,ei
1457 2411 1585 2444 :iliarum
1610 2410 1742 2443 duarum
1765 2410 1845 2444 illam

1098 2466 1275 2499 immediate
1288 2466 1486 2512 sequentium
1502 2465 1702 2499 decretalium
1720 2465 1846 2507 l'ornias,

1097 2521 1136 2555 de
1159 2522 1344 2556 canonicatu
1369 2529 1398 2554 et
1416 2520 1591 2567 prvbaenda
1611 2529 1663 2553 ant
1682 2520 1844 2565 dignitate,

1099 2585 1279 2621 personatu,
1302 2575 1571 2609 administratione
1602 2575 1644 2609 rel
1670 2573 1771 2607 ollicio
1793 2586 1846 2608 ve-

1096 2639 1178 2666 strae
1214 2631 1258 2665 vel
1288 2630 1416 2664 alterins
1442 2630 1591 2664 ecclesiae
1620 2637 1672 2663 aut
1697 2629 1756 2662 uti..
1784 2628 1847 2663 be-

1099 2684 1222 2726 neficio,
1239 2697 1310 2719 cum
1336 2696 1408 2719 cura
1424 2684 1471 2718 vel
1494 2684 1561 2718 sine
1588 2695 1679 2728 cura,
1707 2682 1799 2718 etiam
1822 2682 1847 2717 si

1855 292 1905 319 An.
1927 292 1955 318 C
1971 293 2036 321 ¹5¹6

1861 353 1952 376 Observa
1944 361 1976 374 n.n
1988 360 2036 375 con-

1855 387 1938 406 cordiae
1954 392 1991 412 per
2002 391 2037 407 re-

1855 422 1901 441 gem
1918 418 2037 438 executioni

1855 448 2005 469 demaudmda.

1869 1051 1979 1073 etamutn
2002 1052 2041 1073 dc·

1856 1084 1984 1111 regnet-iae.

1870 1879 1943 1901 Forma
1954 1879 2046 1901 mandati

1862 1916 1930 1939 nivosi.
1957 1913 1981 1933 de
2006 1918 2045 1939 que

1863 1948 1934 1970 supra.
