2281 3251
204 246 253 271 An,
272 244 300 269 C⁴
321 244 387 270 lhsst)

450 230 517 261 2²74

401 295 548 330 ditatetn:
582 303 610 328 ct
640 302 801 341 propterea
831 306 901 336 uus,
929 291 1032 325 liabita
1059 303 1154 336 super

403 346 440 379 iis
461 344 685 379 deliberatione
705 351 836 380 matura.
864 340 1062 376 decrevimus
1084 339 1152 373 vias

403 395 495 440 ipsas.
517 393 699 440 praesertim
722 404 802 438 qnae
825 391 924 436 magis
947 389 1152 435 frequentan-

402 452 452 478 tur
466 451 495 478 et
516 442 757 489 principaliores
771 441 923 482 existunt,
945 437 1101 485 ampliari,
1118 450 1152 472 ac

404 493 541 539 porticus
554 500 583 526 et
607 491 830 538 impedimenta
849 488 1017 536 praedicta,
1035 487 1152 534 quibus

403 543 448 577 sic
474 549 645 583 arctantur,
661 539 797 574 amoveri
821 547 849 572 et
866 537 1014 572 lateribus
1036 548 1152 584 oppor-

404 601 478 625 tune
514 589 738 637 pavimentari,
772 588 895 634 iamque
929 599 1011 633 opus
1048 586 1150 632 ipsum

404 648 553 686 coeptum
582 639 619 673 sit
644 639 673 672 in
703 637 834 672 diversis
857 636 932 671 locis
960 643 990 670 et
1010 635 1039 670 in
1069 635 1152 670 illius

405 689 625 736 prosecutione
650 699 710 721 non
739 694 903 726 cessetur,
926 697 961 719 ac
984 684 1077 728 (sicut
1101 696 1152 719 ac·-

403 738 556 785 cepimns)
567 745 692 784 propter
704 735 940 770 demolitionem
956 733 1151 772 huiusmodi„

404 787 574 822 nonnullae
590 798 627 820 ex
643 784 793 820 domibus
816 784 903 830 ipsis,
926 795 1060 830 quarum
1079 795 1152 829 por-

404 837 483 872 ticus
517 844 545 870 et
574 834 706 882 prosella
745 846 780 868 ac
807 833 864 868 alia
893 832 1033 867 aedificia
1069 832 1151 866 dirui

403 885 551 932 oportuit.
574 883 700 928 exinde,
725 890 831 930 utpote
855 881 1040 917 necessariis
1062 893 1153 916 man-

403 934 545 969 sionibus
578 932 679 968 solitis
712 941 741 967 et
775 931 908 966 officinis
929 939 1087 970 carentes,
1115 930 1151 964 ad

403 982 643 1018 inhabitandum
675 982 780 1016 minus
814 979 1001 1015 commodae
1031 988 1062 1014 et
1089 979 1152 1014 sere

404 1033 528 1068 inutiles·
551 1032 648 1066 sactae
671 1032 750 1071 sint;
777 1037 807 1064 et
841 1037 1007 1076 eapropter
1029 1028 1151 1063 illarum

403 1082 521 1117 domini
544 1093 653 1116 eorum
671 1080 805 1126 parietes
828 1078 990 1122 decenter,
1007 1086 1039 1112 ut
1053 1090 1153 1124 expe—

403 1132 481 1166 diret
503 1130 540 1165 ad
569 1130 717 1165 decorem
738 1129 854 1162 viarum
878 1127 1075 1172 earumdem,
1103 1139 1153 1161 re·-

405 1192 525 1228 parare,
548 1188 577 1214 ct
599 1190 755 1226 expensas
777 1187 972 1224 opportunas
989 1184 1152 1223 propterea

403 1230 508 1265 subire
537 1241 599 1263 non
622 1235 744 1272 curent,
772 1226 893 1261 sublata
913 1238 968 1272 spe
990 1225 1151 1260 habitandi

404 1280 434 1313 in
457 1279 520 1319 eis,
555 1285 607 1313 aut
637 1276 714 1312 alias
742 1276 889 1311 utilitates
911 1275 1082 1321 recipiendi
1116 1286 1152 1309 ex

403 1328 539 1367 eisdoim
563 1325 791 1374 expediatque,
813 1325 850 1360 ad
873 1324 1064 1359 obviandum
1092 1323 1153 1357 liu-

405 1376 538 1411 iusmodi
562 1374 886 1417 incommoditatibus,
901 1386 938 1408 ex
961 1373 1084 1408 duabus
1102 1381 1154 1407 aut

405 1426 546 1473 pluribus
573 1424 732 1471 contiguis
754 1422 902 1458 domibus
944 1434 1037 1457 unam
1065 1434 1154 1456 com-

404 1474 529 1510 modam
554 1482 755 1516 construere,
777 1480 831 1506 aut
854 1480 973 1519 partem
998 1471 1092 1506 unius
1115 1483 1152 1505 ex

403 1524 521 1558 eisdem
545 1523 694 1558 dumibus
716 1521 802 1557 alteri
838 1521 1020 1555 convicinae
1043 1520 1151 1555 domui

404 1569 1151 1620 iiicorporare,sicqueindemnitatidominorum

402 1622 586 1657 carumdem
621 1621 746 1656 obviare
774 1628 803 1654 et
835 1619 941 1654 decori
971 1617 1153 1653 huiusmodi

402 1671 583 1712 consulere,
602 1679 632 1705 et
655 1670 826 1705 vicinarum
850 1668 1018 1703 domorum
1033 1667 1152 1702 domini

403 1730 436 1754 nt
454 1719 624 1767 plurimum
647 1731 743 1766 super
765 1719 801 1752 iis
820 1729 880 1752 non
904 1717 1106 1758 conveniant,
1124 1724 1153 1751 et

403 1776 547 1805 recusent
569 1768 627 1804 sibi
663 1768 795 1802 invicem
825 1767 1032 1813 complacere,
1060 1767 1152 1801 etiam

402 1831 458 1866 pro
486 1818 569 1853 iudo
590 1826 620 1852 et
643 1816 816 1852 rationabili
847 1816 968 1862 pretio:
993 1817 1153 1862 contingat

401 1879 530 1915 qnoque
550 1865 707 1901 interdum
725 1865 905 1905 nonnullos,
916 1873 977 1899 tam
990 1864 1153 1900 Romanos

400 1917 484 1951 cives
510 1928 602 1963 quam
626 1915 759 1950 curiales
785 1923 815 1949 et
841 1914 919 1949 alios
946 1914 1099 1954 forenses,
1122 1914 1152 1947 in

401 1965 509 2001 eadem
539 1964 615 2000 urbe
637 1964 748 1999 domos
767 1965 805 1999 de
829 1975 909 1998 novo
924 1962 1088 1998 aedificare
1107 1962 1152 1997 vel

401 2015 545 2062 antiquas
580 2014 749 2049 reformare
780 2022 808 2048 et
837 2013 987 2060 ampliare
1011 2012 1101 2053 velle,
1124 2021 1153 2048 et

402 2083 458 2117 pro
475 2069 597 2104 illarum
618 2069 740 2104 decenti
761 2067 997 2104 constructione
1012 2067 1153 2114 indigere

401 2125 575 2160 convicinis
597 2123 758 2167 domibus,
779 2122 935 2157 interdum
961 2121 1097 2156 ruinosis
1124 2131 1153 2157 et

402 2179 572 2226 depressis,
596 2178 703 2213 domui
727 2178 896 2224 depressae
924 2176 970 2210 vel
995 2176 1153 2221 ruinosae,

403 2233 448 2268 vel
469 2232 635 2267 domorum
652 2231 826 2266 dirutarum
849 2230 1070 2274 sediminibus,
1087 2230 1153 2277 pla-

403 2287 494 2322 teolis
515 2295 545 2321 et
567 2286 646 2331 solo,
661 2286 871 2321 senalioloco
895 2284 1023 2326 vicinis;
1041 2293 1069 2319 et
1094 2285 1152 2319 liu·

403 2341 535 2377 iusmodi
561 2344 728 2377 domorum
747 2349 775 2375 et
794 2340 999 2379 sediminum,
1012 2351 1066 2373 sen
1084 2339 1152 2386 pla—

403 2406 521 2432 tearum
550 2405 580 2431 et
611 2396 667 2431 soli
708 2404 760 2431 aut
787 2396 844 2430 loci
872 2394 1020 2430 dominos
1046 2394 1153 2440 requi-

402 2452 479 2486 sitos
517 2459 548 2485 ut
588 2449 628 2485 de
655 2450 732 2494 illis,
766 2449 884 2484 eisdem
921 2447 1087 2483 aedificare
1123 2454 1153 2481 et

404 2506 573 2541 reformare
607 2504 806 2543 volentibus,
842 2503 1031 2539 venditionis
1063 2501 1154 2536 titulo

403 2560 630 2608 complaceant,
656 2558 695 2594 de
717 2557 884 2603 domibus,
920 2555 1153 2599 sediminibus,

404 2614 471 2650 solo
494 2626 548 2649 seu
566 2614 647 2651 loeo,
670 2612 774 2647 oblato
790 2613 882 2647 etiam
909 2623 1058 2659 persaepe
1072 2610 1153 2658 plus-

981 236 1008 257 nt
1022 234 1165 257 [LARU'M
1196 234 1355 256 ROMANFM

1193 301 1286 336 qnam
1322 289 1403 323 iusto
1437 288 1553 335 pretio,
1579 288 1608 321 id
1637 288 1736 322 facere
1765 287 1947 322 nullatenus

1195 339 1283 377 telle;
1310 346 1361 372 aut
1397 337 1488 383 longe
1513 337 1584 384 plus
1607 338 1688 371 insto
1717 337 1829 384 pretio,
1852 336 1945 370 etiam

1194 399 1422 434 nonuunquam
1436 385 1569 432 duplum
1585 386 1668 420 illius
1679 385 1946 427 transcendendo,

1195 446 1301 484 petere
1322 449 1377 483 pro
1395 435 1526 476 eisdem;
1555 448 1618 482 qno
1639 436 1670 469 lit
1695 444 1740 474 ut,
1764 435 1944 481 praesertim

1193 485 1328 521 curiales
1362 494 1392 520 ct
1421 484 1573 526 forenses,
1600 485 1652 531 qui
1681 484 1718 519 ad
1743 484 1771 518 id
1796 484 1891 518 iuvari
1915 493 1945 518 et

1193 535 1273 569 :illici
1302 534 1466 575 deberent,
1489 534 1624 568 maxime
1651 546 1666 567 a
1683 533 1838 569 Romanis
1864 533 1946 567 civi-

1195 585 1265 627 bus,
1288 583 1326 618 ab
1356 582 1539 617 huiusmodi
1563 594 1671 617 eorum
1696 582 1842 617 laudabili
1859 581 1947 617 aedi-

1195 632 1306 668 ficandi
1336 640 1389 667 aut
1411 631 1583 679 ampliandi
1602 631 1765 679 proposito
1788 631 1946 666 retraban—

1195 692 1243 717 tur
1257 695 1265 723 3
1280 690 1309 716 et
1328 682 1352 716 si
1369 680 1540 728 aliquando
1562 680 1667 715 dilecti
1683 680 1736 715 lilii
1759 680 1947 716 Franciscus

1193 731 1232 766 de
1255 731 1409 766 Porcariis
1436 738 1466 765 et
1489 729 1580 777 Bapt.
1604 729 1734 776 Staglia,
1756 729 1900 764 moderni
1917 738 1946 764 et

1193 781 1245 828 qui
1277 792 1333 828 pro
1358 788 1500 827 tempore
1524 779 1640 813 luerint
1663 778 1802 825 magistri
1828 778 1947 813 aedili-

1193 831 1312 865 ciorum
1336 837 1365 864 et
1387 836 1555 863 stratarum
1591 827 1733 863 eiusdem
1757 827 1858 868 urbis,
1890 839 1947 874 pro

1194 877 1416 914 construendis
1439 877 1529 912 novis
1548 877 1657 924 plateis
1685 877 1714 911 in
1738 877 1814 912 locis
1836 888 1949 912 conve·

1195 928 1353 963 nientibus
1368 955 1378 971 ,
1414 935 1467 962 aut
1505 926 1645 973 antiquis
1691 925 1878 972 ampliandis
1917 934 1948 960 et

1196 977 1412 1017 reformandis,
1447 975 1555 1010 volunt
1582 976 1697 1010 domus
1723 975 1844 1022 aliquas
1865 974 1946 1010 dirui

1195 1027 1294 1061 lacere
1324 1026 1354 1060 in
1391 1033 1491 1060 totum
1521 1024 1568 1059 vel
1597 1025 1626 1059 in
1651 1033 1795 1072 partem,
1823 1023 1945 1059 illarum

1194 1076 1325 1114 domini,
1347 1074 1490 1109 similiter
1504 1073 1610 1109 oblato
1631 1075 1677 1108 eis
1698 1074 1792 1109 etiam
1816 1073 1898 1108 iusto
1917 1081 1947 1108 et

1195 1124 1368 1160 rationabili
1398 1123 1512 1171 pretio,
1542 1136 1580 1158 nc
1602 1122 1631 1157 id
1658 1122 1720 1163 liat,
1746 1122 1946 1170 pertinaciter

1194 1186 1225 1209 se
1253 1185 1426 1221 opponere,
1441 1182 1470 1208 et
1495 1171 1676 1209 huiusmodi
1701 1184 1853 1207 novarum
1878 1171 1946 1218 pla—

1194 1231 1313 1258 tearum
1343 1222 1573 1257 ordinationem
1597 1230 1627 1256 et
1648 1222 1847 1268 autiquarum
1871 1221 1946 1256 dila-

1195 1273 1356 1317 tationem,
1371 1271 1622 1319 ampliationem,
1640 1271 1725 1305 omni
1741 1278 1854 1306 conatu
1872 1282 1946 1317 pos-

1193 1321 1274 1356 sibili
1299 1321 1452 1368 impedire
1474 1334 1536 1356 non
1555 1329 1716 1361 verentur,
1736 1331 1817 1367 quae
1839 1320 1945 1354 omnia

1195 1370 1323 1417 publico
1352 1370 1434 1405 bono
1461 1379 1491 1404 et
1513 1369 1620 1406 decori
1649 1380 1684 1404 ac
1718 1368 1945 1416 pulchritudini

1194 1419 1336 1455 eiusdem
1354 1419 1451 1461 urbis,
1469 1428 1655 1466 nostraeque
1669 1418 1750 1453 circa
1774 1417 1802 1452 id
1840 1417 1945 1453 inten-

1195 1469 1270 1504 tioni
1295 1468 1421 1503 obviare
1445 1468 1608 1503 manifeste
1636 1475 1822 1502 cernuntur.

1243 1522 1258 1561 g
1285 1519 1318 1551 2.
1350 1517 1415 1552 Nos
1449 1518 1560 1565 igitur,
1587 1529 1724 1564 aequum
1760 1515 1947 1552 arbitrantes

1196 1566 1352 1614 publicam
1368 1566 1531 1601 utilitatem
1549 1567 1576 1600 iu
1597 1566 1633 1601 iis
1648 1565 1795 1614 praeferri
1810 1565 1946 1613 privatae

1194 1616 1407 1651 commoditati
1422 1615 1646 1663 quorumlibet,
1669 1623 1700 1650 et
1727 1614 1864 1655 illorum,
1891 1614 1946 1662 qui

1196 1675 1256 1700 tam
1280 1665 1395 1700 salubri
1421 1665 1549 1712 publico
1572 1664 1655 1700 bono
1678 1663 1830 1699 indirecte
1853 1663 1946 1699 modo

1196 1714 1370 1763 praemisso
1392 1727 1425 1749 se
1461 1723 1639 1761 opponunt,
1661 1713 1821 1754 duritiem,
1848 1725 1944 1760 supe-

1196 1764 1287 1799 rioris
1297 1764 1481 1799 auctoritate
1495 1773 1524 1798 et
1538 1775 1635 1811 aequa
1647 1762 1846 1797 ordinatione
1859 1774 1947 1797 com-

1196 1814 1304 1861 primi,
1337 1826 1373 1847 ae
1406 1813 1546 1848 volentes
1580 1820 1746 1860 propterea
1775 1823 1874 1858 super
1908 1811 1946 1846 iis

1195 1862 1344 1897 omnibus
1359 1870 1573 1909 opportunum
1594 1860 1744 1896 adhibere
1757 1859 1946 1901 remedium,

1196 1920 1281 1947 motu
1309 1912 1448 1958 proprio,
1464 1923 1526 1946 non
1540 1910 1578 1946 ad
1598 1910 1731 1946 alicuius
1748 1909 1838 1944 nobis
1851 1922 1948 1957 snper

1196 1962 1253 1996 lioc
1282 1960 1403 1995 oblatae
1432 1960 1592 2008 petitionis
1611 1960 1804 1999 instantiam,
1831 1959 1887 1994 sed
1907 1958 1947 1994 de

1196 2020 1300 2045 nostra
1336 2022 1418 2044 mera
1455 2009 1682 2045 deliberatione
1719 2017 1749 2044 et
1786 2020 1824 2043 ex
1864 2016 1947 2043 certa

1196 2073 1299 2099 nostra
1322 2064 1450 2099 scicntia
1467 2072 1495 2098 et
1516 2064 1554 2099 de
1574 2063 1771 2111 plenitudine
1787 2062 1949 2110 potestatis

1194 2118 1409 2165 apostolicae,
1444 2118 1503 2153 bac
1537 2119 1566 2152 in
1602 2126 1787 2165 perpetuum
1818 2117 1947 2151 valitura

1195 2174 1439 2213 constitutione,
1477 2173 1644 2207 statuimus
1692 2180 1721 2206 et
1763 2171 1947 2206 ordinamus

1195 2227 1279 2274 quud
1305 2227 1490 2262 venerabilis
1505 2226 1598 2261 frater
1614 2225 1806 2260 Guillclmus
1819 2225 1948 2272 episco-

1196 2294 1254 2327 pus
1273 2281 1442 2325 Ostiensis,
1470 2280 1662 2316 camerarius
1683 2287 1799 2319 noster,
1817 2279 1946 2326 praefati

1195 2336 1384 2371 Franciscus
1395 2344 1423 2371 ct
1435 2336 1586 2383 Baptista,
1596 2347 1632 2370 ac
1646 2334 1786 2381 ipsorum
1795 2334 1947 2382 episcopi,

1196 2391 1352 2427 Francisci
1392 2401 1421 2427 et
1460 2390 1617 2437 Baptistae
1654 2390 1683 2423 in
1723 2388 1947 2423 camerariatus

1196 2448 1291 2482 nostri
1316 2455 1346 2481 et
1370 2458 1425 2494 pro
1452 2453 1594 2492 tempore
1623 2441 1788 2478 existentis
1809 2441 1944 2478 Roman.

1195 2501 1309 2537 Pontis.
1338 2513 1373 2536 ac
1397 2499 1597 2547 magistratus
1618 2496 1834 2533 aedificiorum
1851 2495 1946 2531 Urbis

1195 2555 1304 2591 officiis
1341 2554 1512 2603 respective
1548 2562 1768 2596 successores,
1807 2551 1861 2598 qui
1891 2562 1946 2597 pro

1197 2619 1339 2656 tempore
1368 2615 1458 2644 crunt
1489 2606 1648 2656 perpetuis
1676 2604 1790 2640 suturis
1824 2613 1948 2652 tempo-

1962 232 2010 258 An.
2027 231 2056 259 C.
2075 231 2144 258 lb80

1975 1528 2106 1549 Camerarius
2124 1531 2144 1548 et

1962 1560 2053 1585 magistri
2067 1559 2144 1579 viarum

1961 1593 2034 1616 cogant
2065 1590 2145 1609 ricinos

1961 1626 2002 1640 non
2026 1620 2145 1641 liatitantcs

1961 1651 2136 1675 dnnlo>.ill.tsvcn

1961 1683 2012 1702 dere
2027 1682 2074 1702 aliis
2091 1683 2146 1703 rici-

1961 1713 1993 1733 nis
2004 1712 2145 1734 habitantibus

1960 1743 2080 1764 volentibus
2095 1743 2146 1764 ress-

1961 1779 2010 1794 cere
2024 1774 2098 1794 domos
2111 1778 2147 1794 eo-

1962 1811 2006 1825 rum
2017 1804 2105 1829 dirum,
2119 1805 2146 1825 ol)

1961 1837 2060 1857 decorem
2076 1835 2144 1857 Urbis.
