2281 3251
101 292 149 319 An.
171 290 281 318 &1516

122 941 281 968 Expeditionem

96 976 169 993 contra
203 973 280 994 'furcas

97 1004 179 1028 nuncin

969 294 1031 317 LEO
1054 295 1075 317 Χ
1104 295 1152 317 ΡΡ.

298 345 481 387 existentes,
505 357 540 382 ac
558 346 710 382 Gamerae
731 347 934 395 Apostolicae
949 361 1046 395 gene-

299 395 392 431 ralem
416 395 602 441 auditorem,
625 397 677 443 qui
696 409 844 444 personas
863 398 921 432 sibi
937 411 1046 446 respe-

298 445 377 480 ctive
399 445 557 481 subiectas
584 446 621 481 ad
639 447 666 481 id
686 459 798 494 cogere
813 456 842 482 et
857 449 1046 495 compellere

298 494 431 535 valeant;
458 504 542 531 cxtra
566 508 638 531 vero
657 509 736 540 eam,
753 510 863 533 omnes
886 506 914 532 et
937 499 1045 543 singu-

296 543 343 578 los
364 544 506 579 locorum
529 545 707 581 ordinarios
731 547 931 594 deputamus.
957 548 1045 582 lubi-

296 592 421 636 bemus,
443 595 502 629 sub
525 596 861 631 excommunicationis
878 597 955 632 latae
978 610 1046 632 sen-

297 644 412 678 tentiae
435 657 547 691 poena,
570 645 718 680 omnibus
745 654 774 681 et
797 647 928 693 singulis
955 647 1045 681 chri-

295 692 493 738 stifidelibus,
509 707 548 729 ne
571 695 600 729 in
626 696 782 742 praesenti
805 696 939 731 concilio
959 704 1044 742 gesta

295 750 324 777 et
341 741 430 783 lacta,
446 744 513 778 sine
527 754 631 780 nostra
647 753 677 780 et
692 745 793 780 (lictae
816 745 908 781 Sedis
922 746 1042 780 licentia

295 792 433 839 speciali,
458 793 595 840 glossare
617 803 669 830 aut
692 795 886 842 interpretari
916 808 1046 843 praesu-

297 849 392 876 mant.

344 891 363 937 g
390 894 445 926 11.
462 892 521 933 Ac,
536 893 605 928 fidei
622 901 752 940 urgente
766 906 822 929 nos
838 894 915 940 zelo,
928 894 1042 930 dictam

296 949 403 976 contra
426 941 566 978 infideles
589 943 835 990 expeditionem,
859 956 915 991 per
936 956 993 979 nos
1015 952 1044 979 et

296 990 413 1025 dictum
427 990 540 1026 lulium
557 993 844 1040 praedecessorem,
861 993 954 1028 dictis
969 1006 1045 1028 cau-

295 1040 338 1075 sis
354 1041 575 1076 conciliaribus
593 1043 759 1090 expeditis,
775 1044 889 1078 totiens
905 1044 934 1077 in
953 1043 1045 1078 dictis

295 1090 489 1126 sessionibus
524 1093 713 1139 propositam
737 1099 766 1127 et
795 1094 993 1139 promissam,
1015 1101 1044 1128 et

295 1152 367 1174 cum
391 1141 565 1176 oratoribus
587 1154 696 1188 regum
713 1150 742 1176 et
759 1143 937 1190 principum
960 1143 1043 1190 apud

296 1201 353 1224 nos
374 1190 504 1225 existen.
523 1191 639 1238 pluries
656 1193 920 1227 communicatam
940 1201 968 1227 et
983 1193 1044 1227 dis-

295 1251 433 1280 cussam,
460 1241 527 1287 piae
549 1253 644 1275 mem.
672 1241 835 1276 Nicolaum
865 1241 981 1289 Papam
1004 1242 1043 1283 V,

295 1289 385 1323 etiam
404 1289 679 1335 praedecessorem
709 1299 861 1331 nostrum,
884 1292 949 1338 qui,
976 1300 1043 1338 post

296 1337 635 1386 Constantinopolitan.
652 1340 741 1375 urbis
763 1341 979 1376 calamitosum
994 1354 1044 1376 ex-

294 1387 424 1429 cidium,
449 1388 484 1422 ad
507 1388 709 1424 vindicandas
723 1390 839 1425 Christi
868 1391 999 1426 iniurias
1013 1400 1042 1426 et

295 1436 466 1472 infidelium
489 1438 624 1473 furorem
648 1440 895 1486 reprimendum,
912 1453 1043 1487 genera-

296 1485 356 1520 lem
379 1495 484 1521 contra
512 1500 565 1522 eos
593 1489 827 1535 expeditionem
859 1490 985 1531 indixit,
1013 1500 1043 1524 et

294 1548 388 1582 quem
412 1537 517 1571 solerti
542 1538 647 1572 studio
664 1551 724 1574 rec.
742 1552 802 1574 me.
825 1539 985 1580 Callistus,
1002 1540 1042 1574 ΙΙΙ

295 1597 329 1620 ae
351 1585 429 1620 Pius
456 1586 494 1626 tl,
519 1586 610 1622 Rom.
636 1587 725 1622 Pont.
746 1589 838 1624 etiam
864 1590 1044 1635 praedeces-

294 1647 382 1670 sores
405 1637 514 1677 nostri,
531 1637 638 1671 imitati
662 1637 801 1683 fuerunt,
824 1639 990 1680 imitantes,
1005 1640 1040 1674 ad

295 1684 464 1720 triennium
481 1687 621 1732 proxime
637 1687 790 1728 futurum,
810 1701 882 1723 cum
898 1689 1042 1724 facultate

295 1746 349 1781 per
370 1747 437 1779 nos,
455 1748 514 1770 una
533 1749 605 1771 cum
622 1737 739 1772 eisdem
756 1738 902 1773 fratribus
916 1740 1042 1784 nostris,

293 1784 432 1820 decimas
460 1785 618 1821 fructuum
646 1799 686 1821 ex
714 1788 856 1822 ecclesiis
878 1797 908 1823 et
930 1802 1042 1824 mona-

293 1835 397 1869 steriis
425 1847 459 1870 ac
479 1836 548 1870 aliis
564 1837 724 1872 beneficiis
748 1838 777 1871 in
800 1838 947 1873 universo
967 1839 1042 1874 orbe

293 1884 539 1920 consistentibus
554 1886 715 1932 imponen.
734 1896 762 1922 et
778 1888 918 1934 exigem,
933 1901 968 1923 ac
979 1901 1043 1923 om-

294 1933 344 1968 nia
373 1944 402 1968 et
429 1934 551 1981 singula
579 1938 657 1980 alia,
683 1949 762 1983 quae
792 1938 828 1971 ad
859 1939 1040 1973 huiusmodi

293 1983 524 2029 expeditionem
549 1988 724 2021 necessaria
747 1996 832 2027 sunt,
856 1996 885 2022 et
907 2001 987 2035 quae
1011 1989 1040 2022 in

293 2033 447 2068 similibus
474 2035 732 2081 expeditionibus
765 2036 830 2071 steri
861 2050 1042 2073 consueve-

296 2091 365 2117 runt
388 2083 534 2128 faciendi,
557 2097 645 2120 sacro
671 2086 867 2133 approbante
895 2088 1041 2128 concilio,

294 2137 505 2183 sumendam,
537 2138 710 2174 faciendam
733 2148 763 2174 et
787 2142 1040 2188 prosequendam

294 2189 872 2233 decernimus;etutfelicemsortiatur
883 2195 1042 2237 effectum,

295 2245 372 2292 pias,
390 2247 525 2282 humiles
540 2261 575 2283 ac
589 2248 718 2284 devotas
736 2250 773 2284 ad
792 2251 1041 2298 omnipotentem

294 2299 395 2335 Deum
421 2315 529 2349 preces
557 2303 668 2349 iugiter
698 2303 872 2349 fundimus,
895 2305 1043 2353 idemque

295 2355 444 2390 omnibus
474 2357 637 2404 utriusque
667 2370 761 2393 sexus
784 2358 1043 2396 christifidelibus

296 2409 471 2445 faciendum
493 2413 692 2447 mandamus.

344 2464 364 2511 S
393 2466 447 2499 12.
465 2465 601 2501 Eosdem
626 2467 875 2502 Maximilianum
900 2468 928 2503 in
948 2470 1044 2517 impe-

112 2525 282 2585 ssqrsnggroissrsienr-
297 2527 429 2553 ratorem
458 2520 591 2555 electum
624 2535 659 2556 ac
686 2535 795 2569 reges,
830 2524 986 2571 principes
1013 2532 1044 2559 et

100 2566 109 2579 ρ
276 2571 281 2574 .

99 2589 188 2639 uquam
198 2590 282 2640 pacis?
298 2581 478 2618 potentatus
501 2576 704 2617 christianos,
740 2590 874 2624 quorum
898 2578 1041 2614 virtutem

99 2620 244 2641 ‹teon-toneia
272 2630 284 2634 —

296 2625 383 2661 Deus
405 2629 537 2664 excitare
555 2643 612 2664 nos
628 2630 725 2674 iubet,
744 2632 913 2676 liortanteS,
936 2644 970 2667 ac
990 2645 1044 2680 per

297 2681 415 2717 viscera
431 2683 662 2720 misericordiae
684 2683 740 2720 Dei
758 2686 853 2720 nostri
868 2685 939 2721 Iesu
953 2685 1044 2722 Chri-

1712 286 1783 320 653

1087 350 1124 384 sti
1148 350 1368 395 obsecrantes,
1396 363 1514 398 perque
1543 351 1741 387 tremendum
1765 353 1833 389 eius

1088 400 1238 434 indicium
1262 400 1464 442 obtestantes,
1489 410 1519 436 ut
1537 401 1596 448 ipsi
1625 414 1781 438 memores
1801 416 1834 439 se

1087 449 1124 485 de
1139 450 1204 497 ipsa
1218 449 1355 485 Ecclesia
1369 450 1484 485 Christi
1495 452 1647 498 sanguine
1658 452 1833 501 redempta,

1087 507 1117 534 et
1140 512 1195 546 per
1216 512 1282 538 eos,
1304 500 1395 535 ctiam
1414 501 1557 548 propriae
1581 502 1660 537 vitae
1676 514 1737 538 non
1761 515 1834 550 par—

1087 549 1204 593 cendo,
1234 549 1350 585 tuenda
1378 559 1408 585 et
1437 551 1663 595 conservanda,
1680 552 1832 588 rationem

1088 598 1266 634 reddituros
1283 610 1363 644 esse,
1386 600 1534 635 omnibus
1556 601 1687 636 invicem
1706 602 1834 648 postha-

1087 647 1161 683 bitis
1183 648 1264 683 0diis
1279 675 1287 689 ,
1315 650 1497 697 mutuisque
1520 650 1768 687 dissentionibus
1799 664 1835 687 ac

1086 697 1300 733 simultatibus
1322 698 1471 734 oblivioni
1496 709 1666 747 perpetuae
1694 700 1833 736 deman-

1087 746 1189 786 datis,
1217 748 1253 782 ad
1283 748 1498 784 defensionem
1527 749 1713 786 christianae
1746 751 1834 796 fidei,

1086 797 1167 831 sicut
1191 798 1317 845 proprio
1338 806 1368 833 et
1383 799 1559 834 necessario
1582 812 1691 835 eorum
1715 801 1835 836 incum-

1086 845 1130 880 bit
1152 846 1274 888 officio,
1298 847 1417 883 sortiter
1439 857 1469 883 et
1496 858 1637 895 potenter
1664 858 1833 896 exurgant;

1086 903 1116 931 et
1143 896 1174 931 in
1202 904 1305 932 tantae
1342 898 1537 934 necessitatis
1564 899 1713 941 articulo,
1742 909 1835 948 prout

1086 957 1196 980 eorum
1216 947 1330 981 fuerint
1353 947 1526 992 facultates,
1550 957 1692 996 prompta
1721 950 1834 985 auxilia

1087 995 1239 1042 praebere
1268 996 1434 1039 studeant;
1466 998 1592 1033 eosdem
1627 999 1834 1034 nihilominus

1086 1053 1216 1092 paterno
1238 1046 1348 1081 affectu
1369 1057 1535 1083 monentes
1561 1060 1596 1083 ac
1619 1049 1835 1095 requirentes,

1086 1102 1136 1138 ut,
1160 1107 1215 1142 pro
1237 1096 1353 1130 summi
1385 1096 1441 1131 Dei
1469 1106 1498 1132 et
1521 1097 1721 1144 Apostolicae
1742 1099 1835 1134 Sedis

1087 1146 1271 1185 reverentia,
1294 1158 1404 1192 pacem
1428 1158 1483 1193 per
1505 1159 1559 1182 eos
1583 1147 1702 1191 initam,
1725 1148 1834 1183 saltem

1085 1193 1166 1228 dicta
1180 1195 1378 1242 expeditione
1392 1196 1538 1241 durante,
1551 1197 1771 1233 inviolabiliter
1783 1197 1837 1233 ob·

1085 1255 1207 1279 servare
1221 1254 1401 1291 procurent,
1416 1259 1454 1280 ne
1467 1254 1585 1281 tantum
1596 1246 1727 1289 bonum,
1738 1247 1835 1295 quod,

1085 1292 1210 1328 dextera
1225 1294 1352 1329 Domini
1376 1296 1748 1341 assistente,secuturum
1763 1310 1837 1344 spe-

1086 1354 1190 1378 ramus
1216 1352 1246 1378 et
1282 1352 1449 1392 optamus,
1475 1346 1578 1393 aliqua
1609 1347 1836 1383 interveniente

1084 1392 1239 1428 discordia
1263 1404 1292 1428 et
1327 1394 1535 1436 dissensione,
1560 1396 1656 1431 valeat
1679 1397 1834 1444 impediri.

1133 1442 1153 1489 S
1176 1445 1231 1477 13.
1263 1443 1301 1478 Ei
1329 1456 1367 1478 ne
1391 1445 1519 1491 praelati
1548 1458 1582 1480 ac
1605 1446 1655 1480 alii
1675 1446 1712 1481 ad
1738 1459 1835 1494 prae-

1084 1503 1157 1527 sens
1183 1493 1365 1533 concilium,
1383 1495 1465 1541 quod
1490 1495 1552 1530 fere
1580 1496 1833 1543 quinquennium

1085 1541 1220 1587 durarit,
1238 1542 1396 1578 laboribus
1418 1551 1450 1578 et
1471 1546 1619 1592 expensis
1636 1545 1768 1581 ulterius
1783 1546 1832 1581 sa—

1085 1591 1232 1637 tigentur,
1255 1601 1285 1627 et
1313 1601 1345 1627 nt
1369 1605 1476 1628 eorum
1493 1594 1641 1629 ecclesias
1664 1596 1786 1631 visitare
1805 1605 1834 1632 et

1084 1642 1237 1676 consolari
1268 1643 1400 1689 possint,
1427 1656 1462 1678 ac
1489 1644 1556 1679 aliis
1579 1645 1672 1680 certis
1695 1646 1833 1681 rationa-

1084 1690 1200 1725 bilibus
1222 1700 1251 1726 et
1266 1693 1353 1727 iustis
1372 1694 1487 1734 causis,
1505 1706 1651 1740 praesens
1664 1695 1833 1730 concilium

1083 1741 1286 1782 absolvimus,
1303 1750 1332 1776 et
1355 1743 1574 1779 benedictione
1587 1745 1714 1780 Domini
1732 1745 1837 1780 dimit-

1086 1790 1191 1836 timus,
1214 1792 1427 1839 omnibusque
1449 1801 1478 1828 et
1500 1794 1631 1840 singulis
1654 1795 1682 1829 in
1707 1807 1744 1830 eo
1765 1796 1836 1831 exi-

1083 1848 1162 1874 sten.
1195 1841 1232 1875 ad
1257 1843 1380 1889 propria
1405 1844 1582 1889 remeandi,
1609 1857 1700 1879 sacro
1722 1846 1833 1880 eodem

1083 1890 1277 1937 approbante
1286 1892 1431 1934 com-ilie,
1442 1892 1600 1928 licentiam
1614 1895 1828 1936 concetlimus;

1083 1948 1112 1974 et
1146 1948 1178 1974 ut
1204 1940 1242 1975 ad
1271 1942 1408 1988 propria,
1435 1942 1595 1990 aliquibus
1615 1944 1834 1991 spiritualibus

1084 1989 1270 2025 muneribus
1289 1991 1407 2035 refecti,
1426 1994 1624 2028 cumulatiori
1648 1993 1765 2040 gaudio
1789 2007 1836 2030 re-

1084 2051 1187 2073 meare
1216 2041 1362 2086 possint,
1396 2041 1456 2076 illis
1487 2054 1660 2090 eorumque
1694 2043 1834 2079 familia-

1085 2088 1170 2123 ribus
1193 2090 1361 2136 plenariam
1381 2092 1521 2126 omnium
1539 2102 1735 2139 peccatorum
1756 2106 1834 2129 suo-

1084 2151 1151 2173 rum
1189 2141 1407 2176 remissionem
1447 2149 1477 2176 et
1516 2142 1740 2188 indulgentiam
1776 2156 1834 2180 se-

1085 2189 1144 2223 mel
1173 2189 1204 2223 in
1233 2190 1292 2225 vita
1325 2200 1355 2226 et
1390 2191 1419 2225 in
1444 2192 1552 2226 mortis
1588 2193 1718 2228 articulo
1746 2193 1833 2230 elar-

1084 2243 1199 2289 gimur.

1132 2296 1217 2332 Nulli
1242 2310 1316 2345 ergo
1339 2307 1393 2334 etc.

1132 2351 1249 2387 Datum
1277 2352 1396 2388 Romae
1424 2355 1453 2389 in
1483 2355 1605 2402 publica
1625 2355 1781 2399 sessione,
1802 2356 1831 2392 in

1084 2404 1286 2442 Lateranensi
1320 2418 1517 2445 sacrosancta
1556 2410 1683 2446 basilica
1712 2411 1832 2446 solem-

1085 2461 1166 2495 niter
1187 2461 1354 2503 celebrata,
1374 2475 1455 2498 anno
1479 2464 1705 2501 lncarnationis
1727 2465 1831 2500 domi-

1086 2516 1172 2551 nicae
1194 2528 1317 2556 mnxvt,
1344 2529 1409 2551 xvtt
1438 2518 1498 2553 kal.
1526 2520 1645 2567 aprilis,
1669 2520 1830 2566 pontifica-

1086 2577 1134 2604 tus
1156 2571 1255 2606 nostri
1283 2583 1364 2605 anno
1387 2583 1417 2605 1v
1440 2575 1499 2616 (l).

1134 2637 1193 2667 Dat.
1213 2638 1259 2667 die
1281 2638 1315 2668 r16
1334 2639 1430 2669 martii
1448 2639 1532 2677 1516,
1551 2645 1628 2679 pont.
1652 2649 1727 2669 anno
1746 2649 1782 2671 tv.

1119 2699 1159 2734 tl)
1181 2699 1243 2727 Vide
1260 2701 1376 2728 notulam
1393 2701 1417 2728 in
1437 2701 1604 2737 praecedenti
1624 2704 1662 2737 (a.
1680 2702 1730 2738 τ.).

1848 296 2029 325 An.c.115t6

1864 1469 1979 1495 Fra-latos,
2001 1471 2032 1498 qui

1850 1502 1940 1522 concilio
1965 1503 2035 1522 iuter-

1849 1532 1940 1559 ruerunt,
1963 1533 2034 1554 dimit-

1869 2315 1954 2336 Sanctio
1979 2321 2032 2343 poe-

1848 2348 1909 2368 natis.
