2281 3251
129 263 180 291 An.
199 265 228 292 C.
244 265 306 292 tuat

137 1660 194 1680 Alias
215 1665 304 1687 praesu-

119 1694 202 1711 mentes
230 1693 304 1718 poenis

120 1722 241 1748 puniuntur.

121 2359 253 2380 (instantium
264 2359 299 2380 de·

114 2390 205 2416 rogatio.

958 259 1117 284 uouemus
1139 260 1172 284 tv
1199 260 1249 283 rr.
1806 249 1826 282 3

374 322 390 362 ς
412 319 445 353 3.
468 316 627 364 Quodque
660 315 690 350 in
714 300 907 351 cardinalem
935 315 982 350 sic
1006 326 1078 361 pro-

138 373 312 410 V0¹¹¹¹⁷¹¹²9n¹²¹³-
326 367 503 411 nunciatus,
530 367 623 401 etiam
653 372 818 413 postquam
847 364 981 411 insignia
1010 364 1078 399 bu-

128 405 310 431 bcnttnetrgondo
327 417 332 422 ·

128 436 190 463 Papa,
212 437 245 457 vel
269 436 310 457 alio

127 470 182 492 actu,
199 468 266 488 donee
279 463 310 491 σ’ἷε

127 498 151 518 de
163 503 220 518 more
231 502 312 525 osope-

126 530 198 548 riatur.

326 416 460 452 tusmodi
472 417 575 451 otnnia
589 415 753 463 receperit,
767 422 798 449 ct
811 415 905 449 etiarn
920 414 1078 448 admissus

327 466 418 502 suerit
439 474 470 500 et
493 474 652 512 receptus,
681 473 712 499 ut
736 463 921 511 praefertur,
945 464 973 497 iu
1012 464 1077 498 ele-

324 517 428 550 ctione
442 515 576 550 Romani
600 513 762 549 Pontificis
779 526 832 560 pro
850 522 989 558 tempore
1001 541 1008 553 ,
1023 526 1077 546 vo-

323 578 392 600 cem
408 565 552 604 activam,
566 572 621 599 aut
636 564 772 610 aliquem
796 572 900 598 actum
927 562 1075 597 babuisse

325 614 371 649 vel
400 613 517 649 babere
553 614 706 660 potuisse,
739 620 793 647 aut
819 612 983 652 debuisse,
1010 613 1076 646 sire

324 676 414 710 posse
432 664 479 698 vel
503 663 618 697 debere
635 662 766 696 iniuime
779 669 957 701 censeatur,
974 662 1076 695 donec

321 720 352 748 et
373 724 554 760 quousque,
586 724 642 759 per
669 711 848 746 Romanum
889 711 1073 745 Pontificem

323 775 379 810 pro
424 771 565 809 tempore
605 762 806 804 existentem,
848 761 887 794 de
918 759 1076 794 similibus

321 811 454 847 consilio
476 820 507 846 et
529 823 701 854 consensu,
717 810 774 844 sibi
794 811 823 843 in
854 809 1073 856 practicandis.

321 861 524 896 consulendis
545 869 576 895 et
597 859 811 895 deliberandis
834 859 974 904 negociis
996 871 1074 894 con-

321 912 436 946 sistorii
459 909 621 950 antedicti,
645 903 856 957 postquatn'iu
877 908 1074 943 consistoriis

320 961 481 1008 aliquibus
505 972 609 995 mores
633 961 662 994 in
681 958 793 994 talibus
816 958 973 992 observari
997 970 1074 992 con-

321 1019 428 1045 suetos
471 1018 621 1057 expertus
657 1019 686 1044 et
724 1009 933 1054 interrogatus
967 1008 1074 1042 cousi-

322 1059 426 1095 liatire
467 1067 520 1094 aut
548 1059 721 1094 consultive
761 1069 948 1104 responsum
977 1057 1072 1091 dandi

321 1121 469 1156 expressa
498 1109 623 1144 licentia
647 1107 816 1151 tribuatur,
838 1119 892 1141 seu
917 1106 954 1141 ad
989 1106 1074 1141 bunc

320 1159 465 1194 effectum
482 1161 535 1202 (ut
559 1157 661 1193 verbis
685 1165 809 1192 utamur
824 1156 1072 1198 communibus)

319 1209 346 1243 ci
371 1208 464 1243 fuerit
486 1220 521 1242 os
536 1216 690 1254 apertum.
712 1205 926 1241 Decerneutes
950 1206 1071 1240 irritum

319 1267 349 1293 ct
387 1258 480 1292 inane
515 1256 666 1304 quicquid
709 1256 737 1290 in
781 1255 975 1290 contrarium
1019 1267 1074 1301 per

319 1318 540 1354 quoscumque
555 1306 650 1340 etiarn
666 1304 926 1352 praedecessores
935 1313 1072 1344 nostros,

319 1365 372 1391 aut
405 1356 485 1391 alios
524 1355 632 1403 quavis
667 1355 853 1390 auctoritate
890 1353 1072 1394 scribendo,

319 1405 525 1449 nominando,
544 1418 601 1440 seu
617 1405 712 1438 ctiam
731 1402 919 1451 reputando,
936 1403 1073 1438 scienter

319 1456 365 1490 vel
395 1456 576 1502 ignoranter
603 1461 789 1489 attentatum
813 1454 916 1488 forsan
941 1462 987 1488 cst
1016 1453 1073 1488 lia-

319 1513 443 1546 ctenus,
467 1505 513 1540 vel
537 1504 568 1539 in
586 1512 748 1551 posterum
777 1503 945 1549 contigerit
975 1512 1070 1538 atten-

320 1563 388 1590 tart.

368 1607 440 1648 54.
470 1604 503 1640 Si
527 1603 599 1651 quis
626 1612 731 1638 autem
761 1602 791 1636 in
820 1601 1012 1638 cardinalem
1027 1603 1072 1638 sic

320 1655 558 1701 pronunciatus,
569 1661 674 1689 contra
686 1651 868 1699 praeniissa,
880 1651 1071 1688 cardinalem

319 1704 518 1749 pertinaciter
540 1715 574 1738 se
596 1715 692 1737 ausus
715 1701 804 1736 fuerit
831 1701 1005 1743 nominare,
1034 1714 1071 1737 eo

318 1753 397 1800 ipso,
420 1766 458 1788 ex
481 1762 555 1788 tunc
577 1753 662 1787 omni
687 1751 766 1796 iure,
794 1750 880 1798 quod
907 1750 966 1785 sibi
991 1764 1072 1800 quo-

317 1802 488 1851 modolibet
516 1802 703 1851 acquisitum
734 1800 939 1848 praetendere
955 1809 1071 1848 posset,

317 1852 457 1900 privatus
483 1852 536 1896 sit,
558 1860 587 1887 et
622 1859 806 1898 perpetuam
843 1849 1069 1888 inhabilitatem

316 1902 452 1937 incurrat
480 1902 516 1936 ad
552 1900 735 1936 huiusmodi
769 1900 981 1936 cardinalatus
1010 1901 1069 1936 lio-

314 1964 434 1987 norem.
452 1951 577 1987 Caeteri
593 1963 666 1985 xero
682 1951 712 1985 in
729 1951 789 1985 boc
811 1950 838 1985 ei
862 1948 1071 1987 adhaerentes

315 2001 362 2037 vel
385 2001 495 2036 dantes
518 2001 685 2036 consilium
715 2013 770 2035 seu
806 1999 962 2041 savorem,
1001 2001 1071 2048 ipso

314 2051 412 2095 facto,
439 2051 629 2087 sententiam
658 2049 997 2085 excommunicationis
1021 2052 1071 2086 in-

313 2108 454 2142 currant,
489 2113 504 2135 a
533 2112 594 2147 qua
629 2103 867 2147 (praeterquam
898 2098 928 2134 in
958 2101 1070 2136 mortis

313 2149 447 2186 articulo
461 2150 640 2194 constituti)
655 2156 814 2197 nequeant
828 2149 866 2184 ab
881 2148 957 2194 alio,
973 2162 1068 2197 quam

313 2211 328 2234 a
352 2198 497 2235 Romano
518 2198 672 2235 Pontifice
700 2198 910 2234 absolutionis
940 2198 1069 2235 benefi-

313 2249 399 2284 cium
427 2249 582 2285 obtinere.

362 2299 383 2347 S
410 2300 443 2334 5.
467 2298 536 2334 Non
569 2298 769 2334 obstantibus
790 2298 1070 2334 constitutionibus

312 2358 344 2383 et
383 2348 661 2391 ordinationibus,
703 2348 891 2395 privilegiis,
926 2348 1068 2393 indultis,

313 2398 576 2433 concessionibus
596 2406 627 2432 et
650 2397 905 2445 exemptionibus
939 2407 1069 2444 aposto-

313 2446 382 2482 licis
404 2447 593 2493 specialibus
616 2447 661 2482 vel
682 2446 894 2493 generalibus,
917 2447 977 2481 sub
995 2460 1069 2494 qua-

313 2508 450 2544 cumque
487 2496 653 2531 verborum
690 2497 801 2536 forma,
829 2497 924 2531 etiam
949 2509 1068 2544 poenas

313 2553 344 2580 et
361 2558 511 2581 censuras
534 2546 564 2581 in
588 2558 621 2581 se
638 2545 887 2587 continentibus,
901 2546 930 2580 in
947 2554 1069 2582 contra-

313 2595 394 2630 rium
417 2595 523 2641 editis,
546 2596 725 2643 ceterisque
742 2595 911 2632 contrariis
933 2595 1068 2644 quibus-

313 2656 464 2693 cumque.

1170 314 1255 349 Nulli
1296 326 1370 361 ergo
1409 321 1532 349 nostrae
1575 314 1809 350 constitutionis
1844 324 1874 349 ct

1121 364 1356 408 declarationis,
1383 372 1435 398 etc.

1171 414 1285 448 Datum
1309 413 1430 448 Romae
1453 412 1535 459 apud
1561 411 1594 446 S.
1625 412 1767 453 Petrum,
1790 425 1873 447 anno

1120 463 1351 498 lucarnationis
1377 462 1554 496 dominicae
1576 464 1710 504 t-t'51‚7
1727 461 1874 496 kalt-udas

1121 513 1280 553 novemb„
1304 511 1506 560 pontificatus
1535 511 1633 545 nostri
1658 523 1741 545 antio
1756 512 1870 559 priino.

1170 562 1237 609 Ego
1266 562 1412 601 loannes,
1435 560 1605 595 cardinalis
1633 560 1666 595 S.
1696 560 1873 600 Laurentii,

1119 611 1221 646 dictus
1245 611 1491 658 Rodmmagen„
1519 609 1703 657 subscripsi.

1169 661 1237 707 Ego
1260 661 1445 696 Ludovi‹·us
1464 659 1543 693 tituli
1558 659 1592 693 S.
1607 658 1775 699 Caeciliae,
1792 672 1874 706 pres-

1120 709 1208 757 byter
1235 710 1405 745 cardinalis
1430 710 1604 752 Arelatem,
1626 709 1813 756 subscripsi.

1169 760 1236 806 Ego
1264 760 1421 794 Antonius
1445 759 1525 793 tituli
1549 759 1582 793 S.
1601 758 1755 798 Marcelli,
1777 771 1873 806 pres-

1119 809 1207 857 byter
1235 809 1413 849 cardinalis,
1442 808 1625 854 subscripsi.

1167 859 1235 904 Ego
1259 859 1395 893 Ioannes
1418 858 1499 892 tituli
1535 858 1569 893 S.
1593 858 1686 898 sixti,
1711 858 1874 906 presbyter

1118 909 1300 952 cardinalis,
1324 921 1417 942 manu
1448 908 1572 954 propria
1597 907 1782 954 subscripsi.

1167 958 1233 1004 Ego
1257 958 1292 993 F.
1323 958 1403 992 tituli
1432 958 1466 992 S.
1490 957 1680 1001 Clementis,
1709 957 1874 1004 presbyter

1116 1008 1296 1050 cardinalis,
1321 1020 1414 1042 manu
1446 1007 1568 1053 proptia
1598 1007 1785 1054 subscripsi.

1165 1057 1234 1103 Ego
1258 1058 1294 1092 A.
1321 1057 1401 1091 tituli
1425 1057 1458 1090 S.
1488 1056 1596 1095 Marci,
1616 1056 1780 1103 presbyter
1802 1068 1873 1090 car-

1117 1107 1242 1151 dinalis,
1266 1119 1358 1141 {nanu
1385 1106 1508 1153 propria
1537 1105 1722 1151 subscripsi.

1166 1156 1234 1202 Ego
1264 1156 1432 1195 Iordanus,
1466 1155 1638 1202 epist-opus
1672 1154 1872 1191 Sabiucnsis,

1117 1218 1209 1241 mauu
1241 1206 1365 1253 propria
1389 1204 1578 1250 subscripsi.

1165 1255 1234 1302 Ego
1260 1255 1313 1297 H„
1353 1254 1520 1289 cardinalis
1556 1253 1666 1301 Cypri,
1706 1253 1874 1300 episcopus

1117 1305 1366 1344 praenestiae-n..
1389 1303 1572 1350 subscripsi.

1165 1354 1429 1401 EgoLudoxicus
1457 1350 1868 1397 (t),cardinalisdeComi-

1117 1405 1213 1446 tibus,
1238 1417 1330 1439 mauu
1357 1405 1484 1451 propria
1507 1401 1696 1448 subscripsi.

1165 1455 1233 1501 Ego
1256 1454 1308 1498 A.,
1327 1453 1496 1488 cardinalis
1512 1451 1610 1490 Nora,
1629 1464 1721 1486 manu
1743 1451 1871 1497 propria

1115 1504 1305 1552 subscripsi.

1165 1563 1226 1593 Dat.
1243 1563 1289 1593 die
1308 1563 1346 1592 26
1362 1560 1490 1592 octobris
1508 1560 1595 1597 1431,
1612 1564 1690 1599 pont.
1709 1568 1785 1588 anno
1802 1567 1820 1588 1.

1471 1709 1510 1743 ll.

1118 1794 1212 1835 Quod
1235 1793 1432 1837 conqreqatt'o
1456 1792 1675 1824 monachorum
1699 1791 1734 1823 de
1752 1790 1868 1823 Obser-

1163 1843 1270 1876 vantia
1284 1842 1318 1875 S.
1335 1843 1480 1881 Iustinae,
1504 1841 1634 1876 Ordinis
1649 1841 1684 1873 S.
1700 1840 1866 1881 Benedicti,

1164 1904 1370 1938 quaecumque
1393 1893 1492 1936 quata
1518 1893 1573 1936 pia
1591 1891 1654 1924 eius
1675 1891 1868 1923 monasteriis

1163 1951 1189 1976 et
1220 1943 1302 1981 Iocis,
1331 1942 1472 1987 quamvis
1499 1953 1559 1974 non
1582 1941 1743 1985 expressis,
1770 1940 1866 1984 sacta,

1163 2000 1329 2037 acceptare,
1344 1998 1370 2024 et
1392 1992 1435 2025 ad
1456 2003 1489 2024 ea
1505 1990 1745 2035 consequendum
1759 2000 1869 2034 procu-

1164 2049 1280 2076 ratores
1302 2041 1492 2081 constituere,
1513 2048 1538 2073 et
1560 2041 1650 2073 iuxta
1673 2040 1804 2084 capituli
1815 2050 1868 2083 90-

1163 2093 1275 2125 neralis
1307 2098 1333 2124 et
1361 2092 1554 2124 visitatorum
1584 2090 1731 2123 iudicium
1759 2089 1869 2122 distri-

1163 2143 1251 2176 buere
1270 2141 1376 2186 possit.

1383 2217 1598 2250 SUtthtlAltlUM

1113 2283 1281 2313 Exordium.
1295 2300 1335 2305 —
1353 2283 1376 2312 1.
1393 2282 1505 2312 Causae
1524 2281 1611 2310 huius
1637 2280 1866 2309 constitutionis.

1151 2345 1190 2351 —-
1211 2328 1240 2358 Ξ.
1259 2327 1421 2357 Declaratio
1446 2327 1491 2363 (de
1513 2336 1563 2364 qua
1584 2326 1613 2354 iu
1631 2324 1763 2361 rubrica).
1787 2340 1824 2345 ——
1840 2323 1866 2351 3.

1150 2373 1369 2403 Contrariorum
1394 2371 1556 2409 derogatio.

1165 2439 1300 2475 nugentus
1318 2439 1461 2476 episcopus
1481 2445 1577 2467 servus
1601 2442 1741 2465 servorum
1754 2434 1808 2465 Dei.

1253 2489 1287 2517 ad
1305 2489 1467 2524 perpetuam
1492 2487 1533 2516 ret
1551 2486 1720 2515 memoriam.

1162 2552 1378 2600 Dispositione
1418 2551 1522 2586 divina
1562 2550 1647 2596 gregi
1691 2548 1821 2583 domini.
1834 2562 1864 2588 o,

1110 2602 1256 2649 quamvis
1279 2601 1443 2644 immeriti,
1459 2600 1675 2648 praesidentes,
1693 2598 1766 2632 dum
1784 2609 1863 2644 prte-

1145 2659 1185 2695 (Ι)
1203 2660 1265 2694 Leg.
1284 2659 1302 2685 f.
1323 2661 1431 2685 Lucius.

1890 261 1940 287 An.
1959 262 1987 287 C.
2005 262 2067 287 {¹151

1900 568 2071 595 Satist-ruptiones

1889 599 2033 620 cardinalium.
