2281 3251
504 261 572 295 768

453 328 649 376 corrigibiles
676 328 907 364 condemnandi
935 336 965 363 et
988 328 1116 363 bracliio
1133 341 1202 363 sae-

454 378 550 413 culari
575 378 738 422 tradendi,
761 387 962 425 caeteraque,
984 390 1065 426 quae
1089 391 1142 412 vos
1163 379 1202 413 de

455 429 522 463 iure
550 429 594 462 vel
624 428 856 462 consuetudine
884 428 984 463 facere
1017 429 1151 475 possetis
1173 437 1202 463 et

453 477 621 521 deberetis,
645 478 789 517 faciendi,
813 477 957 525 gerendi,
981 478 1148 512 exercendi
1172 487 1201 513 et

453 527 641 574 exequendi,
669 536 762 574 prout
785 528 813 562 in
844 527 942 562 literis
965 527 1102 575 desuper
1124 540 1202 563 con-

454 577 542 612 fectis
564 577 754 612 continetur.

501 630 516 670 ἕ
542 631 570 660 1,
599 626 679 661 Cum
704 627 809 674 igitur,
833 627 1067 662 commissionis
1090 627 1203 661 liuius-

267 680 300 701 ΠΙ·
325 680 438 701 ⁰⁶11¹¹⁰¹¹0t
455 676 535 710 modi
561 676 676 723 vigore,
699 676 856 724 praefatus
879 677 1014 711 nuncius
1038 677 1204 712 venerabi-

255 713 512 762 {83122“230²1'„1.‘}ltem
536 725 661 760 fratrem
685 727 869 773 episcopum
888 726 1201 774 Iustinopolitanum‚

255 772 437 824 =¹f'²³,ff†fe'jf‚f¹'¹¹jffi
454 777 482 809 in
507 776 648 822 partibus
673 776 733 810 illis
760 785 1026 820 commorantem,
1048 777 1086 811 ad
1111 788 1202 824 prae—

257 820 437 855 tenuiintn'bue-
453 826 545 860 missa
571 838 631 860 una
655 825 816 861 vobiscum
841 826 1057 873 pertractanda
1080 835 1111 861 et
1128 838 1203 861 exe-

255 870 576 922 [llss'e'vssdffssffssquenda
612 875 887 922 subdelegavet·it;
924 888 1041 923 vosque
1073 885 1102 911 et
1137 877 1202 923 ipse

255 929 346 950 '¹¹‘¹¹¹¹¹²·
451 925 677 972 subdelegatus
700 926 729 959 in
750 925 828 960 valle
852 925 1027 961 Camonica
1054 925 1203 960 Brixien-

451 975 494 1009 sis
518 975 683 1019 dioecesis,
698 975 751 1010 ubi
768 976 902 1011 maxime
919 976 1100 1011 huiusmodi
1118 975 1202 1010 dam·

453 1025 515 1060 nati
535 1026 661 1072 generis
683 1025 829 1060 homines
851 1027 957 1072 vigent
980 1034 1009 1060 et
1033 1025 1202 1072 pullulant,

452 1075 680 1122 processeritis,
707 1088 741 1109 ac
766 1077 935 1111 nonnullos
957 1075 1134 1123 culpabiles
1157 1088 1204 1110 re-

452 1133 557 1172 pertos
579 1133 609 1160 et
630 1125 735 1160 curiae
757 1125 910 1160 saeculari
933 1125 1116 1164 tradendos,
1135 1137 1204 1160 nec—

452 1186 514 1209 non
539 1175 598 1209 iam
623 1174 854 1210 condemnatos
876 1175 1061 1215 habueritis,
1082 1175 1204 1210 videtur

451 1223 538 1270 quod
562 1237 616 1271 per
642 1224 835 1259 Venetorum
859 1225 1028 1271 collegium
1067 1225 1201 1271 praetori

452 1274 612 1309 Brixiensi
636 1273 816 1309 mandatum
841 1274 934 1309 suerit
961 1287 1000 1309 ne
1032 1275 1205 1309 sententias

452 1323 636 1358 huiusmodi
659 1333 879 1371 exequeretur;
898 1333 928 1359 et
951 1323 1038 1359 vobis
1054 1332 1083 1358 et
1100 1323 1203 1358 eidem

452 1373 659 1420 subdelegato
695 1386 735 1408 ne
770 1373 807 1408 ad
831 1374 1051 1409 executionem
1081 1374 1203 1408 illarum

455 1423 665 1468 procederetis
704 1423 878 1464 inhiberet,
914 1431 1007 1470 prout
1035 1423 1203 1458 inhibitum

455 1473 529 1513 fuit;
556 1485 592 1507 ac
619 1485 774 1519 expensas
807 1481 837 1508 ct
872 1473 982 1508 salaria
1015 1485 1070 1519 pro
1093 1472 1206 1507 huius-

454 1522 539 1557 modi
563 1523 776 1570 inquisitionis
789 1523 921 1569 negocio
936 1523 1114 1558 necessaria
1128 1522 1206 1558 sub-

454 1580 592 1607 moveret
614 1582 644 1607 et
671 1573 865 1614 detraherem
889 1585 1012 1608 necnon
1038 1585 1207 1620 processus

455 1631 562 1657 contra
595 1623 770 1670 culpabiles
804 1623 983 1671 praedictos
1017 1622 1142 1658 habitos
1176 1631 1207 1657 et

455 1671 551 1707 factos
578 1672 623 1707 eis
646 1673 869 1708 transmitteret
891 1685 946 1708 seu
975 1673 1141 1707 transmitti
1166 1672 1208 1707 fa-

454 1729 550 1762 ceret;
565 1730 607 1763 et,
621 1723 705 1770 quod
729 1722 867 1758 deterius
889 1732 946 1766 est,
966 1722 1206 1769 subdelegatum

456 1771 649 1818 praedictum
675 1772 711 1807 ad
735 1785 839 1807 coram
863 1774 908 1808 eis
937 1774 968 1807 in
997 1773 1122 1808 civitate
1144 1771 1208 1806 Ve-

457 1821 610 1856 netiarum
633 1822 883 1870 comparendum
917 1831 1045 1869 cogeret
1067 1830 1096 1857 et
1119 1834 1208 1857 com-

457 1870 598 1918 pelleret,
617 1880 708 1918 prout
730 1881 858 1907 coactus
879 1881 910 1907 ct
932 1873 1118 1919 compulsus
1140 1871 1207 1906 fuit.

506 1921 526 1968 g
552 1925 584 1956 2.
613 1921 652 1956 Et
678 1922 771 1969 quia,
802 1930 928 1969 propter
958 1922 1057 1957 dictas
1079 1922 1184 1957 literas
1201 1949 1209 1963 ,

261 1973 311 2025 “¹¹¹3
326 1970 489 2026 sszsszifi‘fgjin
512 1971 630 2018 quibus
651 1971 756 2006 dictus
779 1972 916 2007 nuncius
943 1971 1113 2006 adiunctus
1141 1971 1209 2012 fuit,

261 2042 304 2057 rum
320 2012 445 2057 ῆυηῖαῑὶιω-
459 2020 496 2055 ab
523 2020 679 2068 aliquibus
711 2022 900 2064 haesitatur,
917 2034 968 2063 an,
985 2029 1111 2069 propter
1138 2021 1209 2066 ltoc,

261 2067 446 2122 22ff‚¹c¹{'51},²,¹¹¹„‘{,⁵n
461 2069 588 2106 facultas
605 2081 702 2106 vestra
726 2072 883 2107 diminuta
906 2072 1028 2115 existat,
1051 2072 1090 2105 ita
1114 2071 1210 2118 quod,

262 2128 447 2182 fgrfflffihffiffi·
461 2134 552 2172 prout
586 2135 657 2161 ante
684 2127 771 2161 datas
800 2126 982 2161 huiusmodi
1011 2126 1116 2160 literas
1153 2138 1210 2172 po-

263 2195 297 2211 ue.
460 2180 624 2226 tuissetis,
653 2180 823 2228 procedere
848 2193 910 2215 non
948 2180 1096 2228 possitis3
1120 2179 1211 2214 iude-

460 2244 596 2280 censque
619 2243 648 2268 et
675 2243 780 2269 contra
813 2235 888 2269 iuris
911 2242 942 2269 et
969 2246 1131 2269 sacrorum
1156 2246 1210 2268 ca-

461 2299 579 2323 nonum
599 2288 837 2336 dispositionem
861 2301 896 2323 ac
919 2287 1162 2323 ecclesiasticam
1179 2287 1213 2320 li-

460 2342 611 2378 bertatem
653 2343 763 2378 existat
798 2343 892 2378 laicos
929 2343 967 2377 de
1002 2342 1148 2389 personis
1182 2351 1211 2376 et

461 2397 564 2432 causis
586 2397 808 2432 ecclesiasticis
829 2409 862 2432 se
885 2397 1104 2437 intromittere,
1121 2395 1212 2430 nolle-

462 2464 521 2499 que
546 2451 717 2486 iniunctam
734 2463 750 2486 a
766 2451 853 2487 robis
874 2451 1096 2487 executionem
1113 2450 1213 2484 adim-

464 2507 548 2554 plere
563 2533 572 2551 ,
595 2506 654 2540 nisi
683 2506 884 2554 processibus
906 2518 943 2541 ac
971 2504 1136 2541 sententiis
1160 2516 1214 2551 pcr

463 2573 517 2596 eos
539 2560 613 2595 visis
640 2569 670 2596 et
691 2560 888 2601 examinatis,
911 2573 947 2596 ac
974 2560 997 2595 si
1026 2559 1084 2607 ipsi
1102 2559 1132 2593 in
1148 2559 1214 2593 cle-

466 2616 546 2650 ricos
573 2627 745 2663 causasque
779 2615 1007 2650 ecclesiasticas
1034 2614 1214 2662 superiori-

467 2677 558 2704 tatem
596 2678 626 2705 et
653 2669 904 2705 iurisdictionem
933 2669 1107 2715 haberent,
1143 2681 1214 2704 cum

258 272 307 298 An.
324 271 354 299 C.
372 271 434 300 ¹52¹

1029 273 1214 295 nummum
1244 274 1402 296 ROMANUM

1245 337 1347 364 tamen
1385 329 1414 363 in
1451 329 1582 365 clericos
1609 343 1781 379 causasque
1810 331 1990 366 huiusmodi

1245 379 1330 413 laicis
1356 379 1439 414 nulla
1463 379 1591 414 facultas
1611 381 1757 415 attributa
1777 382 1826 419 sit,
1849 393 1929 428 quos
1941 381 1995 415 ob-

1244 428 1396 475 sequendi
1432 437 1461 463 et
1493 430 1670 476 exequendi
1688 439 1792 465 manet
1809 431 1992 474 necessitas,

1245 491 1305 512 non
1333 479 1503 513 auctoritas
1532 480 1729 526 imperandi,
1758 489 1883 527 propter
1910 480 1992 527 quod

1245 528 1327 563 iuter
1355 528 1574 563 christifideles
1609 541 1669 563 nou
1706 530 1866 565 modicum
1894 530 1995 575 surgit

1244 578 1441 612 scandalum.
1477 578 1541 612 Nos
1564 578 1674 624 igitur,
1703 592 1742 614 ne
1764 580 1846 626 quod
1876 579 1912 614 ad
1941 592 1995 613 sa-

1245 628 1341 662 lutem
1377 629 1552 662 animarum
1588 636 1618 662 et
1645 628 1797 664 dictarum
1827 641 1993 664 causarum

1245 676 1415 712 faciliorem
1440 678 1672 724 expeditionem
1698 678 1912 713 introductum
1935 687 1994 723 est,

1246 728 1274 761 in
1300 727 1451 762 damnum
1476 736 1506 762 et
1534 728 1707 774 perniciem
1731 738 1943 767 convertatur,
1965 738 1995 764 et

1247 787 1409 823 propterea
1425 805 1434 821 ,
1471 777 1512 812 ob
1551 778 1789 813 diuturnitatem
1831 778 1996 825 temporis,

1246 827 1386 862 infelices
1407 827 1530 862 animae
1557 827 1737 862 huiusmodi
1769 828 1904 874 peccatis
1927 839 1997 862 ma-

1244 878 1292 921 gis
1318 886 1499 924 graventur,
1522 886 1552 912 ct
1579 878 1616 912 ad
1641 890 1734 912 omne
1757 878 1838 912 circa
1867 877 1928 912 hoc
1943 877 1998 911 du-

1246 927 1332 961 bium
1362 926 1535 962 tollendum
1552 956 1560 967 ,
1584 940 1659 967 VOS,
1685 936 1776 975 prout
1811 935 1881 962 aute
1909 927 1998 963 datas

1245 976 1344 1012 dictas
1380 977 1485 1012 literas
1525 977 1563 1012 de
1593 978 1659 1012 iure
1695 986 1725 1012 et
1764 977 1997 1012 cousuetudine

1245 1038 1299 1061 seu
1325 1027 1485 1074 privilegio
1509 1027 1676 1073 procedere
1700 1027 1858 1074 poteratis,
1873 1039 1997 1061 necnon

1245 1077 1337 1111 etiam
1361 1085 1468 1111 eontra
1492 1077 1652 1112 maleficos
1673 1086 1702 1112 et
1733 1077 1900 1123 sortilegos
1922 1089 1957 1111 ac
1980 1089 1997 1111 a

1247 1126 1306 1160 lide
1333 1135 1560 1172 apostatanteS,
1584 1135 1677 1174 prout
1698 1126 1840 1161 criminis
1864 1125 1996 1173 postula·

1247 1176 1321 1210 verit
1343 1176 1487 1222 qualitas,
1513 1176 1684 1223 procedere
1708 1188 1800 1224 posse
1822 1184 1853 1210 et
1868 1175 1998 1215 debere,

1245 1227 1431 1261 auctoritate
1470 1226 1664 1272 apostolica,
1700 1235 1808 1260 tenore
1842 1237 1998 1273 praesen-

1247 1276 1341 1314 tium,
1363 1276 1565 1310 decernimus
1587 1284 1617 1311 et
1640 1275 1847 1311 declaramus.

1295 1330 1309 1368 ἕ
1338 1327 1370 1359 5.
1402 1325 1501 1360 Vobis
1523 1326 1759 1360 committentes
1786 1334 1816 1360 et
1844 1324 1998 1360 mandan-

1247 1383 1292 1408 tes
1314 1383 1347 1408 ut
1364 1375 1490 1409 eosdem
1515 1374 1652 1411 Venetos
1674 1383 1704 1410 et
1728 1375 1852 1410 illorum
1881 1375 1996 1409 ducem

1247 1436 1282 1458 ac
1303 1424 1452 1460 officiales
1474 1437 1558 1467 suos,
1588 1438 1626 1461 ue
1650 1425 1707 1472 ipsi
1733 1425 1865 1460 ulterius
1888 1425 1918 1459 iu
1943 1424 1999 1459 hu-

1248 1474 1383 1509 iusmodi
1406 1475 1510 1509 causis
1532 1487 1565 1509 se
1589 1475 1819 1519 intromittant,
1834 1474 1889 1509 sed
1913 1474 1996 1521 quod

1250 1525 1406 1559 iniunctas
1427 1524 1486 1559 sibi
1509 1525 1713 1560 executiones
1735 1533 1766 1560 et
1788 1525 1867 1560 forte
1891 1525 2000 1559 iniun-

1247 1579 1380 1627 gendas,
1410 1589 1576 1627 postquam
1601 1580 1744 1628 requisiti
1773 1579 1905 1620 fuerint,
1933 1579 2001 1614 siue

1249 1635 1350 1682 aliqua
1373 1646 1578 1682 processuum
1603 1646 1657 1682 per
1679 1634 1781 1669 dictos
1808 1633 2002 1668 ecclesiasti-

1249 1702 1303 1725 cos
1335 1689 1455 1724 iudices
1489 1689 1642 1724 factorum
1666 1690 1786 1724 visione
1810 1689 1857 1723 vel
1881 1688 2002 1724 exami-

1251 1744 1388 1784 natione,
1412 1751 1556 1791 prompte
1572 1752 1779 1792 exequantur,
1802 1742 1956 1778 moneatis
1972 1751 2002 1777 et

1251 1798 1431 1833 hortemini.
1468 1798 1507 1832 Et
1533 1798 1557 1832 si
1587 1798 1646 1833 hoc
1668 1798 1770 1833 facere
1804 1797 2002 1844 neglexerint

1252 1853 1298 1888 vel
1334 1852 1566 1893 recusaverint,
1593 1865 1646 1887 vos
1674 1865 1727 1888 eos
1763 1864 1819 1900 per
1853 1863 2003 1887 censuras

1251 1907 1480 1943 ecclesiasticas
1507 1915 1536 1942 et
1559 1907 1618 1942 alia
1646 1908 1721 1943 iuris
1747 1914 1924 1955 opportuna
1953 1918 2005 1940 re-

1253 1963 1352 1998 media
1368 1991 1377 2008 ,
1400 1961 1609 2010 appellatione
1636 1962 1832 2010 postposita,
1856 1960 2004 2009 compel-

1253 2019 1333 2054 latis.

1300 2077 1315 2117 ἓ
1337 2075 1370 2107 4.
1405 2071 1591 2108 Praemissis
1614 2085 1650 2108 ac
1679 2070 1959 2107 constitutionibus
1974 2077 2005 2104 et

1253 2127 1505 2163 ordinatIOnibus
1531 2128 1713 2176 apostolicis
1729 2155 1737 2169 ,
1765 2126 1954 2173 statutisque
1976 2133 2007 2160 et

1253 2181 1540 2218 consuetudinibus
1569 2182 1731 2217 civitatum
1761 2188 1791 2216 et
1822 2179 2004 2215 dioecesum

1255 2237 1498 2284 praedictarum,
1526 2237 1724 2280 iuramento,
1766 2234 2006 2270 confirmatione

1254 2291 1423 2340 apostolica
1452 2292 1497 2326 vel
1526 2291 1636 2338 quavis
1658 2291 1803 2325 firmitate
1824 2289 1882 2324 alia
1907 2288 2007 2323 robo—

1256 2347 1351 2391 ratis,
1378 2346 1573 2393 caeterisque
1596 2345 1761 2380 contrariis
1785 2356 1847 2379 non
1870 2343 2006 2378 obstan-

1256 2401 1340 2436 tibus
1366 2400 1636 2448 quibuscumque.

1305 2455 1419 2490 Datum
1443 2455 1565 2489 Romae
1587 2453 1670 2501 apud
1692 2453 1844 2488 Sanctum
1865 2451 2008 2491 Petrum,

1256 2510 1315 2545 sub
1347 2509 1463 2545 annulo
1491 2509 1678 2553 Piscatoris,
1701 2508 1751 2543 die
1773 2505 2008 2554 decimoquinto

1257 2564 1424 2604 februarii,
1448 2563 1614 2598 millesimo
1637 2561 1893 2610 quingentesimo
1921 2560 2007 2607 vige-

1257 2619 1456 2666 sinioprimo,
1480 2617 1681 2665 pontificatus
1703 2616 1801 2651 nostri
1830 2627 1912 2649 auno
1934 2627 2007 2650 vur.

1288 2676 1348 2706 Dat.
1364 2676 1411 2706 die
1428 2676 1464 2706 15
1481 2675 1622 2705 februarii
1640 2673 1725 2712 1521,
1741 2677 1819 2714 pont.
1838 2681 1914 2702 auno
1929 2680 1989 2703 vnt.

2007 275 2058 302 An.
2075 275 2104 303 C.
2121 275 2184 303 152¹

2019 1343 2139 1371 Omnesque
2151 1348 2196 1364 mo-

2011 1376 2057 1395 neri
2073 1374 2156 1395 mandat
2174 1377 2199 1394 nt.

2011 1408 2104 1426 sentent.
2125 1404 2198 1432 inqui-

2012 1437 2100 1457 sitorum
2115 1441 2198 1463 noqu-

2013 1472 2088 1493 antur‚
2118 1467 2198 1495 absquo

2012 1500 2094 1520 visione
2109 1504 2200 1526 proces-

2013 1536 2080 1552 suum.

2034 2087 2203 2115 Quibuscumqne
2280 2065 2281 2109 i

2019 2125 2061 2141 non
2089 2117 2202 2140 ohstnntib.
