2281 3251
226 270 276 297 An.
295 269 325 297 C.
345 270 412 297 15¹3

234 1266 338 1292 saguntos
364 1273 402 1287 ex-

219 1301 250 1317 tra
276 1298 367 1318 clau-tm
392 1306 401 1318 a

219 1333 291 1352 gener>
309 1333 328 1349 et
340 1335 402 1355 prae—

219 1358 267 1378 latis
277 1358 318 1379 Oro‘
339 1365 401 1380 roes

219 1394 315 1413 ceantur,
329 1391 401 1418 quibu-

221 1427 319 1449 scumque
360 1428 400 1442 non

219 1454 358 1474 obstantibus,

481 259 551 293 548

1002 269 1190 294 nanuum
1216 268 1380 293 110quOE

1993 265 2044 294 An.
2067 266 2096 294 C.
2110 266 2177 294 ¹5¹3

429 325 544 372 cipere.
572 332 601 359 et
629 335 726 371 penes
753 334 785 357 se
813 323 947 358 retinere
974 323 1123 369 audeant,
1146 336 1180 360 e·
1221 323 1498 370 congregationem
1535 330 1566 358 et
1593 322 1677 358 illius
1703 320 1833 357 abbates
1855 326 1885 355 et
1907 319 1978 355 visi·
2006 326 2116 355 fluminio
2137 327 2176 349 οτ-

429 374 502 409 tiam
526 374 709 408 auctoritate
733 372 892 407 literarum
916 372 1178 420 apostolicarum,

429 424 458 458 in
481 423 599 471 quibus
626 422 664 456 ‹le
692 421 873 457 huiusmodi
892 421 1028 468 praelato
1047 422 1094 456 vel
1110 435 1179 457 mo—

428 484 506 507 naco
534 480 563 507 ct
597 479 778 518 congregat.
809 471 994 506 nominatim
1028 483 1176 518 expressa

427 521 546 556 mentio
563 533 623 555 non
642 520 703 560 liat,
726 520 845 567 absque
868 532 1026 555 consensu
1049 521 1176 567 capituli

425 583 480 605 seu
510 569 664 617 generalis
687 569 735 604 vel
763 570 889 604 maioris
918 570 1013 617 partis
1041 570 1178 606 visitato-

425 632 493 654 rum
517 620 555 654 de
582 631 662 655 novo
692 627 814 654 erectae
836 619 1089 666 congregationis
1117 620 1177 655 bu-

426 668 559 704 iusmodi
592 681 648 716 pro
686 677 826 715 tempore
849 669 1062 704 existentium:
1091 669 1174 717 quod

423 719 448 752 si
473 718 660 765 recipientes
674 718 817 765 praefati,
833 718 910 753 infra
926 726 987 753 tres
1006 718 1073 754 dies
1089 728 1177 766 post-

423 779 515 814 quam
539 767 584 802 cis
612 777 794 815 praesentes
817 768 1030 813 innotuerint,
1054 769 1176 815 praela-

425 825 488 850 tum
513 829 568 852 seu
588 829 769 862 monacum,
791 825 876 852 extra
905 818 1003 865 ipsam
1032 818 1071 852 de
1094 831 1175 854 novo

422 874 556 901 erectam
591 867 868 914 congregationem
897 868 1085 903 existentem
1114 868 1175 902 bu-

422 916 559 951 iusmodi
578 944 585 957 ,
608 917 709 951 cidem
731 916 769 951 de
792 928 873 952 novo
895 925 1019 952 erectae
1041 929 1175 965 congre-

420 965 536 1010 gationi
561 978 622 1001 non
647 966 843 1001 restituerint
871 979 941 1001 cum
965 967 1077 1002 effectu
1095 995 1103 1008 ,
1127 968 1173 1003 vel

420 1028 434 1049 a
459 1027 492 1050 se
515 1015 640 1050 realiter
662 1027 724 1050 non
743 1016 927 1061 abiecerint,
951 1017 1174 1052 excommuni-

419 1065 552 1100 cationis
579 1065 734 1100 sententia
757 1065 898 1101 innodati
921 1066 1056 1101 existant
1078 1079 1115 1102 eo
1132 1067 1175 1114 ip-

418 1127 465 1154 so,
493 1125 508 1149 a
532 1126 612 1162 qua,
641 1115 699 1149 nisi
729 1115 759 1150 in
783 1116 892 1151 mortis
914 1116 1057 1157 articulo,
1081 1125 1134 1152 aut
1157 1130 1171 1152 a

418 1163 502 1199 Sede
525 1164 697 1211 praedicta,
719 1164 836 1200 absolvi
866 1178 927 1201 non
952 1166 1084 1212 possint.

468 1213 488 1260 S
515 1215 574 1248 24.
601 1213 766 1249 Generalis
788 1222 893 1250 autem
909 1215 1040 1250 Ordinis
1068 1227 1104 1250 ac
1122 1215 1173 1251 ab·

419 1262 506 1298 bates
529 1271 559 1298 et
587 1264 709 1309 priores
728 1264 766 1299 de
794 1276 875 1300 novo
889 1273 1011 1300 erectae
1038 1277 1173 1312 congre-

419 1313 552 1359 gationis
564 1312 744 1348 huiusmodi
762 1326 818 1360 pro
831 1321 974 1362 tempore
989 1315 1172 1361 existentes,

419 1374 473 1396 seu
497 1361 536 1397 ab
558 1362 604 1397 eis
626 1362 779 1410 deputati,
796 1364 919 1410 possint
938 1377 1049 1400 omnes
1063 1373 1092 1400 et
1112 1365 1172 1399 sin-

417 1411 508 1457 gulos
527 1411 670 1447 eiusdem
695 1412 734 1447 de
757 1425 838 1449 novo
859 1422 981 1449 erectae
1003 1426 1172 1461 congrega-

419 1461 512 1495 tionis
538 1473 689 1497 monacos
710 1461 749 1496 ab
777 1462 826 1498 illa
848 1475 941 1510 vagos
963 1471 991 1498 ct
1012 1464 1170 1510 fugitivos,

416 1518 469 1545 aut
496 1511 563 1545 suis
590 1511 809 1558 superioribus
838 1524 901 1548 non
931 1513 1116 1550 obedientes
1140 1522 1170 1549 ct

416 1559 560 1600 rebelles.
583 1568 613 1596 et
635 1561 702 1608 qui,
726 1561 830 1597 habita
853 1562 990 1604 licentia,
1014 1563 1170 1599 conditio-

417 1622 488 1644 nem
511 1610 557 1645 eis
579 1610 758 1657 impositam
777 1624 838 1647 non
857 1611 1076 1660 impleverint,
1098 1621 1170 1659 aut,

416 1660 504 1706 lapso
522 1659 667 1695 licentiae
691 1661 838 1706 termino,
860 1661 899 1697 ad
922 1663 1082 1710 proprium
1099 1675 1170 1699 mo-

416 1709 588 1744 nasterium
609 1721 671 1744 non
692 1709 856 1755 redierint,
875 1711 922 1747 vel
944 1712 1003 1747 alia
1027 1712 1093 1748 loca
1113 1725 1167 1749 seu

416 1759 616 1803 monasteria,
631 1759 750 1806 absque
769 1760 896 1808 speciali
919 1762 1093 1809 apostolico
1110 1763 1170 1810 pri-

416 1806 528 1854 vilegio
556 1809 774 1856 praesentibus
801 1810 964 1857 deroganti
993 1819 1046 1846 aut
1069 1824 1168 1859 supe-

414 1856 532 1891 riorum
561 1869 690 1892 suorum
714 1858 851 1904 licentia,
878 1872 911 1894 se
934 1861 1166 1903 transtulerint,

414 1905 459 1940 vel
477 1906 651 1953 aliquarum
666 1920 890 1955 personarum,
905 1922 1108 1958 quacumque
1124 1911 1168 1946 di-

411 1955 541 1999 gnitate,
564 1956 656 1991 etiam
673 1958 883 1993 cardinalatus
899 1958 1019 1995 bonore
1041 1960 1167 2007 fulgen-

411 2005 503 2045 tium,
522 2006 671 2047 servitiis,
695 2007 725 2041 in
742 2007 885 2043 Romana
909 2007 1003 2044 Curia
1019 2009 1065 2044 vel
1080 2019 1165 2045 extra

410 2066 490 2099 eam,
509 2067 543 2090 se
562 2055 752 2101 addixerint,
776 2057 822 2092 vel
851 2057 889 2092 ab
913 2058 958 2093 eis
987 2059 1092 2094 literas
1119 2059 1162 2094 sa-

410 2107 598 2144 miliaritatis
619 2118 672 2145 aut
695 2111 932 2158 cappellanatus
955 2112 1163 2159 obtinuerint,

409 2173 520 2209 capere
547 2172 576 2199 et
599 2164 629 2198 in
654 2165 837 2200 carceribus
859 2165 1014 2211 detinere,
1036 2176 1088 2202 aut
1109 2181 1164 2216 per

408 2228 574 2252 censuram
597 2218 771 2254 ecclesiast.
788 2227 817 2255 et
836 2219 894 2255 alia
919 2220 995 2256 iuris
1013 2222 1161 2264 remedia,

407 2270 619 2317 appellatione
645 2281 789 2315 remota,
822 2274 915 2309 etiam
950 2274 1093 2310 invocato
1124 2276 1160 2311 ad

408 2323 478 2365 boc,
500 2325 525 2359 si
548 2337 626 2373 opus
649 2326 753 2373 fuerit,
776 2328 893 2363 auxilio
917 2328 1034 2364 brachii
1057 2342 1161 2366 saecu—

405 2377 490 2419 laris,
513 2378 551 2414 ad
573 2380 696 2415 solitam
725 2390 755 2417 et
782 2381 919 2418 debitam
949 2384 1159 2419 reverentiam

405 2431 608 2479 compellere.

453 2489 468 2529 §
497 2488 554 2522 25.
591 2487 632 2522 Et
659 2495 693 2523 ut
726 2488 826 2525 dictae
859 2490 898 2526 de
926 2504 1006 2527 novo
1039 2500 1160 2528 erectae

404 2541 660 2588 congregationis
679 2544 801 2579 monaci
816 2544 932 2580 divinis
955 2545 1160 2594 beneplacitis

402 2594 543 2640 quietius
565 2603 596 2631 et
618 2596 748 2633 liberius
771 2598 928 2646 insistant,
943 2600 1071 2636 eosdem
1085 2600 1157 2636 dicti

401 2646 530 2685 Ordinis
556 2650 739 2698 generalem
773 2663 809 2689 ac
837 2653 876 2689 de
902 2665 984 2691 novo
1019 2661 1157 2691 erectam

1222 381 1336 407 totores
1371 382 1400 408 ct
1437 372 1514 408 alios
1549 372 1706 420 praelatos
1739 383 1775 426 ac
1809 381 1977 414 monacos,

1221 433 1401 461 conversos,
1425 433 1631 466 commissos,
1653 429 1801 461 novitios,
1825 431 1978 468 personas

1220 480 1248 506 ct
1272 470 1486 518 cappellanus,
1510 471 1603 506 etiam
1623 483 1730 506 curam
1747 470 1900 505 babentes
1915 481 1979 505 am-

1221 532 1369 565 marum,
1404 532 1526 556 necnon
1562 520 1730 556 familiares
1758 528 1788 555 et
1810 519 1978 555 servitores

1219 582 1343 614 eorum,
1367 582 1451 606 nunc
1478 579 1505 606 et
1532 582 1588 617 pro
1616 578 1760 618 tempore
1782 569 1977 613 existentes,

1219 631 1254 654 ac
1278 620 1378 667 ipsius
1401 619 1440 655 (le
1467 632 1549 655 novo
1578 627 1700 655 erectae
1723 619 1977 666 congregationis

1219 670 1422 710 monasteria,
1451 670 1609 716 prioratus
1632 677 1662 704 et
1685 668 1764 710 loca,
1781 669 1875 704 etiam
1896 679 1977 716 quae

1219 719 1249 753 in
1279 727 1439 766 posterum
1468 719 1571 754 eidem
1595 719 1633 754 de
1656 730 1737 753 novo
1759 725 1881 753 erectae
1897 729 1976 753 con-

1218 769 1390 815 gregationi
1415 768 1683 816 quandocumque
1703 767 1784 803 uniri
1809 767 1856 802 vel
1879 767 1976 802 incor-

1218 818 1321 864 porari
1356 830 1412 853 seu
1436 818 1549 853 subiici
1575 818 1621 853 vel
1641 817 1717 852 alias
1735 815 1977 864 quomodolibet

1217 869 1379 915 aggregari
1403 867 1586 914 contigerit,
1610 867 1781 914 omniaque
1804 874 1835 901 et
1853 865 1976 912 singula

1216 917 1372 952 dictorum
1401 918 1691 958 monasteriorum,
1719 917 1913 963 prioratuum
1946 922 1976 950 ct

1217 966 1355 1003 locorum
1374 968 1588 1015 praesentium
1612 975 1641 1002 et
1664 966 1842 1001 futurorum
1871 964 1976 1001 eccle-

1216 1017 1295 1058 sias,
1332 1017 1510 1065 cappellas,
1533 1018 1626 1052 etiam
1655 1016 1680 1051 si
1709 1016 1785 1063 ipsis
1812 1027 1885 1051 cura
1914 1015 1975 1050 im-

1216 1067 1333 1102 mineat
1368 1068 1545 1102 animarum
1563 1095 1570 1107 ,
1606 1066 1740 1102 oratoria
1755 1093 1763 1107 ,
1792 1064 1948 1100 manualia
1964 1091 1974 1109 ,

1217 1117 1369 1158 membra,
1392 1126 1505 1159 castra,
1529 1116 1688 1157 fortalitia,
1710 1114 1973 1160 aedificia,villas,

1216 1167 1375 1213 grangias,
1404 1167 1512 1202 vineas
1529 1194 1538 1211 ,
1565 1166 1690 1207 oliveta,
1713 1165 1834 1209 hortos,
1856 1164 1973 1213 sylvas,

1216 1227 1362 1262 nemora,
1386 1225 1490 1264 prata,
1512 1228 1646 1264 pascua,
1671 1215 1875 1263 piscationes,
1903 1225 1973 1248 mo-

1215 1265 1354 1307 lendina,
1381 1278 1494 1313 aquas,
1521 1277 1673 1315 aquarum
1696 1265 1865 1305 decursus,
1888 1263 1972 1308 iura,

1216 1314 1471 1361 iurisdictiones,
1508 1315 1658 1363 praedia,
1693 1314 1912 1362 possessiones
1942 1320 1972 1348 et

1214 1363 1295 1399 bona
1318 1377 1551 1414 quaecumque,
1575 1377 1655 1412 quae
1674 1365 1704 1399 in
1727 1363 1882 1411 praesenti
1898 1370 1972 1398 sunt

1213 1422 1243 1449 et
1271 1415 1300 1448 in
1325 1414 1464 1451 futurum
1499 1424 1591 1451 erunt
1614 1414 1715 1450 dictae
1737 1413 1777 1449 de
1799 1424 1880 1448 novo
1901 1424 1972 1448 ere-

1213 1472 1280 1499 ctae
1302 1465 1567 1512 congregationis,
1584 1473 1614 1499 et
1642 1475 1723 1512 quae
1740 1463 1845 1499 omnia
1861 1470 1890 1497 et
1904 1462 1971 1497 sin-

1213 1513 1285 1560 gula
1315 1527 1370 1561 per
1396 1527 1506 1550 eorum
1530 1514 1695 1558 vocabula,
1718 1513 1810 1554 lines,
1837 1512 1969 1552 valores,

1213 1563 1380 1610 qualitates
1402 1572 1432 1599 et
1454 1565 1645 1612 quantitates
1667 1564 1719 1598 liic
1747 1562 1856 1598 baberi
1886 1561 1972 1596 volu·

1213 1626 1282 1648 mus
1305 1626 1361 1661 pro
1383 1613 1578 1650 sufficienter
1599 1612 1793 1661 expressis,a
1815 1623 1970 1659 quorum-

1212 1675 1350 1710 cumque
1385 1663 1573 1710 legatorum,
1607 1664 1700 1699 etiam
1730 1661 1769 1697 de
1791 1661 1911 1701 latere,
1939 1668 1969 1696 et

1211 1712 1506 1760 subdelegatorum,
1520 1725 1644 1749 necnon
1661 1711 1851 1748 nunciorum
1867 1710 1969 1746 dictae

1210 1761 1304 1797 Sedis
1325 1775 1361 1798 ac
1379 1763 1580 1809 vicariorum,
1593 1771 1749 1799 rectorum
1767 1768 1797 1796 et
1818 1772 1969 1808 quorum-

1211 1812 1255 1846 vis
1277 1812 1458 1848 officialium
1473 1812 1637 1848 Romanae
1653 1811 1825 1852 Ecclesiae,
1841 1821 1965 1845 necnon

1210 1862 1473 1908 patriarcharum,
1496 1862 1825 1909 archiepiscoporum,
1848 1859 1968 1907 episco-

1210 1923 1347 1957 porum,
1384 1912 1580 1957 electorum,
1613 1911 1904 1946 administratorum
1937 1916 1968 1944 et

1208 1961 1341 1996 aliorum
1370 1973 1649 2009 quorumcumque
1677 1960 1818 1995 iudicum
1841 1958 1967 1995 ordina-

1208 2014 1340 2060 riorum,
1367 2016 1478 2063 quavis
1505 2016 1699 2060 auctoritate,
1722 2021 1887 2062 potestate,
1906 2012 1966 2048 do-

1208 2070 1316 2115 minio,
1344 2071 1534 2112 visitatione,
1560 2070 1782 2106 reformatione
1804 2077 1833 2105 et
1855 2080 1966 2104 corre—

1207 2123 1321 2159 ctione:
1339 2124 1378 2159 ita
1402 2125 1484 2172 quod
1501 2126 1530 2159 in
1547 2125 1661 2160 dictam
1678 2124 1716 2160 de
1731 2135 1812 2159 novo
1825 2131 1963 2159 erectam

1206 2179 1484 2226 congregationem
1512 2179 1560 2215 vel
1596 2179 1666 2215 eius
1688 2177 1866 2225 singulares
1889 2189 1964 2225 per-

1205 2244 1299 2268 sonas
1320 2245 1376 2268 sen
1399 2233 1629 2275 benefactores,
1653 2232 1818 2268 occasione
1846 2230 1963 2267 beneti-

1205 2287 1329 2322 ciorum
1352 2288 1471 2324 eisdem
1496 2288 1681 2324 collatorum
1697 2287 1736 2322 ab
1751 2287 1873 2332 eis,aut
1888 2285 1961 2333 quia

1204 2341 1322 2376 subditi
1345 2354 1456 2378 eorum
1479 2355 1552 2378 cum
1575 2341 1694 2379 eisdem
1723 2341 1865 2376 monacis
1887 2351 1963 2376 con-

1204 2403 1380 2441 versentur,
1407 2409 1463 2432 seu
1488 2397 1526 2432 ab
1554 2397 1631 2444 ipsis
1653 2396 1806 2444 recipiant
1827 2394 1956 2430 absolu-

1204 2449 1298 2485 tionis
1324 2459 1354 2486 et
1375 2450 1590 2487 Eucharistiae
1612 2458 1863 2492 sacramentum;
1885 2461 1960 2485 nec-

1203 2515 1264 2538 non
1291 2504 1322 2538 in
1346 2505 1547 2550 monasteria,
1570 2505 1739 2553 prioratus,
1762 2505 1829 2540 loca
1844 2512 1873 2539 et
1889 2514 1959 2550 per-

1202 2570 1296 2594 sonas
1324 2559 1355 2594 in
1388 2560 1433 2595 eis
1468 2560 1643 2607 degentes,
1671 2560 1792 2596 ratione
1825 2559 1958 2601 delicti,

1236 2629 1275 2664 (1)
1292 2630 1357 2657 vide
1376 2631 1457 2659 Cone.
1476 2631 1548 2659 Trid.
1567 2640 1633 2660 sess.
1646 2639 1714 2665 xxv,
1726 2639 1785 2668 cap.
1801 2632 1829 2659 tt
1849 2634 1956 2667 etseq.‚

1200 2669 1237 2695 De
1253 2669 1377 2704 Royttlar.

1994 359 2048 380 dtnis
2072 359 2096 380 ab
2117 360 2177 381 ordi-

1992 391 2099 410 nariorum
2115 394 2136 411 οι
2155 397 2179 411 ι-

1992 419 2066 441 tiorum
2075 423 2174 447 superio—

1958 469 1964 475 ,
1993 451 2063 476 ritate,
2075 452 2174 473 iurisdic-

1993 483 2051 503 tione
2067 486 2087 503 et
2103 483 2179 503 visitu-

1992 513 2057 534 tione.
2076 513 2105 539 [19
