2281 3251
75 310 123 338 An.
142 309 170 335 C.
189 308 254 336 1520

946 306 1007 329 LEO
1024 306 1046 328 X

269 374 543 411 quorumcumque
577 362 606 396 in
634 361 679 397 eis
705 369 925 397 contentorum
960 371 1012 397 te—

271 425 360 448 nores
374 411 588 460 praesentibus
604 424 658 458 pro
675 412 866 447 sufficienter
880 425 1013 458 expres-

270 463 312 497 sis
333 474 368 497 ac
402 461 441 496 de
469 461 562 497 verbo
589 461 626 495 ad
655 462 781 496 verbum
812 462 935 496 insertis
957 462 1014 495 ha—

271 511 393 551 bemus,
415 511 507 546 etiam
536 511 559 546 si
584 511 631 545 illa
656 524 716 545 non
741 512 801 546 sint
830 512 859 545 in
884 524 954 554 usu,
981 523 1016 545 ac

271 561 405 595 revocari
424 560 594 607 contingat,
617 561 672 605 uti,
692 561 779 607 potiri
804 569 833 595 et
860 561 1014 606 guadere,

271 622 306 645 ac
333 611 439 645 literas
465 610 651 657 apostolicas
673 622 768 657 snper
780 611 896 645 eisdem
914 610 1016 656 privi—

272 660 358 706 legiis
385 668 415 695 et
441 659 710 706 exemptionibus,
740 659 1016 699 immunitatibus,

273 709 487 755 indulgentiis,
504 709 716 752 facultatibus,
739 709 947 748 libertatibus,
967 721 1018 743 au-

272 759 477 799 ctoritatibus,
501 760 749 799 conservatoriis,
767 759 908 802 indultis,
931 759 1018 792 l'avo—

274 809 360 843 ribus
382 818 411 843 et
427 809 547 855 gratiis,
568 809 659 843 etiam
685 808 808 843 illorum
826 807 1016 843 individuam

273 859 506 905 expressionem
521 866 551 892 et
567 858 757 893 mentionem
777 857 933 900 faciendo,
948 870 1019 891 mu-

273 907 1021 954 tatisdumtaxatnominibus,cognominibus,in—

274 957 486 992 vocationibus
501 970 536 992 ac
554 957 676 1001 diebus,
693 957 730 992 ad
751 957 872 992 libitum
891 956 1019 991 confra—

275 1005 1019 1045 trun]archiconsraternitatisliuiusmodi,simul

275 1056 496 1104 velseparatim
513 1056 652 1102 expediri
669 1056 771 1091 facere
789 1057 817 1090 in
834 1055 981 1090 omnibns
991 1064 1018 1089 et

275 1119 329 1154 per
338 1108 454 1150 omnia,
463 1106 590 1141 acsiilla
606 1119 667 1140 non
682 1106 783 1140 solum
801 1118 853 1152 per
864 1104 1020 1139 clausulas

274 1156 435 1211 generales
445 1134 643 1200 huiusmodi,
665 1156 718 1190 sed
736 1168 790 1202 per
812 1156 934 1189 illarum
951 1166 1020 1189 om-

276 1206 364 1240 nium
392 1214 534 1240 tenorum
563 1205 602 1240 de
630 1205 721 1239 verbo
748 1205 784 1239 ad
814 1204 940 1239 ierbum
963 1216 1020 1237 ex-

277 1256 471 1302 pressionem
495 1263 524 1289 et
552 1254 766 1295 insertionem,
788 1254 891 1288 eidem
917 1253 1020 1287 archi-

277 1304 533 1344 confraternitati,
550 1304 694 1350 illiusque
713 1303 922 1338 confratribus
931 1309 961 1336 et
974 1314 1022 1336 ec-

277 1355 393 1399 clesiis,
417 1353 522 1398 rebus,
552 1353 666 1397 bonis,
689 1353 851 1397 ministris,
878 1351 1020 1387 officiali-

278 1404 353 1443 bus,
376 1403 579 1450 cappellanis,
604 1402 825 1443 familiaribus,
853 1414 888 1437 ac
911 1414 1019 1437 eorum

277 1453 424 1488 ecclesias
441 1451 621 1487 huiusmodi
638 1452 846 1493 visitantibuS,
863 1464 898 1486 ac
911 1452 948 1486 de
964 1451 1021 1485 bo-

277 1503 325 1537 nis
355 1503 421 1537 suis
436 1515 492 1549 pro
507 1502 598 1537 dictis
613 1502 763 1549 operibus
776 1509 828 1536 aut
851 1502 925 1536 alias
938 1513 1021 1535 cou—

232 1588 235 1589 γ
277 1552 498 1595 tribuentibus,
513 1552 690 1598 legantibus
704 1560 756 1585 aut
783 1551 1022 1598 reliqueutibus,

277 1614 333 1636 seu
345 1602 440 1648 ipsam
457 1601 828 1636 arcliicoufraternitatem
853 1600 1021 1635 haeredem

279 1651 497 1698 particularem
520 1651 569 1686 vel
593 1651 800 1685 universalem
828 1651 1023 1685 instituenti-

280 1702 349 1741 bus,
369 1701 526 1747 sigillatim
546 1701 780 1743 concessimus,
809 1709 900 1746 prout
929 1712 1025 1747 prae-

278 1751 413 1786 sentium
435 1759 541 1785 tenore
560 1751 773 1793 concedimus,
788 1750 883 1784 libere
898 1759 927 1784 et
943 1750 1025 1784 licite

279 1801 411 1835 valeant.
427 1800 466 1834 Et
488 1800 570 1846 quod
594 1800 786 1847 quicumque
800 1799 901 1834 dictae
922 1800 1025 1834 archi-

278 1851 543 1885 confraternitatis
566 1859 594 1883 et
621 1850 814 1896 quicumque
834 1850 926 1884 etiarn
943 1849 1026 1883 illius

279 1899 426 1935 officiales
449 1912 503 1946 pro
533 1908 674 1945 tempore
701 1900 871 1934 existentes
900 1899 930 1933 id
953 1912 1027 1933 con-

279 1950 449 1989 cesserint,
485 1949 616 1983 aliarum
651 1949 690 1982 ab
719 1961 754 1983 ea
778 1948 1025 1995 dependentium

279 1999 568 2034 confraternitatum
592 1998 765 2033 confratres
788 1998 951 2045 utriusque
971 2011 1027 2032 se-

279 2061 348 2089 xus,
365 2061 449 2083 nunc
464 2057 493 2082 et
517 2060 571 2095 pro
587 2056 726 2094 tempore
748 2049 930 2087 existentes,
953 2048 1027 2082 ubi—

280 2111 415 2146 cumque
427 2097 1026 2144 existant,eisdemindulgentiis,etiam

282 2153 441 2200 plenariis,
455 2162 483 2187 et
494 2153 613 2198 gratiis,
628 2152 744 2199 quibus
767 2152 909 2186 eiusdem
927 2151 1029 2186 archi-

281 2208 438 2242 societatis
456 2207 628 2242 confratres
642 2208 669 2240 in
686 2206 770 2241 Urbe
786 2215 1028 2245 commorantes,

281 2261 416 2307 gaudere
445 2269 599 2307 possunt,
631 2262 723 2295 etiam
749 2262 772 2294 si
797 2269 872 2294 tunc
895 2259 1027 2294 confessi

282 2328 344 2350 non
372 2315 488 2350 fuerint
514 2315 696 2359 (dummodo
720 2315 914 2362 propositum
938 2315 1030 2349 consi·

283 2370 368 2405 tendi
395 2369 540 2415 habeant)
567 2369 705 2416 gaudere
729 2368 871 2416 possint,
894 2368 1029 2416 fiantque

285 2425 453 2472 participes
481 2424 670 2459 ieiuniorum
693 2435 729 2458 ac
756 2423 935 2458 divinorum
968 2423 1032 2457 offi-

284 2480 405 2514 ciorum
429 2492 464 2514 ac
491 2478 621 2513 aliorum
646 2490 921 2526 quorumcumque
944 2477 1031 2524 spiri-

285 2534 414 2568 tualium
433 2533 601 2573 bonorum,
616 2533 808 2579 ubicumque
831 2533 860 2566 in
880 2540 942 2567 toto
956 2531 1031 2566 orbe

287 2601 343 2634 pro
371 2597 510 2634 tempore
538 2588 701 2621 factorum.
726 2586 764 2620 Et
785 2587 978 2633 quicumque
993 2598 1031 2620 ex

286 2641 330 2675 eis
351 2642 514 2688 poenitens
541 2649 570 2676 et
592 2641 745 2675 contritus
768 2651 880 2674 nomen
900 2639 969 2674 Iesu
1001 2639 1030 2673 in

285 2696 394 2730 mortis
410 2695 543 2731 art-culo
559 2695 775 2738 noiiiinaierit,
789 2695 957 2741 plenariam
969 2707 1034 2730 om-

1680 293 1743 326 741

1055 362 1141 396 nium
1158 359 1606 406 peccatorumsuorum,etiam
1622 359 1660 394 de
1675 360 1801 407 quibus,

1057 411 1114 446 nisi
1129 418 1228 445 morte
1243 410 1489 457 praeveniretur,
1502 408 1715 451 confiteretur,
1731 421 1804 445 con-

1057 468 1216 507 sequatur.

1105 514 1119 553 g
1146 511 1179 543 6.
1205 509 1244 543 Εῑ
1266 521 1483 556 quaecumque
1510 509 1601 550 hona,
1624 509 1716 543 etiam
1736 508 1805 543 seu-

1057 560 1134 593 ‹lalia
1157 571 1191 594 ac
1205 559 1449 606 emphyteutica,
1467 559 1559 594 etiam
1583 558 1805 602 ecclesiastica,

1058 608 1400 649 :vichiconlraternitati,
1418 617 1478 643 tam
1503 609 1583 643 inter
1604 608 1690 643 vivos
1711 620 1804 656 quam

1059 659 1167 692 mortis
1200 670 1309 697 causa,
1337 670 1391 692 seu
1417 665 1600 693 testamento
1629 669 1683 692 seu
1713 657 1806 692 codi—

1058 708 1129 741 cillo
1152 707 1229 747 dari,
1258 707 1388 742 concedi
1411 716 1441 742 et
1464 708 1596 754 relinqui
1620 707 1715 741 libere
1732 719 1808 754 pos-

1059 758 1131 799 sint,
1154 758 1193 791 ita
1217 765 1319 791 tamen
1343 757 1426 804 quod
1451 758 1516 804 ipsa
1544 756 1808 792 archiconl'rater-

1061 808 1140 841 nitas
1173 805 1210 840 ad
1241 807 1350 841 eadem
1374 819 1481 850 onera,
1509 806 1546 841 ad
1574 819 1653 853 quae
1675 806 1808 841 donator

1060 869 1115 890 seu
1145 864 1271 890 testator
1304 856 1484 890 huiusmodi
1512 856 1675 891 occasione
1703 856 1809 890 bono-

1061 918 1128 940 rum
1152 906 1333 940 eorumdem
1355 906 1529 947 tenebatur,
1548 914 1577 940 et
1590 917 1809 953 quaecumque

1060 956 1128 999 alia,
1148 968 1228 1002 quae
1247 955 1313 1002 ipse
1337 955 1469 990 donator
1496 967 1552 990 seu
1576 963 1702 990 testator
1715 957 1808 989 etiam

1062 1005 1269 1051 imposuerit,
1296 1006 1426 1040 omuino
1462 1012 1616 1039 teneatur.
1652 1005 1692 1039 Et
1719 1005 1743 1040 si
1771 1004 1808 1039 ad

1062 1063 1181 1089 certum
1211 1067 1376 1089 numerum
1411 1055 1648 1101 generationum
1677 1062 1731 1089 aut
1752 1066 1811 1089 no-

1063 1104 1270 1138 minationum
1294 1104 1403 1139 eadem
1433 1104 1513 1139 bona
1550 1116 1698 1139 concessa
1734 1103 1810 1138 fne-

1063 1162 1141 1193 rant,
1165 1153 1230 1199 ipsa
1252 1154 1590 1195 archicoufraternitas,
1615 1166 1676 1188 non
1698 1165 1812 1200 perpe-

1063 1212 1114 1237 tuo
1137 1202 1191 1236 sed
1222 1215 1275 1249 per
1298 1203 1409 1249 viginti
1444 1216 1560 1244 annos,
1589 1215 1645 1250 pro
1671 1203 1813 1249 qnalibet

1061 1252 1263 1298 generatione
1297 1265 1351 1287 sen
1376 1253 1589 1288 nominatione
1617 1252 1812 1296 huiusmodi,

1064 1304 1143 1336 bona
1165 1302 1272 1336 eadem
1298 1310 1404 1336 tenere
1427 1302 1526 1349 possit
1547 1310 1589 1343 et,
1617 1302 1712 1336 finitis
1734 1302 1813 1349 ipsis

1063 1352 1172 1395 anuis,
1196 1351 1275 1386 bona
1299 1351 1457 1398 praedicta
1484 1351 1522 1386 ad
1545 1363 1654 1387 eorum
1677 1351 1813 1386 directos

1062 1401 1208 1436 ‹lominos
1241 1401 1456 1443 devolvantur,
1493 1410 1523 1436 et
1548 1401 1667 1448 absque
1702 1413 1812 1436 eorum

1062 1462 1218 1485 consensu
1254 1452 1353 1486 teneri
1391 1463 1452 1486 non
1491 1452 1630 1496 valeant,
1661 1459 1813 1498 perpetuo

1063 1500 1230 1535 statuimus
1247 1509 1277 1535 et
1299 1501 1494 1535 ordinamus.

1111 1554 1181 1593 §.7
1211 1550 1249 1584 Et
1272 1550 1477 1585 nihilominus
1501 1551 1657 1585 universis
1687 1559 1717 1585 et
1739 1550 1813 1584 sin-

1064 1600 1146 1644 gulis
1173 1599 1431 1647 archiepiscopis,
1454 1600 1622 1647 episcopis,
1646 1599 1812 1634 abbatibus

1064 1636 1094 1684 et
1120 1650 1188 1684 aliis
1221 1650 1250 1683 in
1283 1649 1433 1696 dignitate
1461 1649 1671 1684 ecclesiastica
1693 1650 1813 1684 consti-

1067 1700 1140 1734 tutis
1175 1700 1329 1746 personis,
1358 1711 1479 1734 necnon
1508 1700 1667 1734 canonicis
1695 1707 1813 1735 metro-

1068 1749 1212 1796 politanis
1230 1749 1277 1784 vel
1300 1749 1430 1783 aliarum
1460 1749 1685 1784 cathedralium
1709 1750 1813 1784 eccle-

1066 1812 1195 1843 siarum,
1217 1811 1252 1833 ac
1274 1799 1429 1834 dictorum
1453 1799 1760 1854 archiepiscoporum
1783 1807 1813 1834 et

1068 1850 1288 1895 episcoporum
1312 1849 1433 1883 vicariis
1458 1849 1489 1883 in
1518 1849 1732 1895 spiritualibus
1754 1861 1815 1895 ge-

1070 1898 1228 1932 neralibus
1263 1908 1292 1933 et
1319 1898 1505 1932 officialibus
1533 1898 1664 1933 ubilibet
1689 1898 1816 1933 consti-

1070 1949 1155 1991 tutis7
1179 1960 1233 1994 per
1260 1948 1431 1995 apostolica
1454 1949 1582 1995 scripta,
1605 1956 1691 1982 motu
1708 1947 1814 1992 simili,

1071 1998 1256 2032 mandamus
1289 2006 1444 2044 quatenus
1467 1998 1524 2044 ipsi
1554 1998 1599 2033 vel
1629 1997 1737 2044 plures
1763 2006 1816 2032 aut

1071 2060 1152 2082 unus
1179 2059 1298 2086 eorum,
1323 2060 1377 2094 per
1393 2059 1425 2081 se
1441 2048 1486 2081 vel
1507 2047 1616 2089 alium,
1631 2047 1815 2081 auctoritate

1071 2106 1185 2138 nostra,
1204 2096 1315 2131 saciant
1339 2105 1517 2144 praesentes
1540 2097 1643 2131 literas
1665 2105 1694 2131 et
1717 2097 1747 2130 in
1770 2097 1816 2131 eis

1070 2156 1213 2182 contenta
1247 2159 1464 2193 quaecumque
1495 2154 1636 2193 optatum
1670 2146 1815 2181 effectum

1070 2197 1184 2241 sortiri,
1206 2209 1240 2231 ac
1262 2196 1300 2230 ab
1323 2197 1478 2236 omnibus,
1501 2208 1580 2242 quos
1607 2204 1816 2240 concernunt,

1072 2246 1290 2281 inviolabiliter
1313 2246 1481 2280 observari.
1509 2245 1578 2280 Non
1599 2247 1816 2292 permittentes

1071 2309 1275 2344 quemquam,
1298 2303 1404 2330 contra
1428 2304 1566 2330 tenorem
1592 2296 1816 2342 praesentium,

1073 2346 1165 2381 inodo
1194 2346 1300 2392 aliquo
1322 2345 1492 2386 molestari,
1516 2345 1660 2392 impediri
1689 2354 1740 2380 aut
1762 2346 1817 2379 in-

1072 2396 1215 2442 quietari,
1251 2394 1505 2429 Contradictores
1531 2395 1688 2442 quoslibet
1710 2403 1741 2429 et
1769 2406 1818 2429 re-

1072 2446 1179 2485 belles,
1195 2445 1286 2479 etiam
1307 2457 1362 2492 per
1374 2457 1591 2491 quascumque
1615 2444 1742 2479 arbitrio
1760 2456 1817 2479 suo

1074 2495 1295 2542 imponeudaS,
1324 2494 1525 2541 applicandas
1553 2502 1582 2528 et
1617 2494 1818 2541 exequendas

1073 2557 1220 2579 censuras
1247 2553 1276 2577 et
1303 2556 1419 2590 poenas
1441 2556 1476 2578 ac
1498 2544 1555 2578 alia
1574 2544 1649 2578 iuris
1665 2543 1817 2587 remedia,

1072 2594 1279 2641 appellatione
1302 2595 1485 2640 postposita,
1507 2593 1750 2640 compescendo,
1770 2594 1817 2627 in-

1074 2652 1180 2677 vocato
1202 2644 1296 2678 etiam
1319 2643 1356 2677 ad
1385 2643 1456 2686 hoc,
1484 2643 1508 2677 si
1532 2655 1610 2690 opus
1638 2642 1742 2681 fuerit,
1763 2655 1817 2678 au-

1072 2694 1146 2728 xilio
1175 2693 1291 2729 brachii
1319 2692 1497 2728 saecularis.

1072 305 1119 328 PP-

1816 304 1867 332 An.
1888 303 1916 331 C.
1933 304 1999 331 ¹520

1832 521 1887 542 Bona
1903 526 2002 548 quacum—

1820 558 1868 580 que
1881 553 1908 573 eti
1912 558 1942 572 am
1957 552 2001 572 teu-

1821 584 1935 609 d:=tia,e1c.
1966 588 2001 602 re-

1821 615 1885 641 linqui
1901 616 1996 641 possunt

1832 1563 2012 1586 observantiahu-

1829 1597 1859 1616 ius
1875 1595 1944 1616 Ranae
1965 1602 2012 1616 orn-

1828 1627 1889 1647 nibuu
1904 1628 2013 1654 praecipi-

1829 1661 1869 1680 tur.
