2281 3251
245 274 297 302 Αη.
313 275 342 301 C.
362 275 430 304 ¹520

257 1577 325 1600 Tenet·
349 1579 429 1599 articu-

244 1610 311 1630 lorum
333 1610 428 1631 haeresis

246 1641 338 1663 Lutheri.

496 266 566 300 750

445 332 518 368 stris
545 330 838 379 praedecessoribus
860 330 1080 371 confirmatam
1103 343 1195 377 quae,

445 383 469 416 si
489 382 584 417 hodie
606 389 814 424 servarentur,
837 388 866 414 et
890 393 946 414 uos
962 389 990 414 et
1010 380 1066 427 ipsi
1086 382 1194 428 ntique

448 432 503 466 hac
527 432 668 466 molestia
685 442 874 465 careremus.
898 430 1001 464 Testis
1015 431 1107 465 estin
1125 443 1194 463 con-

445 482 515 516 cilio
551 480 783 516 Constantieusi
817 479 1016 514 Hussittrum
1052 492 1087 515 ac
1123 479 1193 514 Wi-

445 531 646 574 clelistarum,
671 543 791 565 necnon
820 529 1002 577 Hier-0112mi
1023 529 1104 572 Prag
1096 530 1193 564 cusis

445 581 589 615 damnata
621 592 656 615 ac
692 580 800 627 punita
837 580 990 626 pertidia·
983 607 991 620 ‚
1025 581 1114 615 testis
1149 589 1194 614 est

446 631 560 664 totiens
581 639 688 665 contra
705 629 865 664 Bohentos
879 628 1111 665 Germanorum
1128 642 1195 664 san-

444 681 515 727 guis
541 680 684 720 effusus;
718 680 804 714 testis
827 680 965 726 denique
993 688 1040 714 est
1068 680 1195 727 praedi-

444 738 565 765 ctorum
589 742 730 765 errorum
751 742 805 764 seu
823 729 997 764 multorum
1020 742 1057 764 ex
1080 730 1125 764 eis
1141 743 1196 776 per

443 779 664 815 Coloniensem
678 779 946 814 etLovauiensem
965 780 1195 823 universitates,

445 838 551 877 utpote
577 831 642 877 agri
666 830 814 864 dominici
841 830 1000 877 piissimas
1022 830 1196 876 religiosis-

443 881 604 927 simasque
625 880 783 919 cultrices,
801 892 861 914 non
878 880 982 914 minus
997 880 1086 914 docta
1101 892 1194 927 quam

444 942 514 965 vera
549 942 584 964 ac
611 938 718 965 saneta
751 929 940 967 confutatio,
964 929 1143 976 reprobatio
1166 938 1196 964 et

443 980 613 1015 damnatio.
637 979 733 1014 Multa
758 980 955 1027 quoque-alia
971 979 1106 1026 allegare
1123 992 1196 1027 pos-

443 1042 562 1071 semus,
584 1042 684 1077 quae,
708 1042 746 1065 ne
769 1030 930 1064 historiam
959 1038 1065 1065 texere
1090 1030 1196 1065 ridea-

444 1092 525 1120 mur,
549 1079 826 1136 praetermittenda
849 1079 1047 1114 censuimus.
1070 1080 1132 1114 Pro
1147 1093 1198 1127 pa-

443 1130 566 1164 storalis
594 1130 690 1176 igitur
717 1130 810 1165 officii
840 1129 943 1164 divina
971 1130 1069 1176 gratia
1105 1130 1197 1164 nobis

444 1180 575 1214 iniuncti
599 1193 692 1224 cura,
713 1192 806 1235 quam
835 1180 995 1226 gerimus,
1019 1179 1196 1226 praedicto-

444 1241 513 1264 rum
549 1242 692 1265 errorum
726 1230 809 1265 virus
835 1207 1031 1276 pestifertim
1066 1230 1197 1264 ulterius

445 1279 577 1314 tolerare
599 1292 653 1314 seu
677 1279 888 1318 dissimulare,
917 1292 985 1314 siue
1008 1279 1196 1314 christianae

445 1329 607 1376 religionis
623 1338 695 1364 nota
713 1338 807 1377 atque
829 1329 1021 1364 orthodoxae
1046 1329 1117 1364 {idei
1147 1330 1197 1363 in—

445 1379 534 1419 iuria,
547 1380 633 1414 nullo
654 1379 746 1414 modo
763 1392 947 1426 possumus:
966 1391 1075 1413 eorum
1091 1388 1195 1414 autent

444 1441 587 1464 errorum
611 1429 735 1476 aliquos
749 1429 968 1476 praesentibus
983 1430 1134 1463 duximus
1151 1430 1198 1463 in-

445 1479 606 1518 serendos,
620 1491 719 1526 quoru
727 1492 754 1513 m
765 1488 854 1514 tenor
863 1479 1004 1526 sequitur
1017 1487 1047 1514 et
1060 1488 1105 1514 est
1116 1479 1196 1514 talis:

496 1531 527 1563 1.
551 1528 716 1563 Haeretica
743 1530 900 1563 sententia
928 1528 1057 1569 est,sed
1073 1530 1197 1572 usitata,

445 1587 639 1614 sacramenta
663 1591 762 1614 novae
791 1579 867 1626 legis
891 1579 1111 1614 iustificantem
1127 1592 1199 1625 gra-

447 1629 519 1664 tiam
544 1628 605 1664 illis
627 1629 723 1673 dare,
746 1629 799 1677 qui
825 1641 886 1664 non
918 1637 1039 1675 ponunt
1063 1629 1196 1664 obicem.

494 1681 528 1713 2.
550 1679 584 1714 Iu
610 1691 720 1726 puero,
750 1687 820 1726 post
848 1679 1053 1726 baptismum,
1082 1692 1198 1723 negare

447 1741 612 1764 remanens
635 1737 811 1776 peccatum,
830 1737 877 1764 est
899 1729 1034 1763 Paulum
1057 1737 1087 1764 et
1109 1729 1200 1764 Chri-

444 1788 526 1815 stum
550 1779 647 1814 simul
675 1779 877 1814 conculcare.

494 1831 527 1864 5.
549 1828 667 1864 Fomes
681 1830 812 1876 peccati,
827 1829 960 1864 etiamsi
981 1828 1101 1863 nullum
1117 1828 1200 1864 adsit

444 1879 566 1915 actuale
601 1888 784 1926 peceatum,
812 1886 954 1914 moratur
986 1887 1155 1913 exeuntem
1183 1893 1198 1913 a

445 1941 579 1976 corpore
600 1930 736 1964 animam
761 1929 799 1963 ab
822 1929 968 1975 ingressu
992 1929 1084 1963 coeli.

495 1983 528 2014 4.
551 1979 736 2026 Imperfecta
777 1979 915 2014 charitas
954 1979 1099 2013 morituri
1142 1978 1198 2013 fert

446 2041 554 2064 secum
583 2030 763 2064 necessario
790 2041 940 2075 maguum
965 2029 1122 2072 timorem,
1145 2031 1198 2084 qui

446 2091 480 2114 se
502 2079 570 2114 solo
591 2080 667 2114 satis
682 2086 729 2114 est
749 2079 850 2113 facere
866 2090 998 2133 poenam
1016 2079 1200 2125 purgatorii

446 2137 477 2163 et
504 2129 638 2176 impedit
660 2129 823 2164 introitum
848 2141 901 2175 re«
905 2141 946 2162 ni.

497 2183 530 2214 5.
553 2179 631 2214 Tres
653 2191 723 2214 esse
750 2187 856 2226 partes
879 2178 1106 2226 poeniteutiae,
1123 2190 1201 2213 eon-

448 2228 619 2270 ultionem,
642 2229 875 2264 confessionem
895 2237 925 2263 et
941 2227 1200 2267 satisfactionem,

448 2291 510 2314 non
534 2288 580 2314 est
602 2279 766 2314 fundatum
792 2279 821 2313 iu
848 2290 934 2313 sacra
956 2277 1118 2325 Scriptura
1144 2291 1200 2313 nec

449 2329 479 2363 in
507 2329 644 2376 antiquis
666 2329 782 2364 sanctis
810 2328 990 2364 christianis
1006 2327 1199 2363 doctoribus.

499 2380 531 2413 6.
554 2379 720 2420 Contritio,
733 2391 813 2426 quae
827 2387 953 2426 paratur
963 2390 1018 2425 per
1031 2377 1201 2413 discussio-

449 2442 534 2473 nem,
547 2429 744 2464 collationem
759 2434 846 2472 (Uet
868 2428 1110 2464 detestationem
1129 2441 1201 2475 pec-

449 2488 607 2519 catorum,
631 2491 689 2526 qua
726 2480 799 2525 quis
822 2479 972 2525 recogitat
999 2490 1099 2513 annos
1126 2490 1201 2514 suos

451 2530 480 2563 in
504 2529 714 2564 amaritudine
741 2531 864 2563 animae
886 2541 973 2568 suae,
997 2527 1201 2575 ponderando

452 2587 650 2624 peccatorum
669 2579 865 2626 gravitatem,
881 2578 1128 2621 multitudinem,
1146 2577 1203 2611 lite-

451 2629 590 2669 ditatem‚
609 2629 811 2664 amissionem
827 2635 972 2663 aeternae
996 2627 1202 2663 beatitudinis

488 2691 527 2726 (t)
544 2690 698 2725 Raynaldus
721 2690 782 2725 legit.
797 2693 972 2718 collectionem
989 2690 1028 2726 (u.
1045 2690 1095 2725 T.).

1032 276 1131 299 BELLA
1137 276 1217 299 ΙΠΕΜ
1242 276 1402 299 ΒΟΜΑΝΓΜ

1237 343 1272 365 ac
1299 339 1443 365 aeternae
1477 330 1690 366 damnationis
1723 331 1988 378 acquisitionem,

1239 381 1314 414 haec
1337 381 1484 415 contritio
1508 380 1579 416 saeit
1596 382 1803 430 hypocritam,
1817 382 1914 417 immo
1929 394 1989 418 ma-

1238 444 1285 477 gis
1309 439 1518 476 peccatorem.

1289 483 1319 514 7.
1349 480 1559 515 Verissimum
1583 489 1629 515 est
1658 481 1858 528 proverbium
1876 490 1905 517 et
1921 494 1990 516 om-

1239 530 1324 564 nium
1345 530 1486 565 doctrina
1503 531 1540 564 de
1556 532 1800 566 contritionibus
1824 531 1989 579 hut-usque

1238 579 1308 614 data
1333 581 1554 627 praestantius,
1577 581 1615 615 de
1639 592 1762 616 caetero
1789 594 1850 616 non
1874 582 1988 622 facere,

1237 642 1360 664 simmia
1389 631 1581 677 poenitentia
1597 658 1607 675 ,
1629 632 1747 678 optima
1771 633 1963 679 poenitentia
1979 659 1988 675 ‚

1239 693 1316 714 nova
1346 689 1419 714 vita.

1287 732 1318 764 8.
1339 729 1432 764 Nullo
1454 730 1548 765 modo
1567 742 1749 777 praesumas
1768 732 1908 766 confiteri
1922 743 1989 779 pec-

1237 789 1303 815 cata
1321 780 1451 815 venialia
1468 784 1510 823 (l)
1525 781 1578 815 sed
1592 781 1696 815 onmia
1725 781 1866 816 mortalia
1881 809 1888 821 ‚
1915 782 1988 829 quia

1239 831 1433 877 impossibile.
1457 839 1502 865 est
1526 839 1559 865 ut
1581 831 1683 865 omnia
1709 831 1839 865 venialia
1877 843 1992 878 eogno-

1238 892 1318 915 scas.
1355 879 1448 915 Unde
1478 882 1508 915 in
1542 881 1695 926 primitiva
1724 881 1864 916 Ecclesia
1888 882 1990 916 solum

1240 930 1405 965 mauil'esta
1430 930 1571 965 mortalia
1599 930 1843 965 confitebantur.

1287 982 1320 1014 9.
1344 980 1428 1015 Dum
1453 981 1598 1015 volumus
1620 981 1725 1015 omnia
1745 994 1820 1028 pure
1836 980 1992 1026 confiteri,

1239 1029 1315 1064 nihil
1339 1030 1422 1064 aliud
1452 1030 1601 1071 facimus,
1630 1043 1724 1078 quam
1753 1030 1836 1078 quod
1868 1031 1993 1065 miseri-

1239 1080 1364 1115 cordiae
1379 1080 1436 1115 Dei
1453 1080 1529 1115 nihil
1547 1080 1694 1116 volumus
1717 1081 1893 1128 relinquere
1908 1081 1994 1127 igno-

1239 1130 1404 1165 scendum.

1291 1182 1345 1214 10.
1369 1180 1500 1215 Peccata
1524 1193 1586 1215 non
1603 1189 1676 1214 suut
1692 1180 1743 1214 ulli
1761 1180 1902 1225 remissa,
1917 1180 1993 1224 nisi,

1241 1230 1418 1265 remittente
1441 1231 1621 1273 sacerdote,
1645 1230 1751 1265 credat
1774 1230 1833 1265 sibi
1858 1230 1990 1265 remitti:

1241 1281 1337 1314 immo
1361 1288 1523 1327 peccatum
1548 1288 1706 1323 maneret,
1735 1280 1793 1315 nisi
1822 1280 1990 1315 remissum

1241 1329 1394 1370 crederem
1424 1342 1484 1364 non
1512 1330 1596 1364 enim
1615 1330 1728 1365 suflicit
1758 1330 1992 1377 remissiopcc-

1239 1380 1297 1414 cati
1321 1388 1351 1413 et
1373 1380 1490 1427 gratiae
1512 1380 1650 1424 donatio,
1672 1380 1725 1414 sed
1750 1388 1871 1427 oportet
1897 1380 1990 1415 etiam

1240 1429 1367 1464 credere
1395 1442 1463 1464 esse
1486 1431 1663 1465 remissum.

1294 1481 1347 1513 tt.
1374 1479 1469 1514 Nullo
1497 1480 1590 1514 modo
1613 1479 1755 1515 confidas
1782 1479 1902 1514 absolvi
1918 1491 1991 1527 pro-

1242 1537 1309 1575 pter
1332 1537 1415 1563 tuam
1439 1529 1674 1572 contritionem,
1697 1529 1752 1564 sed
1780 1537 1908 1576 propter
1924 1542 1992 1564 ver-

1242 1579 1316 1612 bum
1351 1579 1494 1619 Christi,
1524 1581 1742 1625 Quodcumque
1767 1581 1901 1619 solveris,
1935 1587 1990 1614 etc.

1242 1628 1318 1670 Hie,
1342 1629 1483 1676 inquam,
1505 1629 1640 1671 confide⁷
1665 1631 1689 1665 si
1714 1629 1888 1665 sacerdotis
1909 1628 1992 1664 obti-

1241 1679 1347 1714 nueris
1374 1680 1616 1721 absolutionem,
1639 1688 1669 1715 et
1697 1679 1792 1715 crede
1820 1679 1942 1715 sortiter
1964 1687 1992 1715 te

1241 1728 1420 1763 absolutum
1443 1737 1473 1764 et
1507 1729 1670 1765 absolutus
1692 1742 1764 1766 vere
1799 1730 1874 1774 eris,
1901 1729 1993 1777 quic-

1241 1778 1316 1826 quid
1345 1780 1383 1814 sit
1407 1779 1446 1813 de
1468 1780 1666 1816 contritione.

1295 1830 1350 1863 te.
1380 1829 1412 1864 Si
1444 1841 1499 1876 per
1521 1830 1716 1877 impossibile
1744 1829 1908 1865 confessus
1931 1841 1994 1865 non

1242 1887 1325 1913 esset
1353 1882 1531 1924 contritus,
1558 1889 1612 1915 aut
1638 1879 1786 1916 sacerdos
1815 1892 1876 1915 non
1899 1880 1996 1924 serio,

1243 1931 1298 1962 sed
1323 1929 1390 1963 ioco
1421 1929 1615 1974 absolveret,
1644 1931 1668 1964 si
1699 1938 1801 1964 tamen
1830 1930 1936 1965 credat
1961 1942 1995 1966 se

1242 1978 1435 2019 absolutum,
1459 1980 1621 2015 verissime
1644 1987 1690 2014 est
1706 1979 1879 2015 absolutus.

1295 2030 1350 2062 45.
1376 2028 1409 2063 lu
1433 2038 1629 2065 sacramento
1644 2029 1860 2064 poenitentiae
1887 2042 1922 2065 ac
1944 2040 1997 2064 re-

1244 2077 1393 2113 missione
1409 2079 1532 2127 culpae,
1553 2092 1616 2114 non
1645 2079 1716 2126 plus
1740 2079 1811 2114 facit
1834 2079 1917 2126 Papa
1943 2087 1996 2114 aut

1243 2128 1422 2176 episcopus,
1438 2141 1532 2176 quam
1557 2130 1684 2164 intimus
1699 2129 1862 2165 sacerdos:
1887 2131 1996 2171 immo,

1245 2178 1295 2211 ubi
1311 2190 1373 2213 non
1388 2187 1432 2214 est
1446 2179 1603 2219 sacerdos,
1619 2188 1848 2226 aequetantum
1863 2179 1997 2227 quilibet

1243 2227 1444 2268 christianus,
1457 2230 1549 2264 etiam
1569 2230 1594 2264 si
1617 2230 1731 2265 mulier
1743 2238 1886 2277 autpuer
1901 2237 1997 2264 esset.

1296 2282 1351 2313 214.
1381 2279 1495 2314 Nullus
1514 2279 1608 2314 debet
1623 2279 1777 2314 sacerdoti
1805 2278 1997 2327 respondere

1244 2339 1277 2362 se
1294 2341 1362 2363 esse
1381 2331 1563 2374 contritum,
1578 2343 1635 2365 nec
1657 2330 1804 2365 sacerdos
1824 2330 1995 2377 requirere.

1296 2380 1350 2414 «15.
1374 2379 1508 2426 Magnus
1535 2389 1583 2415 est
1611 2392 1697 2415 error
1725 2392 1855 2421 eorum,
1882 2379 1936 2427 qui
1959 2378 1996 2414 ad

1243 2438 1437 2464 sacramenta
1472 2429 1685 2464 Eucharistiae
1718 2430 1894 2471 accedunt,
1922 2429 1997 2465 huic

1245 2478 1356 2517 innixi,
1381 2479 1466 2526 quod
1488 2480 1550 2514 siut
1572 2479 1721 2524 confessi,
1741 2479 1825 2527 quod
1848 2492 1910 2514 non
1936 2479 1999 2513 sint

1244 2527 1301 2562 sibi
1322 2529 1439 2564 conscii
1455 2529 1588 2564 alicuius
1608 2530 1727 2576 peccati
1745 2529 1896 2571 mortalis,
1911 2527 1996 2576 quod

1279 2607 1318 2642 (Ι)
1330 2608 1491 2642 Sequentem
1503 2609 1644 2644 pericopen
1657 2609 1690 2636 ita
1699 2608 1770 2644 legit,
1782 2613 1809 2635 et
1820 2608 1938 2644 profecto
1949 2608 2000 2635 mi-

1245 2656 1294 2673 nus
1304 2653 1436 2681 accurate,
1457 2649 1544 2685 Rayn.
1556 2658 1561 2676 :
1575 2652 1617 2675 sed
1626 2658 1671 2676 nec
1684 2652 1772 2675 omnia
1784 2650 1923 2680 moi-tatia,
1935 2652 1999 2682 quia

1245 2691 1400 2721 impossibile
1416 2694 1452 2717 est
1465 2694 1492 2717 ut
1505 2693 1594 2717 omnia
1604 2692 1732 2718 mortalia
1742 2698 1880 2723 coynoscus
1892 2689 1930 2727 (tt.
1946 2689 1996 2728 T.).

2007 275 2055 302 An.
2074 275 2102 303 C.
2123 274 2189 305 ¹520

2249 484 2259 560 ›,<

2258 1214 2265 1231 .-
2224 736 2265 1205 ‹affisssv-meje
2245 592 2261 724 ssas-.-³2
2242 564 2257 574 .·

2257 1991 2272 2070 §⁴⁴⁷1ff
2257 1932 2271 1980 xz*
2258 1870 2271 1918 eran.
2251 1632 2271 1848 ==lzimauss
2249 1531 2269 1612 2:12⁴:st
2244 1480 2251 1489 Ι

2231 2392 2240 2405 ,

2250 2242 2275 2500 *ἴσὶ-ςαειιιῑδ-’.ιυ
2252 2127 2274 2230 maara-⁷
2254 2109 2272 2116 a
2257 2085 2267 2096 ·

2260 2846 2267 2851 .
2259 2803 2265 2814 -
2248 2580 2271 2782 hau-*⁴453-
2255 2557 2259 2562 -
2259 2534 2266 2540 .
