2281 3251
1659 296 1727 328 805

682 496 928 578 INDEX
967 492 1345 578 INITIALIS

612 1252 638 1285 A
1041 1251 1124 1286 Cum
1146 1251 1185 1286 ab
1206 1251 1386 1297 Apostoliea
1408 1250 1503 1291 Sede,
1529 1253 1608 1286 516.

1042 1300 1123 1335 Cum
1146 1300 1329 1335 detestabile
1357 1300 1473 1344 scelus,
1498 1303 1552 1335 16.

253 1348 444 1396 Accepimus
466 1347 558 1392 fisco,
581 1350 662 1381 417.
1042 1350 1123 1385 Cum
1151 1362 1189 1384 ex
1216 1350 1376 1390 relatione,
1400 1351 1482 1385 569.

253 1397 302 1432 Ad
324 1409 372 1442 ea,
396 1399 477 1433 581.
1043 1398 1123 1434 Cum
1148 1412 1186 1434 ex
1213 1411 1372 1435 sacrorum
1412 1399 1579 1443 ordinum,
1609 1401 1688 1433 165.

252 1446 302 1482 Ad
329 1447 556 1492 Ecclesiarum,
579 1447 636 1481 26.
1043 1448 1123 1484 Cum
1147 1449 1293 1484 homines
1314 1462 1347 1484 se
1370 1449 1516 1490 invicem,
1539 1450 1620 1483 415,

252 1496 302 1531 Ad
325 1497 397 1537 hoc,
428 1500 484 1531 74.
1043 1498 1123 1533 Cum
1152 1498 1340 1538 inchoatam,
1369 1501 1450 1533 555.

252 1545 447 1580 Admirabile
469 1553 712 1585 sacramentum,
741 1545 821 1579 567.
1043 1547 1124 1583 Cum
1149 1548 1178 1582 in
1206 1547 1366 1592 omnibus,
1397 1551 1475 1583 185.

253 1595 300 1630 Ad
324 1595 572 1633 reformandum,
600 1597 681 1629 5¹5.
1043 1596 1124 1632 Cum
1153 1609 1287 1637 servare,
1317 1599 1396 1632 152.

253 1644 302 1679 Ad
327 1644 518 1683 retinendas,
543 1646 623 1679 156.
1043 1646 1138 1688 Cum,
1160 1648 1241 1682 sicut
1268 1648 1461 1694 accepimus,
1486 1647 1514 1681 in
1536 1654 1651 1690 nostra,
1671 1648 1752 1680 457.

253 1693 302 1728 Ad
330 1693 463 1729 Romani
491 1693 668 1737 Pontificis,
698 1696 779 1728 524.
1045 1696 1139 1737 Cum,
1161 1697 1241 1731 sicut
1264 1697 1454 1743 accepimus,
1477 1696 1634 1739 nonnulli,
1657 1697 1739 1730 515.

254 1743 301 1777 Ad
325 1756 444 1778 sacram
468 1743 598 1778 Ordinis
625 1742 767 1783 fratrum,
792 1743 872 1777 568-
1044 1746 1138 1790 Cum,
1151 1747 1433 1792 sicutaccepimus,
1453 1758 1512 1780 non
1536 1746 1688 1788 obstante,
1703 1747 1784 1779 658.

255 1793 302 1827 Ad
327 1805 446 1829 sacram
472 1793 553 1828 Petri
581 1791 696 1827 Sedem
720 1792 822 1827 divina
858 1791 1003 1838 disposi—
1023 1811 1026 1860 ἱ
1044 1795 1137 1833 Cum„
1160 1796 1242 1831 sicut
1265 1795 1355 1830 nobis
1378 1808 1478 1843 nuper
1504 1795 1634 1842 exponi,
1658 1796 1738 1829 628.

308 1843 392 1878 lione
418 1842 593 1886 subiimati,
615 1844 672 1876 97-
1044 1845 1138 1886 Cum,
1161 1846 1243 1880 sicut
1267 1857 1327 1880 non
1351 1846 1419 1880 sine
1442 1844 1652 1892 displicentia,
1676 1846 1756 1878 529.

260 1891 307 1927 Ad
330 1904 448 1928 sacram
476 1892 559 1927 Petri
588 1891 703 1926 Sedem
732 1890 838 1925 divina
867 1890 1004 1937 disposi-
1045 1894 1126 1930 Cum
1154 1894 1263 1930 Sixtus
1289 1894 1342 1939 IV,
1367 1897 1448 1929 754,

309 1943 392 1977 lione
419 1942 529 1986 V00³¹ia
557 1942 637 1975 376·
1045 1948 1139 1989 Cum,
1157 1958 1217 1984 tam
1230 1949 1337 1984 divino
1352 1961 1444 1996 quam
1461 1948 1598 1983 humano
1615 1948 1692 1987 iure,
1708 1950 1790 1983 405.

259 1991 308 2025 Ad
332 1991 514 2026 universalis
535 1990 708 2034 Ecclesiae,
731 1992 787 2024 55.
1045 2002 1126 2038 Cum
1151 2003 1323 2050 vectigffia’
1347 2005 1403 2038 30-

259 2041 343 2081 Atto,
368 2044 448 2076 504.

259 2090 451 2126 Ambitiosae
477 2088 653 2136 cupiditati,
677 2090 755 2123 194.

258 2140 462 2187 Apostoiatus
483 2138 633 2179 officium,
655 2139 737 2173 465.

259 2189 459 2237 Apostolicae
486 2188 649 2226 Gamerae,
677 2189 715 2221 51
727 2189 758 2220 1.

259 2239 431 2287 Apostolici
454 2237 628 2285 regiminis,
656 2237 739 2271 601.
1407 2257 1435 2293 D

259 2289 422 2337 Apprime,
445 2290 526 2324 521.

1045 2056 1177 2092 Cunctis
1204 2057 1289 2092 orbis
1310 2057 1464 2100 ecclesiis,
1491 2058 1545 2090 15.

1045 2109 1255 2153 Cunctorum,
1280 2114 1362 2146 550.

1046 2163 1128 2200 Cura
1152 2165 1325 2213 pastoralis,
1353 2165 1435 2199 295.

1047 2353 1145 2389 Decet
1166 2353 1346 2388 Romanum
1377 2350 1586 2391 Pontificem,
1613 2362 1650 2385 ex
1673 2349 1793 2393 debito,

619 2386 646 2421 C
1099 2411 1180 2444 511.

261 2487 414 2524 Caelestis
434 2487 524 2523 aulae
558 2488 640 2522 232.
1048 2462 1155 2523 Dec-et⁴
1171 2462 1351 2497 Romanum
1385 2459 1581 2501 Pontificem,
1609 2471 1645 2493 ex
1682 2458 1793 2493 tradita

261 2538 392 2573 Cantate
414 2515 563 2580 Domin’o,
585 2539 641 2571 58.
1099 2517 1170 2561 ΕΜ)
1194 2518 1275 2551 761¹
1447 2569 1452 2574 ‚
1674 2566 1684 2577 ,
1729 2566 1733 2572 .
1773 2566 1777 2571 .

260 2586 509 2635 Circumspecta,
535 2588 615 2621 319.
1049 2571 1148 2607 Decet
1160 2571 1338 2607 Romanum
1362 2568 1559 2610 Pontificem,
1575 2567 1645 2602 Iesu
1660 2566 1791 2609 (musti,

261 2635 446 2682 Constituti,
472 2637 554 2671 650.
1101 2628 1181 2661 549.

261 2685 502 2722 Consueverunt
522 2684 657 2720 Romani
685 2681 866 2725 Pontifices,
889 2682 972 2716 491.
1049 2678 1146 2714 Decet
1172 2678 1349 2713 Romanum
1372 2675 1555 2712 Pontificem
1580 2675 1636 2713 sic,
1669 2676 1748 2709 198.
