2281 3251
209 215 258 242 An.
274 215 303 242 C.
327 216 391 243 ta7s
457 206 527 238 -56
989 215 1067 237 ammi
1071 215 1172 237 inum
1203 215 1334 236 noum
1339 215 1360 236 ‚u

1963 216 2012 242 An.
2031 217 2059 243 C.
2077 218 2143 243 11178

409 272 623 316 brenatonae,
638 280 669 306 ut
691 284 785 319 supra
805 270 964 310 soluenda,
979 283 1154 318 excompu-
1197 270 1234 304 de
1256 282 1365 304 eorum
1394 269 1619 304 emolumentis
1642 278 1672 303 et
1694 269 1823 309 oilictis,
1854 281 1943 317 prout
1972 278 2045 299 *tffim
2071 285 2143 301 eorum

222 527 342 554 [appeltam
356 528 394 548 ha-

211 560 273 579 beant
284 560 367 579 abbrev·

211 596 276 614 tare«.
293 593 325 610 ut=i
350 598 381 612 nn

212 623 264 646 gutia
281 624 334 642 din-h.
348 629 369 641 c·
366 630 396 643 ·-n

211 654 310 673 ‘eltnae
344 660 381 673 ιιι)

241 691 252 703 n
269 686 361 704 nudi-uk

227 1118 248 1139 tn
269 1120 396 1139 admissione

214 1151 236 1170 »d
247 1149 344 1173 officium,
356 1150 398 1170 enl-

213 1185 260 1200 unt
282 1181 358 1200 norati·
376 1184 396 1201 ut

409 322 586 365 tandorum,
611 321 841 356 abbreiiatores
859 320 898 355 de
915 320 1010 374 prima
1035 332 1152 374 praest·
1959 315 1992 329 “
1997 316 2041 335 '‘⁰''
2037 311 2063 330 '¹'
2060 312 2078 330 '·'
2093 316 2144 332 '¹¹²¹'

408 371 511 406 dentia
546 371 685 419 praefati,
719 383 774 426 pro
799 371 940 417 ipsorum
970 369 1098 403 minutis
1125 378 1153 404 et

409 420 621 468 expeditione,
651 420 824 467 percipient
847 419 1006 454 salarium.

457 475 472 514 g
502 472 556 505 tss.
581 470 619 505 Et
642 470 713 517 quia
737 471 804 504 sine
831 468 933 502 dixina
961 468 1056 514 gratia
1079 467 1153 502 nibil

410 520 542 555 feliciter
566 520 734 566 procedere
763 526 874 566 potest
896 517 933 551 ad
959 503 1062 551 illam
1056 529 1156 564 impc-

371 567 564 610 '‘traudam,
592 569 675 617 quod
710 580 819 603 omnes
854 567 1085 602 abbrexiatores
1117 566 1155 601 de

366 654 368 657 ,
413 631 543 654 numero
577 618 774 666 septuaginta
804 617 939 651 duorum
974 616 1154 650 huiusmodi

386 664 395 668 ⁴
411 669 543 704 babeant
559 680 653 703 unam
663 666 834 714 cappellam
845 674 875 701 et
890 666 983 701 altare
1003 666 1156 721 portatile,

410 730 505 765 super
526 730 588 765 quo
611 718 640 752 in
656 717 751 752 domo
771 716 1045 761 vicecancellarii,
1040 729 1069 750 tn
1089 715 1156 750 loco

409 768 446 803 ad
476 768 533 802 boc
556 779 696 814 congruo
715 775 743 801 et
763 766 908 806 honesto,
932 766 1059 800 missam
1088 777 1156 799 om—

411 817 505 852 nibus
534 815 645 852 dicbus
667 816 783 864 quibus
809 816 873 863 ipsa
901 815 1083 850 cancellaria
1116 825 1156 850 te·

410 866 549 910 nebitur,
568 879 639 901 cum
657 866 785 901 collecta
800 878 926 912 semper
942 878 996 913 pro
1013 865 1156 900 Romano

410 916 573 957 Pontifice,
589 928 667 963 quae
688 916 805 964 incipit:
831 917 924 959 Deus,
937 917 1073 950 omnium
1087 916 1156 959 fide-

410 967 486 1001 lium
510 974 616 1012 pastor
640 973 666 1000 et
690 973 798 1009 rector,
818 967 1070 1010 famulaminum
1086 965 1155 1000 Six-

411 1025 475 1051 tum
495 1024 566 1060 eea,
588 1015 737 1051 celebrari
760 1014 883 1050 faciant.

459 1065 480 1114 g
496 1068 549 1100 17.
565 1064 723 1113 Quodque
735 1063 1093 1111 abbreviatoril)us,‹pii,
1107 1076 1156 1100 ce-

412 1115 561 1150 dentibus
588 1114 634 1149 vel
668 1114 894 1150 decedentibus
927 1113 1088 1162 aliquibus
1122 1127 1157 1150 ex

415 1164 632 1212 infrascriptis,
647 1176 727 1212 quos
750 1165 779 1198 in
803 1163 1036 1199 abbreviatores
1060 1164 1160 1199 litera-

413 1227 480 1249 rum
506 1213 736 1262 praedictarum
761 1214 818 1248 liae
841 1214 905 1248 vice
922 1225 980 1247 una
1002 1226 1073 1248 cum
1095 1213 1159 1249 Ro-

412 1265 518 1300 dcrico
533 1263 785 1299 vicecancellario
802 1263 1159 1311 recipimus,etcollegio

414 1313 583 1361 praedicto,
597 1314 682 1348 iuxta
699 1313 840 1348 ordinem
860 1313 1081 1360 descriptionis
1103 1325 1158 1347 eo-

414 1376 499 1408 rum,
520 1375 600 1411 quae
624 1363 700 1398 insra
725 1363 788 1408 fiet,
803 1374 1022 1409 averegamus,
1037 1370 1065 1397 et
1093 1363 1160 1397 aliis

412 1425 522 1449 eorum
547 1413 611 1448 loca
644 1421 673 1447 et
706 1391 804 1448 officia
825 1414 900 1447 alias
922 1412 1159 1467 quomodolibet

412 1462 654 1506 dimittentibus,
678 1461 721 1497 illi
744 1463 795 1510 qui
810 1462 846 1496 ad
857 1462 1048 1509 collegium
1042 1475 1159 1509 ipsum,

412 1513 481 1548 loco
507 1512 688 1548 cedentium
712 1513 759 1546 vel
781 1511 1002 1547 decedentium
1026 1519 1078 1546 aut
1103 1512 1160 1546 di-

412 1558 601 1598 mittentium
629 1562 845 1602 admittentur,
867 1569 1002 1610 quatuor
1025 1561 1161 1597 ssorenos

411 1613 478 1648 auri
507 1612 546 1647 de
563 1612 693 1648 Camera
708 1624 764 1659 pro
797 1611 879 1646 dicta
912 1611 1076 1659 cappella,
1103 1624 1157 1647 seu

411 1661 606 1710 cappellano,
622 1670 782 1709 etpraeter
798 1661 879 1706 illos,
893 1674 948 1709 pro
962 1661 1112 1696 iocalibus
1131 1672 1160 1697 et

412 1725 521 1748 eorum
543 1712 721 1759 receptione
748 1711 785 1746 ad
814 1711 973 1746 officium
968 1724 1085 1758 ipsum,
1100 1711 1161 1746 du-

412 1770 497 1797 catos
518 1774 591 1802 sex,
610 1773 744 1809 quorum
767 1761 848 1795 duos
871 1761 1160 1806 xicecancellariuS,

411 1820 442 1847 et
470 1811 609 1859 reliquos
631 1810 910 1858 quatuorducatos
932 1810 1118 1845 distributor
1132 1821 1160 1845 et

413 1861 551 1908 deputati
576 1860 702 1908 praelati
726 1859 764 1895 ad
788 1861 936 1906 pecunias
957 1860 1160 1906 colligendas,

412 1911 555 1946 similiter
577 1909 708 1958 quilibet
731 1922 828 1944 unum
845 1910 986 1957 recipiat.
1010 1910 1047 1944 Et
1071 1911 1160 1944 simi-

415 1961 484 1996 liter
508 1973 562 2008 pro
576 1960 780 1996 concessione
799 1959 940 1994 eiusdem
950 1959 1160 2007 officii,quam

414 2023 429 2045 a
457 2010 549 2046 nobis
570 2010 616 2045 vel
639 2009 724 2046 Sede
746 2009 927 2057 Apostolica
949 2010 992 2044 vel
1017 2010 1163 2044 vicecan-

414 2064 552 2106 cellario,
583 2076 639 2112 pro
660 2063 769 2099 officiis
795 2075 874 2111 quae
896 2063 934 2098 ad
957 2064 1026 2098 eins
1054 2063 1163 2111 dispo-

415 2119 559 2154 sitionem
587 2118 783 2166 spectabant,
803 2117 1001 2161 obtinebunt,
1017 2118 1092 2152 dum
1111 2130 1163 2165 per

416 2173 544 2208 liberam
579 2173 823 2220 resignationem
858 2172 909 2207 illa
953 2172 1162 2207 obtinentium

418 2227 583 2271 vacabunt,
600 2227 797 2263 medietatem
812 2228 891 2268 eius,
904 2227 986 2275 quod
999 2240 1054 2275 pro
1069 2227 1162 2262 simili

418 2281 624 2317 concessione
651 2282 741 2317 officii
779 2283 962 2330 scriptoriae
996 2282 1163 2330 scriptores

419 2335 623 2383 persolvunt,
650 2335 794 2371 Romano
827 2336 972 2372 Pontifici
1001 2344 1053 2371 aut
1080 2335 1186 2370 x·ice-'

419 2389 615 2435 cancellario,
624 2402 638 2424 a
649 2402 711 2437 quo
718 2391 952 2426 concessionem
963 2392 1060 2438 ipsam
1073 2390 1164 2425 babe-

420 2444 509 2484 bunt,
529 2443 608 2479 idest
630 2444 766 2479 florenos
793 2445 914 2480 similes
936 2444 1164 2493 quinquaginta

419 2498 579 2533 dumtaxat
601 2498 722 2534 solvere
745 2508 772 2533 et
802 2512 862 2534 non
886 2499 965 2535 ultra
989 2507 1163 2534 teneantur

467 2551 488 2599 S
518 2554 572 2587 18.
595 2552 635 2587 Et
657 2560 717 2587 tam
742 2553 798 2597 illi,
820 2566 913 2601 quam
938 2553 1083 2601 primitus
1107 2553 1166 2587 ad-

421 2605 519 2651 missi,
529 2606 621 2641 etiam
643 2606 681 2642 de
694 2606 801 2642 eadem
818 2607 926 2642 maiori
944 2607 1166 2655 praesidentia,

1198 319 1366 366 scriptores
1395 319 1575 354 huiusmodi
1603 319 1642 354 de
1669 319 1735 354 suis
1757 319 1943 367 disponunt,

1197 369 1377 424 disponere,
1395 369 1507 416 illaque
1527 368 1685 415 resignare
1701 368 1799 403 libere
1814 378 1844 403 et
1859 369 1943 404 licite

1199 419 1335 473 possim:
1357 430 1476 465 nosque
1498 427 1527 453 et
1549 430 1748 453 successores
1775 419 1885 459 nostri
1907 431 1943 454 ac

1200 470 1266 515 ipse
1306 468 1483 502 Rodericus
1517 476 1546 502 et
1583 467 1857 503 vicecancellarius
1887 481 1943 516 pro

1199 527 1338 564 tempore
1355 518 1537 561 existentes,
1551 518 1778 563 resignationes
1803 518 1867 552 sive
1881 530 1945 553 ces-

1197 566 1494 602 sionesltuiusmodi
1511 567 1685 605 admittere
1695 566 1804 611 etillis,
1819 568 1850 601 in
1865 580 1944 614 quo—

1199 628 1267 651 rum
1297 616 1417 651 sax-ores
1437 616 1664 662 resignationes
1696 616 1760 651 sive
1781 617 1942 652 cessiones

1199 667 1282 713 ipsae
1307 665 1402 700 sactae
1430 665 1556 705 fuerint
1579 665 1617 700 de
1639 666 1818 701 huiusmodi
1835 665 1945 702 officiis

1201 715 1362 763 providere
1391 723 1564 750 teneamur.

1247 764 1267 812 S
1299 767 1350 799 ¹9.
1380 764 1418 799 Et
1436 765 1576 811 insuper,
1599 764 1683 811 quod
1703 777 1813 800 omnes
1836 773 1867 800 et
1885 766 1948 800 sin-

1198 816 1275 861 guli,
1307 823 1366 849 tam
1391 814 1618 861 praesidentiae
1653 826 1747 861 quam
1770 814 1809 849 de
1836 815 1945 850 maiori

1201 876 1293 912 parco
1307 873 1336 899 et
1353 863 1743 899 ordinariiabbreviatores
1752 863 1945 906 huiusmodi,

1199 914 1347 949 omnibus
1369 922 1398 949 et
1421 914 1554 961 singulis
1572 914 1865 954 constitutionibus,
1880 922 1946 950 sta·

1200 964 1285 1004 tutis,
1321 963 1585 1003 ordinationibus,
1613 963 1802 1010 privilegiis,
1824 965 1945 1011 gratiis,

1201 1013 1463 1057 immunitatibus,
1496 1013 1759 1059 exemptionibus,
1793 1014 1947 1049 libertati—

1201 1063 1271 1103 bus,
1294 1062 1577 1107 declarationibus,
1601 1063 1836 1109 praerogativis,
1859 1072 1948 1098 ante-

1202 1112 1381 1157 lationibus‚
1409 1112 1686 1153 concessionibus,
1728 1112 1885 1148 favoribus
1918 1122 1948 1148 et

1203 1161 1332 1197 indultis
1359 1162 1615 1210 quibuscumque
1637 1162 1805 1208 gaudeant,
1828 1163 1949 1210 potian-

1202 1221 1250 1246 tur
1271 1220 1300 1247 et
1324 1220 1449 1247 utantur
1482 1212 1689 1259 parisormiter
1706 1220 1736 1246 et
1754 1211 1873 1260 absque
1886 1212 1948 1247 ulla

1201 1261 1387 1307 differentia,
1401 1262 1492 1296 sicuti
1513 1261 1666 1296 dictarum
1688 1261 1847 1296 literarum
1870 1263 1950 1297 scri-

1203 1319 1308 1358 ptores
1336 1311 1476 1358 praesati,
1500 1312 1593 1346 etiam
1620 1311 1723 1358 quoad
1747 1311 1818 1356 hoc,
1839 1319 1875 1346 ut
1903 1311 1950 1346 fa-

1203 1361 1338 1395 miliares
1361 1362 1457 1396 nostri
1477 1369 1505 1395 et
1522 1373 1741 1396 successorum
1772 1369 1949 1396 nostrorum

1203 1410 1416 1445 Romanorum
1446 1411 1634 1446 Pontificum
1671 1420 1836 1458 perpetuo,
1862 1419 1892 1445 et
1920 1412 1950 1445 in

1202 1460 1566 1508 quibuscumqueliteris
1579 1461 1760 1507 apostolicis
1770 1462 1847 1497 tales
1857 1461 1950 1496 etiam

1204 1511 1341 1557 magistri
1370 1511 1571 1545 nominentur
1589 1519 1618 1545 et
1643 1523 1698 1558 pro
1721 1511 1833 1546 talibus
1856 1511 1952 1546 ubili-

1203 1560 1255 1595 bet
1278 1559 1461 1594 habeantur:
1485 1570 1515 1595 et
1537 1560 1643 1595 literae
1662 1561 1951 1608 apostolicae,gra-

1203 1610 1274 1644 tiam
1303 1618 1334 1644 et
1349 1610 1498 1644 iustitiam
1522 1618 1760 1651 concernentes,
1784 1623 1840 1659 pro
1867 1611 1952 1646 duo-

1203 1660 1303 1695 decim
1341 1659 1592 1707 praesidentibus
1624 1660 1662 1694 de
1696 1672 1789 1708 parco
1826 1660 1951 1699 maiori,

1205 1710 1287 1744 iuxta
1306 1721 1416 1744 eorum
1441 1709 1612 1756 privilegim
1636 1722 1691 1756 pro
1710 1710 1803 1746 dictis
1825 1722 1898 1745 vero
1913 1709 1952 1745 de

1205 1771 1284 1794 novo
1295 1759 1406 1794 creatis
1420 1759 1578 1805 sexaginta
1593 1759 1872 1800 abbreviaiortbus,
1888 1771 1952 1807 gra-

1206 1809 1244 1844 tis
1259 1810 1350 1844 etiam
1375 1809 1403 1842 in
1432 1808 1581 1843 omnibus
1599 1808 1721 1854 officiis,
1738 1822 1794 1856 pro
1811 1810 1952 1857 personis

1206 1859 1342 1905 ipsorum
1379 1858 1552 1897 dumtaxat,
1579 1859 1797 1906 expediantur,
1819 1859 1899 1895 sicut
1922 1869 1952 1894 et

1204 1921 1240 1943 eo
1269 1908 1361 1943 modo
1383 1920 1446 1956 quo
1468 1908 1681 1955 expediuntur
1703 1909 1808 1944 literae
1830 1921 1954 1944 eorum-

1205 1958 1277 1993 dem
1300 1958 1544 2004 scriptorum·,et
1562 1958 1768 1994 extendentes
1790 1971 1825 1995 ea
1848 1960 1953 1994 omnia

1205 2007 1242 2043 ad
1267 2007 1422 2055 praefatos
1455 2008 1651 2055 septuaginta
1678 2008 1759 2043 duos
1790 2008 1954 2044 abbrevia-

1205 2071 1300 2107 tores,
1314 2070 1345 2097 et
1365 2062 1560 2107 mandantes,
1574 2071 1603 2098 et
1618 2062 1677 2097 sub
1701 2063 1810 2110 poenis
1825 2071 1855 2098 et
1873 2075 1955 2099 cen—

1206 2117 1287 2152 suris
1302 2118 1330 2152 in
1355 2117 1413 2152 illis
1436 2118 1603 2162 contentis,
1625 2118 1715 2152 etiam
1740 2117 1842 2166 quoad
1865 2130 1956 2165 prae-

1206 2171 1306 2206 dictos
1327 2172 1524 2220 septuaginta
1540 2171 1620 2207 duos
1636 2172 1881 2217 abbreviatores,
1901 2172 1955 2207 fir-

1207 2226 1298 2261 miter
1320 2226 1477 2261 observari
1499 2227 1528 2261 in
1552 2226 1701 2261 omnibus
1718 2234 1747 2261 et
1770 2238 1824 2272 per
1837 2226 1955 2271 omnia,

1206 2292 1241 2314 ac
1259 2281 1283 2315 si
1307 2281 1356 2315 illa
1377 2280 1470 2316 dictis
1486 2281 1685 2328 septuaginta
1704 2280 1829 2316 duobus
1847 2281 1954 2317 abbre-

1208 2334 1378 2370 viatoribus
1403 2335 1443 2370 de
1467 2335 1560 2370 verbo
1578 2335 1615 2370 ad
1645 2334 1773 2370 verbum
1804 2347 1953 2371 concessa

1208 2387 1318 2424 forent.

1256 2443 1276 2491 5
1296 2445 1354 2479 20.
1377 2443 1598 2479 Concedentes
1625 2444 1755 2491 insuper
1778 2444 1901 2490 plenam
1924 2454 1955 2479 et
2004 2455 2024 2474 ι
2027 2455 2060 2473 ·-¹¹·
2058 2456 2119 2480 rum

1973 2489 2012 2537 *on*
2017 2491 2130 2543 1210‘125.
2132 2492 2154 2536 :c

1209 2498 1337 2533 liberam
1367 2497 1556 2538 facultatem,
1579 2509 1614 2532 ac
1634 2498 1672 2532 de
1696 2497 1849 2533 uberioris
1870 2498 1955 2534 dono
1974 2522 1984 2537 ο

1207 2553 1324 2599 gratiae
1346 2552 1728 2600 indulgemus,dictorum
1756 2553 1954 2600 septuaginta

1209 2607 1344 2642 duorum
1362 2608 1612 2643 abbreviatorum
1635 2607 1777 2654 collegio,
1795 2616 1908 2643 statuta
1923 2616 1955 2643 et

1974 777 1995 796 At
2006 777 2138 798 timi-ratore-

1939 816 1944 821 ·
1960 812 2048 831 indutiis
2076 813 2148 832 omni-

1967 850 1998 863 »ιε
2018 845 2146 870 scriptorum

1961 878 2030 901 -ἾἈΜ,
2062 875 2148 902 μετίω-

1961 909 2031 927 untur.
