2281 3251
281 274 332 303 An.
349 277 377 302 (ἶ.
397 277 462 303 tttfi9

311 833 427 855 Bianti-am.

289 1188 363 1209 l'tures
383 1187 452 1207 Pontii

277 1220 340 1240 mulla
357 1219 432 1240 bennun
442 1220 461 1239 ia

276 1254 378 1278 perpetuu
389 1251 461 1271 unive-

276 1286 331 1303 runt.

528 266 596 300 198

516 331 706 369 vacationem,
727 331 866 362 Gamerae
885 332 984 370 Apost.
1008 332 1069 361 iura
1094 340 1146 360 sua
1167 340 1222 361 non

517 376 749 415 praestabantur.
772 393 810 398 —
838 377 864 406 3.
889 375 938 405 llic
958 376 1022 405 ideo
1047 375 1127 405 l'ont.
1153 384 1221 414 pro-

516 420 591 450 videi
611 425 654 450 (nl
673 421 699 450 t'n
716 422 807 460 prima
837 426 915 460 parte
936 420 1029 454 rubia)
1063 437 1101 442 —
1121 421 1148 450 4.
1173 420 1223 454 (ΕΙ

514 470 593 504 pron!
611 466 638 494 in
657 467 807 501 secundaj'g
827 483 866 488 —
883 466 909 494 ὖ.
933 464 1014 494 lubet
1041 466 1126 494 etiam
1150 465 1222 494 solvi

515 515 650 539 annatam
665 510 700 539 de
713 510 894 549 quindennio
914 510 1115 548 praeterito‚et
1127 511 1221 540 caveri

516 563 566 593 pro
578 554 694 591 l'uturis;
711 555 785 584 -ϋ,
808 554 944 593 Alioquin
969 553 1094 583 uniones
1117 554 1221 584 irritat.

514 615 551 620 —
568 599 593 628 7.
606 598 761 628 tltausutae
777 598 876 636 derog.
889 598 1076 628 etdecretum
1093 598 1222 628 irritans.

549 665 644 694 l’aulus
662 665 803 701 episcopus
825 671 918 694 servus
936 667 1076 694 servorum
1091 665 1147 699 Dei,

607 715 641 744 ad
668 715 830 750 perpetuam
852 714 894 744 rei
920 715 1088 744 memoriam.

523 777 620 813 Decet
652 777 833 812 Romanum
869 777 1051 813 Pontificem
1083 778 1130 813 sic
1156 778 1222 813 suis

474 827 539 863 sore
566 827 673 874 gratiis
697 827 870 873 liberalem,
891 827 975 875 quod
1004 827 1032 862 in
1061 827 1221 863 Ecclesia-

475 890 556 917 rum,
598 877 857 913 monasteriorum
895 885 949 912 aut
982 877 1137 913 clericalis
1170 891 1222 913 or-

475 928 559 962 dinis
597 939 802 974 personarum
837 927 1048 962 saeculiarum
1084 928 1149 962 sive
1173 941 1222 963 re-

474 977 629 1023 gularium
670 976 773 1012 favore
807 988 977 1018 concessa,
1016 978 1045 1011 in
1069 976 1221 1013 Gamerae

474 1026 676 1075 Apostolicae
710 1026 755 1062 vel
789 1026 857 1062 aliis
890 1026 1119 1074 praeiudicium
1156 1040 1218 1063 uon

475 1076 664 1113 redundan

523 1131 539 1172 ἓ
564 1131 593 1162 l.
616 1126 699 1162 Sane
721 1126 855 1171 dudum,
873 1125 912 1162 ad
929 1126 1065 1162 humiles
1094 1127 1221 1162 univer-

475 1190 582 1213 sorum
607 1177 800 1223 poscentium
828 1176 1076 1224 supplicationes
1112 1185 1141 1212 ct
1183 1189 1220 1212 ex

474 1228 568 1264 certis
591 1226 830 1263 rationabilibus
844 1227 948 1262 causis
967 1234 1042 1262 tunc
1064 1228 1221 1274 expressis

476 1277 607 1322 inducti,
641 1285 701 1312 tam
726 1289 782 1312 nos
807 1289 900 1324 quam
923 1276 956 1312 S.
985 1276 1022 1311 P..
1048 1277 1082 1311 E.
1111 1276 1220 1312 Marti-

476 1341 534 1363 nus
556 1327 594 1372 V,
621 1327 782 1373 Eugenius
805 1326 858 1372 lv,
885 1326 1035 1362 Nicolaus
1059 1327 1152 1362 etiam
1181 1327 1219 1372 V,

473 1377 620 1412 Callistus
646 1376 687 1411 Ill
710 1385 740 1412 et
766 1376 843 1412 Pius
870 1376 897 1411 ll
925 1376 1106 1418 Pontifices,
1130 1389 1219 1424 prae-

472 1427 656 1462 decessores
679 1426 789 1467 nostri,
812 1426 998 1474 quamplura
1021 1426 1217 1462 diversorum

472 1476 627 1512 Ordinum
653 1477 852 1522 monasteria,
875 1479 1040 1524 prioratus,
1065 1478 1218 1524 praeposi-

473 1536 570 1571 turas,
588 1526 817 1574 praepositatus
845 1526 1080 1570 conventuales,
1095 1538 1216 1562 necnon

473 1577 641 1623 dignitates
663 1577 798 1612 maiores
821 1576 851 1611 in
877 1575 1110 1611 cathedralibus
1145 1589 1218 1611 me-

473 1626 680 1674 tropolitanis,
710 1634 741 1661 et
764 1625 952 1674 principales
984 1626 1012 1660 in
1045 1625 1218 1672 collegiatis

472 1675 634 1718 Ecclesiis,
656 1676 943 1711 administrationes
956 1688 1094 1724 quoque.
1116 1676 1216 1711 officia

471 1734 502 1760 et
537 1725 685 1761 beneficia
721 1726 943 1770 ecclesiastica,
965 1727 1057 1761 etiam
1080 1725 1218 1773 disposi-

473 1777 546 1810 tioni
589 1775 780 1823 apostolicae
826 1776 1015 1823 generaliter
1043 1784 1215 1821 reservata,

472 1826 628 1869 invicem,
670 1825 717 1860 vel
747 1825 816 1860 aliis
853 1825 1087 1861 cathedralibus
1122 1828 1214 1860 etiam

472 1875 722 1922 metropolitanis
757 1875 804 1909 vel
839 1876 1011 1921 collegiatis
1038 1876 1214 1920 Ecclesiis,

471 1936 643 1972 ‹ai-umque
666 1925 895 1972 capitularibus
910 1927 1027 1960 mensis
1046 1938 1081 1960 ac
1097 1938 1216 1960 mensa-

472 1974 764 2021 riis,dignitatibus‚
784 1974 937 2021 collegiis,
955 1976 1215 2010 universitatibus

469 2033 500 2058 et
514 2023 686 2064 beneflciis,
701 2033 731 2059 et
755 2025 938 2072 praesertim
962 2026 1215 2071 congregationis

469 2075 692 2109 canonicorum
738 2073 927 2121 regularium
971 2075 1004 2109 S.
1045 2075 1213 2122 Augustini

469 2123 652 2159 Lateranen.
677 2133 707 2159 et
729 2123 768 2159 de
789 2124 928 2172 Scopeto
955 2137 1010 2159 seu
1039 2124 1071 2160 S.
1105 2125 1213 2159 Salva—

470 2174 546 2209 toris
568 2182 834 2222 nuncupatorum,
857 2186 1061 2209 monacorum
1090 2174 1122 2209 S.
1151 2175 1214 2210 Ius·

470 2223 548 2258 tinae
563 2223 716 2268 Paduan.,
735 2224 851 2259 Montis
865 2223 992 2265 Oliveti,
1007 2224 1039 2259 S.
1050 2224 1212 2259 Benedicti

469 2272 667 2318 cistercien„
680 2273 778 2308 Vallis
794 2273 970 2309 Umbrosae
988 2284 1018 2309 et
1034 2274 1212 2309 Gartusien.

468 2322 654 2366 Ordinibus,
678 2323 998 2372 presbyterorumque
1023 2323 1057 2358 S.
1085 2323 1212 2371 Georgii

469 2374 497 2406 in
518 2372 596 2419 Aiga
623 2373 839 2418 Venetiarum,
857 2382 950 2421 atque
969 2373 1037 2408 aliis
1059 2383 1214 2409 monaste-

470 2423 534 2465 riis,
569 2423 728 2466 domibus,
763 2423 982 2471 hospitalibus,
1021 2423 1144 2459 fabricis
1183 2433 1212 2458 et

469 2472 528 2519 piis
565 2472 641 2507 locis
679 2473 842 2520 utriusque
876 2486 969 2509 sexus
996 2485 1212 2520 personarum,

467 2521 526 2557 sub
559 2521 690 2557 diversis
716 2523 817 2558 modis
838 2532 868 2558 ct
895 2523 1016 2568 formis,
1043 2523 1211 2571 apostolica

467 2571 648 2607 auctoritate
671 2573 853 2616 univimus,
883 2573 1155 2621 incorporavimus
1183 2582 1212 2608 ct

466 2621 666 2667 anneximus,
702 2622 928 2670 applicavimus
954 2631 1049 2671 atque
1082 2622 1212 2659 submi—

466 2683 576 2708 simus.

1051 277 1237 301 ncunmttm
1260 278 1421 302 ttomst‘sl

1314 334 1384 376 §2-
1419 332 1652 379 proptereaque
1685 331 1862 373 Ecclesiae,
1896 345 2011 368 mona—

1265 383 1370 421 steria,
1385 382 1552 428 prioratus,
1567 381 1812 429 praepositurae,
1830 382 2011 428 dignitates,

1265 431 1563 473 administrationes,
1587 431 1686 466 ossicia
1709 439 1738 467 et
1758 431 1910 468 beneficia
1927 433 2011 468 unita

1267 481 1445 517 huiusmodi
1459 493 1531 517 cum
1540 481 1676 529 amplius
1687 494 1884 529 nequaquam
1902 494 2010 517 vacare

1265 541 1450 577 sperentur;
1484 544 1619 579 cumque
1659 539 1823 579 propterea
1862 530 2012 568 Gamerae

1266 580 1466 628 Apostolicae
1495 594 1616 617 necnon
1637 581 1863 617 venerabilium
1881 581 2010 616 fratrum

1266 639 1443 666 nostrorum
1477 630 1511 666 S.
1534 630 1573 666 R.
1601 631 1638 665 E.
1665 631 1869 666 cardinalium
1908 631 2011 667 colle-

1264 680 1349 726 gium
1376 688 1407 715 et
1432 679 1524 716 Sedis
1554 681 1754 728 Apostolicae
1784 680 1934 716 officiales
1955 681 2011 717 de-

1265 730 1447 765 trimentum
1473 742 1534 765 non
1558 730 1714 765 modicum
1744 731 1911 778 patiantur.

1312 780 1332 827 g
1354 784 1386 815 5.
1413 779 1490 821 Nos,
1512 792 1646 828 quorum
1675 780 1803 815 interest
1824 779 2008 815 eorumdem

1264 828 1427 874 Gamerae,
1449 829 1573 876 collegii
1595 838 1627 864 et
1652 829 1826 865 officialium
1851 829 2011 865 indemni-

1265 880 1315 914 tati
1349 879 1540 927 prospicere,
1567 879 1718 923 volentes,
1741 879 2009 927 quemadmodum

1265 941 1320 975 par
1332 937 1391 974 est,
1404 939 1436 965 ut
1451 927 1595 974 unione‘s,
1609 929 1889 977 incorporationes,
1911 941 2012 964 anne-

1264 979 1383 1020 xiones,
1401 978 1628 1027 applicationes
1640 979 1910 1014 etsubmissiones
1927 991 2012 1026 prae-

1265 1029 1356 1074 t'atae,
1370 1030 1395 1064 si
1417 1028 1494 1064 alias
1516 1029 1574 1064 rite
1595 1038 1624 1064 et
1641 1028 1867 1064 rationabiliter
1884 1041 2012 1076 proces-

1263 1086 1382 1123 serunt,
1410 1079 1450 1114 ita
1480 1079 1511 1113 in
1541 1091 1597 1114 sua
1625 1078 1770 1114 lirinitate
1798 1087 2011 1126 permaneant,

1263 1128 1349 1175 quod
1370 1129 1524 1177 ipsorum,
1539 1128 1654 1176 quibus
1676 1141 1738 1164 una
1760 1140 1832 1164 cum
1851 1128 1918 1164 suis
1939 1140 2014 1164 one-

1264 1179 1351 1214 ribus
1368 1180 1453 1214 unita
1475 1179 1573 1219 suere,
1595 1178 1770 1214 commodis
1793 1178 2011 1214 deserviantet

1262 1228 1393 1264 aliorum
1403 1229 1469 1265 iura
1480 1237 1642 1276 propterea
1655 1241 1716 1263 uon
1725 1227 2011 1269 laedantur,aucto-

1263 1279 1352 1314 ritate
1367 1279 1552 1327 apostolica,
1569 1287 1674 1314 tenore
1692 1278 1903 1326 praesentium
1918 1285 2012 1313 statu—

1263 1329 1356 1375 imus,
1374 1329 1573 1373 ordinamus,
1590 1328 1791 1364 decernimus
1813 1336 1843 1363 et
1871 1327 2012 1363 declara-

1263 1391 1333 1414 mus
1347 1378 1432 1427 quod
1451 1379 1554 1415 omnia
1569 1387 1599 1414 et
1617 1378 1738 1424 singula
1757 1378 1958 1423 monasteria,
1972 1379 2013 1412 vi-

1261 1428 1374 1464 delicet
1401 1429 1451 1464 illa
1474 1440 1607 1476 quorum
1632 1428 1751 1464 fructus
1773 1437 1802 1463 et
1822 1428 1964 1462 redditus
1981 1437 2011 1463 et

1261 1487 1430 1526 proventus
1464 1479 1501 1514 ad
1542 1490 1697 1514 summam
1738 1486 1864 1513 eentum
1900 1478 2008 1512 ssoren.

1260 1529 1327 1563 auri
1366 1529 1405 1564 dc
1437 1528 1582 1573 Camera,
1609 1528 1783 1563 secundum
1807 1539 2008 1563 communem

1259 1579 1527 1623 aestimationem,
1545 1577 1719 1613 ascendunt
1739 1578 1914 1618 annuatim,
1935 1577 1960 1611 si
1979 1577 2008 1612 in

1261 1628 1346 1664 libris
1369 1628 1512 1664 eiusdem
1536 1627 1688 1663 Gamerae
1717 1628 1807 1662 taxati
1843 1627 2011 1675 reperiun-

1262 1687 1323 1724 tur,
1345 1679 1529 1715 communia
1556 1687 1588 1713 et
1615 1678 1735 1713 minuta
1762 1677 1888 1713 servitia
1917 1685 2010 1724 atque

1259 1728 1317 1764 alia
1353 1729 1421 1764 iura
1460 1728 1564 1764 dehita
1596 1736 1627 1763 et
1662 1736 1814 1764 consueta
1844 1735 1904 1762 tarn
1936 1727 2011 1772 ipsis

1259 1778 1409 1814 Gamerae
1443 1787 1473 1814 et
1514 1778 1646 1825 collegio
1689 1790 1782 1825 quam
1825 1777 2011 1813 officialibus

1261 1829 1417 1874 praefatis.

1306 1882 1321 1921 ξ
1344 1882 1376 1913 4.
1402 1878 1534 1926 Reliqua
1557 1889 1631 1913 vero
1655 1877 1856 1920 monasteria,
1881 1877 2007 1923 priora-

1260 1937 1321 1973 tus,
1357 1929 1601 1976 praepositurae,
1631 1927 1874 1975 praepositatuS,
1902 1926 2008 1972 digni-

1259 1986 1348 2019 tateS‚
1371 1986 1570 2025 personatus,
1583 1977 1888 2020 administrationes,
1907 1976 2008 2011 officia

1257 2036 1287 2061 et
1322 2028 1488 2067 beneficia,
1529 2036 1561 2062 ut
1598 2027 1790 2075 praefertur,
1813 2027 1914 2071 unita,
1952 2039 2008 2073 pro

1257 2077 1374 2124 quibus
1401 2078 1552 2113 Gamerae
1575 2077 1779 2125 Apostolicae
1811 2086 1922 2112 armata
1951 2088 2006 2111 seu

1256 2127 1315 2162 alia
1336 2128 1401 2163 iura
1430 2127 1507 2163 solvi
1529 2135 1757 2162 consueverant
1781 2126 1828 2161 vel
1851 2125 2007 2161 dehebant

1257 2182 1451 2229 temporibus
1473 2182 1637 2217 retroactis
1652 2189 1681 2217 et
1703 2180 1742 2216 de
1768 2180 1921 2216 solvendo
1938 2179 2007 2214 siu-

1255 2236 1337 2282 gulis
1352 2237 1446 2272 certis
1463 2236 1657 2284 temporibus
1672 2235 1786 2271 suturis
1809 2234 1960 2282 obligatio
1976 2234 2006 2268 in

1256 2290 1366 2326 eadem
1394 2290 1525 2327 Camera
1553 2303 1607 2338 per
1630 2289 1893 2326 inadvertentiam
1929 2288 2007 2324 sacta

1257 2357 1319 2380 non
1352 2345 1429 2391 suit,
1460 2353 1606 2381 annatam
1636 2345 1700 2380 sive
1734 2343 1858 2380 medios
1887 2342 2008 2378 fructus

1257 2400 1352 2436 unius
1379 2402 1453 2436 anni
1481 2400 1511 2435 in
1531 2408 1706 2448 posterum,
1729 2398 1863 2446 singulis
1877 2397 2007 2446 quinde-

1255 2455 1316 2489 cim
1331 2455 1422 2490 annis
1437 2462 1590 2503 perpetuo
1609 2453 1806 2501 sequuturis,
1832 2451 1934 2488 eidem
1951 2463 2006 2487 ca-

1256 2510 1389 2546 merario
1411 2509 1532 2545 solvere
1558 2516 1726 2543 teneantur
1751 2516 1782 2544 et
1810 2506 1954 2557 debeant.

1303 2563 1324 2610 g
1345 2565 1377 2599 5.
1400 2563 1441 2598 Et
1461 2562 1547 2611 quod
1565 2562 1603 2598 de
1627 2562 1776 2598 omnibus
1795 2560 2004 2606 monasteriis,

1255 2618 1456 2666 prioratibus,
1479 2617 1755 2667 praepositatibus‚
1787 2615 2004 2664 dignitatibus,

2028 279 2078 305 Au.
2095 279 2123 304 Γ..
2145 278 2209 306 tima
2259 304 2263 309 ,

2040 339 2106 363 rude,
2127 341 2152 361 oh
2168 346 2209 362 non

2026 372 2164 395 vacationem.
2174 371 2210 392 Ca-
2223 381 2228 390 ι

2026 407 2096 423 mene
2113 403 2209 429 Apostol-

2026 439 2070 453 nna
2099 439 2136 453 sna
2168 439 2209 454 nnn

2027 465 2194 490 prae-labantur.

2039 787 2075 808 llic
2092 789 2139 809 ideo
2153 787 2211 809 Pun-

2025 819 2056 840 tit.
2069 821 2165 846 prandet
2180 824 2209 842 int
2245 823 2249 843 ἑ

2025 851 2045 871 in
2069 851 2134 876 primii
2149 854 2210 878 part·

2025 882 2098 908 rubr.,.

2034 1885 2066 1912 (ttt
2077 1887 2163 1912 proutiu
2173 1891 2205 1906 ne-

2023 1920 2107 1945 enudas.

2025 2575 2083 2596 lubet
2091 2576 2154 2596 ettam
2161 2573 2204 2595 ιοΙ-

2019 2604 2038 2623 vi
2061 2605 2158 2623 nauatam
2175 2601 2202 2622 de

2019 2629 2119 2656 quinden.
2137 2633 2202 2655 pru-

1979 2670 1985 2674 .
2019 2657 2090 2678 terito.
2098 2658 2119 2675 et
2130 2655 2201 2676 eaverl

1254 2673 1492 2721 personatibus,
1520 2671 1867 2717 administrationibus,
1894 2669 2004 2706 officiis

2018 2688 2055 2710 pro
2071 2683 2156 2707 [υιιιι-Ιες
