2281 3251
102 271 152 297 An.
171 271 199 296 C.
220 270 285 297 tti97

115 914 225 936 etausutae
246 915 286 936 bu·

103 947 136 966 ius
161 947 287 967 concensu>-

102 983 135 997 nis
169 982 286 1003 praeserva-

102 1008 165 1028 tine.

116 1501 164 1522 Clau
168 1502 226 1523 sulse
247 1503 285 1524 de-

103 1534 229 1559 rogatorias.

907 272 1098 293 ALExANnrJt
1122 271 1152 292 t't
1176 271 1223 292 ΙΨ.

303 324 443 367 lestetur7
467 323 629 368 providere
651 324 826 371 cupientes,
856 334 941 361 motu
976 339 1049 372 pro-

303 374 381 419 prie,
406 384 467 407 non
490 372 527 406 ad
552 372 684 407 alicuius
700 374 791 408 nobis
807 387 902 420 super
919 376 979 410 ltoc
993 375 1049 408 oli-

302 422 380 456 latae
407 420 569 467 petitionis
597 422 788 467 instantiam,
803 425 860 458 sed
888 425 926 458 de
945 432 1048 459 nostra

301 482 384 504 mera
407 469 632 504 deliberatione
652 483 687 505 ac
715 481 796 507 certa
819 473 962 517 scientia,
991 485 1049 507 au-

300 518 441 553 ctoritate
468 518 636 565 apostolica
654 548 661 559 ,
699 528 805 555 tenore
838 523 1048 567 praesentiunt

300 568 478 612 statuimus,
494 567 695 602 decernimus
708 578 736 603 et
754 571 937 605 oidinamus
965 571 1053 617 quol

302 617 473 663 deinceps,
503 618 664 663 perpetuis
699 618 811 653 suturis
839 621 1049 665 temporibus

301 664 441 700 officium
465 666 611 700 sacristae
640 667 834 713 piaedietum
862 669 952 703 alicui
976 669 1049 703 dieti

301 714 432 749 Ordinis
459 715 659 751 eremitarum
690 716 881 762 proft³·,ssoii
910 719 1050 764 quamtis

302 763 391 798 aliter
411 764 570 818 ‘pt-aelatus
597 765 832 800 ecclesiasticus
849 779 909 801 non
927 775 1049 810 existit

302 813 467 856 committi,
490 814 619 849 concedi
644 822 674 849 et
700 815 850 861 assignari
879 815 1001 850 delirat.

350 861 370 909 S
393 861 676 899 3.Dece111entos
700 876 934 919 quamcumque
962 877 1050 899 eom-

303 911 498 954 missionem,
511 914 747 947 concessiontm
763 914 1048 959 etassignationeni

302 959 340 995 de
355 960 440 994 dicto
462 960 566 996 officio
589 963 678 996 aliter
693 962 880 1006 siciendam,
904 971 933 997 (ι
950 964 1051 997 literas

303 1009 440 1056 desuper
451 1022 505 1056 pro
521 1019 661 1058 tempore
677 1011 948 1055 coiife‹·tas,etiani
965 1024 1050 1058 quas·

302 1070 438 1105 cumque
473 1058 740 1106 derogatoriarum
770 1060 981 1106 derogatorias
1016 1073 1050 1095 at·

301 1107 376 1142 alias
404 1117 433 1142 ct
456 1107 598 1143 fortiores
624 1117 655 1143 et
681 1108 872 1144 efficaciores
895 1109 1051 1144 clausulas

303 1157 333 1191 in
349 1169 383 1191 se
397 1157 607 1201 continentes,
630 1158 751 1193 etiamsi
772 1159 801 1191 in
819 1158 879 1192 illis
902 1158 940 1192 de
960 1171 1050 1205 prae—

302 1205 445 1241 sentibus
468 1205 507 1240 de
529 1207 623 1242 verbo
646 1207 683 1242 ad
708 1207 850 1251 verbum,
878 1216 907 1241 et
930 1220 1001 1241 cum
1019 1208 1051 1241 il-

303 1255 401 1289 larum
425 1254 511 1289 totali
534 1255 706 1290 insertione
729 1256 847 1290 mentio
871 1256 1050 1301 haberetur,

302 1313 330 1337 et
355 1303 416 1338 illis
438 1316 586 1350 expresse
599 1305 814 1351 derogaretur,
832 1312 862 1339 et
878 1317 1051 1351 quaecum—

302 1365 364 1400 que
386 1365 442 1400 pro
459 1361 599 1400 tempore
614 1354 686 1388 iude
708 1363 828 1395 secuta,
848 1354 944 1394 nulla,
968 1355 1049 1390 irrita

303 1410 334 1437 et
353 1402 467 1443 inania,
485 1403 667 1450 nulliusque
691 1403 755 1437 fore
778 1403 899 1438 roboris
916 1404 962 1438 vel
985 1417 1047 1439 mo

303 1461 411 1487 menti.

350 1501 371 1549 g
391 1503 424 1535 lt.
448 1501 518 1536 Non
541 1501 738 1537 obstantibus
761 1502 940 1548 praemissis
963 1510 1016 1536 etc.

349 1550 435 1585 Nulli
459 1562 534 1597 ergo
555 1558 607 1585 etc.

349 1599 464 1634 Datum
488 1600 608 1635 Romae
629 1600 713 1647 apud
736 1599 888 1635 Sanctum
908 1600 1050 1645 Petrum,

300 1662 383 1684 anno
417 1649 644 1684 lucarnationis
672 1649 850 1684 dominicae
883 1650 1051 1684 millesimo

301 1699 610 1746 quadringentesimo
650 1698 855 1745 nonagesimo
894 1699 1051 1746 septimo,

301 1748 405 1782 idibus
432 1747 587 1788 octobrIS,
617 1748 816 1795 pontificatus
844 1749 940 1783 nostri
969 1761 1051 1784 anno

300 1806 402 1832 sexto.

338 1859 399 1889 Dat.
415 1858 462 1890 die
479 1859 516 1890 15
531 1858 659 1889 octobris
680 1859 766 1896 1497,
785 1863 863 1899 pont.
880 1869 955 1889 anno
974 1868 1011 1890 vi.

645 2043 698 2078 IX.

303 2124 417 2158 Contra
448 2136 511 2157 non
544 2125 690 2158 solventes
717 2136 842 2163 census,
872 2137 1000 2158 canones
1026 2132 1052 2158 et

348 2174 414 2207 alia
440 2174 511 2207 iura
532 2175 577 2207 vel
597 2174 717 2217 reqalt'a
740 2174 932 2208 Reverendae
951 2175 1053 2208 Came-

349 2234 403 2257 rae
425 2223 627 2267 Apostolt'cae.

566 2302 779 2333 SUMMARIUM

301 2369 393 2399 Causa
417 2369 647 2399 constitutionis.
675 2386 714 2391 —
732 2370 758 2399 1.
780 2368 876 2399 Monet
902 2369 1050 2400 debitores

339 2413 478 2444 Gamerae
504 2414 692 2452 Apostolicae
723 2418 754 2443 ut
785 2423 923 2450 canones,
946 2423 1052 2443 census

340 2462 390 2488 etc.
407 2458 521 2488 solvant
535 2458 591 2488 snb
610 2458 713 2497 poenis
732 2458 761 2487 in
779 2458 878 2488 Const.
897 2458 1051 2496 expressis

339 2519 378 2524 —
402 2502 430 2532 2.
452 2501 610 2532 Committit
629 2502 791 2532 camerario
811 2507 837 2531 et
861 2502 1053 2540 praesidenti-

341 2547 396 2577 bus
418 2547 557 2577 Gamerae
584 2547 685 2586 Apost.
708 2552 740 2577 ut
762 2557 818 2577 non
848 2547 995 2577 solventes
1024 2548 1053 2578 in

343 2592 466 2621 termino
492 2592 641 2622 declarent
667 2592 807 2622 incidisse
833 2592 862 2621 in
889 2601 998 2631 poenas
1023 2592 1053 2622 in

342 2635 436 2666 Const.
453 2640 614 2666 contentas.
636 2653 675 2658 ——
697 2636 724 2666 3.
747 2636 892 2675 Praecipit
913 2645 972 2665 non
997 2636 1052 2666 ad-

382 2684 454 2713 Ball.
476 2684 551 2713 Rom.
580 2684 633 2713 t'ot.
657 2684 685 2713 V.
862 2684 892 2713 ΞΤ

1725 260 1793 292 569

1134 325 1247 354 mittere
1260 323 1526 362 eornpensationes.
1536 339 1574 344 —
1583 323 1610 352 4.
1624 321 1757 352 Formam
1772 323 1843 362 puli-

1133 369 1277 398 litzationis
1300 368 1428 405 apponit.
1451 383 1488 388 —
1504 367 1531 396 5.
1553 366 1711 396 Clausutae
1724 367 1843 405 deroga—

1133 413 1233 441 toriae.
1254 428 1291 433 -
1315 411 1487 441 Publicatio.

1091 491 1239 519 Alexander
1257 491 1399 526 episcopus
1427 497 1522 519 servus
1549 496 1691 519 servorum
1724 489 1782 521 Dei.
1804 491 1845 518 ‹tt-

1136 539 1218 568 tectis
1252 539 1317 568 filiis
1336 540 1472 568 universis
1492 539 1603 568 vicariis
1618 559 1625 571 .
1656 538 1845 572 feudatariis,

1137 589 1377 625 gubernatoribus,
1390 589 1550 621 censuariis,
1571 588 1717 621 actuariis.
1734 589 1846 624 emphy-

1135 638 1223 667 teutis
1239 638 1296 666 sive
1316 638 1590 667 administratoribus
1615 637 1772 670 civitatum,
1787 639 1845 666 ten

1137 694 1240 719 rarum.
1273 688 1428 715 castrorum
1447 688 1475 715 et
1489 687 1618 715 bonorum
1635 686 1660 713 S.
1681 687 1710 714 tt.
1730 686 1758 714 E.
1778 693 1846 722 qua-

1138 742 1250 770 cumque
1284 735 1425 770 dignitate
1445 735 1633 770 fungentibus,
1665 735 1786 764 salutem
1816 736 1846 763 et

1138 785 1318 820 apostoticam
1338 784 1560 813 benedictionem.

1143 859 1224 894 Cum
1248 872 1283 893 ex
1316 858 1464 893 relatione
1487 859 1590 893 dilecti
1627 859 1679 893 filii
1712 859 1842 894 Mariani

1094 909 1132 943 de
1155 909 1288 953 Civinis⁷
1317 908 1380 942 sisci
1406 910 1502 942 nostri
1527 918 1556 943 et
1583 908 1736 943 Gamerae
1754 909 1844 956 Apo-

1094 959 1221 992 stolicae
1237 958 1456 1004 procuratoriS,
1474 958 1723 993 intellexerimus
1737 971 1844 1005 quain-

1095 1008 1201 1053 plures
1223 1020 1259 1041 ex
1288 1007 1375 1041 vobis
1399 1007 1428 1040 in
1452 1007 1606 1042 solutione
1636 1008 1764 1048 iurium,
1789 1020 1846 1042 re-

1094 1057 1210 1101 galium
1230 1084 1237 1095 ,
1260 1068 1412 1090 censuum
1427 1083 1436 1100 ,
1461 1056 1644 1100 feudorum,
1667 1069 1823 1091 canonum
1838 1083 1845 1097 ,

1094 1105 1406 1152 empliiteuticorum,
1425 1105 1588 1139 tallearum
1609 1114 1845 1152 perpetuarum-

1094 1167 1153 1200 que
1176 1154 1420 1199 responsionum
1446 1166 1499 1199 per
1522 1166 1577 1188 vos
1598 1154 1717 1189 eisdem
1738 1155 1845 1190 Eccle-

1093 1204 1157 1237 siae
1172 1211 1202 1237 et
1217 1204 1368 1237 Gamerae
1388 1202 1580 1247 debitorum,
1602 1203 1844 1259 quampluribus

1094 1252 1195 1292 annis,
1218 1260 1324 1287 contra
1348 1252 1521 1286 iuramenta
1544 1264 1598 1299 per
1625 1265 1680 1287 vos
1701 1253 1731 1286 iu
1756 1253 1844 1287 inve-

1093 1302 1214 1336 stituris
1238 1302 1348 1336 restris
1370 1302 1528 1356 praestita,
1551 1313 1586 1336 ac
1609 1301 1725 1336 formas
1743 1311 1774 1337 et
1797 1310 1845 1337 te-

1095 1363 1187 1385 nores
1214 1351 1352 1405 ipsarum
1381 1351 1635 1385 investiturarum
1661 1359 1691 1386 et
1713 1363 1845 1386 conces-

1093 1401 1240 1441 sionum,
1265 1400 1403 1447 iurisque
1426 1400 1690 1447 dispositionem,
1721 1401 1845 1447 specia-

1094 1449 1202 1496 lesque
1225 1427 1415 1484 monitiones
1441 1462 1495 1495 per
1510 1449 1585 1484 alias
1600 1449 1706 1484 literas
1722 1458 1844 1484 nostras

1096 1511 1149 1544 per
1173 1511 1229 1533 nos
1252 1499 1339 1532 vobis
1373 1499 1469 1533 factas
1502 1499 1532 1532 in
1556 1499 1699 1533 terminis
1720 1499 1844 1533 statutis

1094 1556 1123 1582 et
1145 1548 1306 1582 consuetis
1329 1559 1468 1582 cessasse
1490 1556 1520 1582 et
1542 1560 1677 1593 cessare,
1699 1547 1729 1582 in
1751 1560 1844 1594 grave

1094 1597 1197 1632 dietae
1234 1597 1387 1631 Gamerae
1423 1597 1652 1644 praeiudicium
1684 1604 1715 1631 et
1749 1598 1845 1632 detri-

1095 1656 1249 1690 mentum,
1272 1646 1332 1681 sub
1361 1654 1523 1692 praetextu
1549 1647 1640 1681 ctiam
1663 1645 1843 1693 aliquando,

1094 1696 1177 1742 quod
1211 1695 1354 1729 nonnulli
1390 1708 1424 1730 cx
1461 1695 1549 1730 vobis
1584 1695 1789 1742 praetendunt
1811 1709 1845 1730 se

1094 1745 1265 1779 creditores
1288 1745 1388 1779 dictae
1410 1745 1573 1784 Gamerae,
1600 1753 1630 1778 et
1655 1756 1845 1790 compensa-

1095 1795 1291 1835 tiones‚licet
1313 1802 1419 1828 contra
1435 1793 1511 1828 iuris
1533 1794 1787 1841 dispositionem,
1807 1793 1844 1828 fa-

1094 1856 1163 1878 cere
1187 1852 1339 1878 nituntur.

1142 1893 1162 1939 S
1187 1896 1216 1927 t.
1239 1892 1316 1933 Nos,
1339 1892 1392 1939 qni
1417 1892 1515 1927 aliena
1540 1893 1606 1927 iura
1623 1900 1765 1933 tuemur,
1789 1905 1846 1927 no-

1095 1942 1194 1976 lentes
1221 1942 1286 1976 iura
1317 1942 1417 1976 (lictae
1450 1942 1608 1977 Ecclesiae
1637 1950 1667 1976 et
1694 1941 1845 1977 Camerae

1094 1991 1274 2037 negligere,
1298 2003 1491 2037 omnemque
1518 1991 1755 2037 disceptationis
1780 2003 1845 2024 ma-

1095 2043 1202 2075 teriam
1227 2040 1414 2075 submorerc
1438 2040 1646 2081 intendentes,
1671 2047 1703 2074 ut
1731 2041 1759 2073 in
1784 2048 1845 2074 ter-

1096 2091 1187 2124 minis
1225 2090 1417 2124 solutionum
1454 2090 1631 2124 debitorum
1662 2089 1843 2123 huiusmodi

1096 2139 1199 2173 nullus
1223 2148 1358 2173 vestrum
1384 2138 1565 2172 dilationem
1588 2147 1640 2172 aut
1663 2150 1844 2185 compensa-

1096 2189 1209 2222 tionem
1234 2189 1281 2223 vel
1301 2201 1395 2222 e—xcu
1401 2190 1537 2222 ationtm
1562 2188 1696 2234 allegare
1720 2199 1845 2233 praesu-

1045 2253 1047 2256 ·
1095 2245 1168 2278 m:,tt
1192 2251 1245 2271 vos
1266 2237 1651 2284 ettquamlibetvestium
1668 2237 1846 2289 cuiuscum-

1095 2299 1155 2333 que
1189 2287 1368 2332 dignitatis,
1403 2296 1522 2330 status,
1543 2288 1660 2332 gradus
1687 2294 1717 2320 et
1745 2297 1844 2333 praee-

1096 2337 1399 2379 minentiaeexistat.,
1416 2344 1524 2369 tenore
1544 2335 1768 2381 praesentium,
1786 2335 1845 2369 sub

1095 2386 1429 2420 excommnnication's
1447 2397 1482 2419 ac
1501 2386 1604 2418 omnis
1624 2386 1700 2419 iuris
1717 2385 1845 2418 vicaria-

1096 2442 1157 2475 tus,
1184 2435 1326 2480 guber-nii
1351 2443 1380 2467 vt
1404 2433 1568 2467 feudorum
1597 2434 1662 2468 sive
1689 2445 1843 2467 censuum

1095 2491 1125 2516 tt
1147 2484 1285 2530 empliit«
1291 2484 1446 2516 utieorum
1471 2482 1625 2517 bonorum
1649 2482 1844 2525 huiusmodi,

1095 2545 1110 2566 a
1127 2533 1175 2567 di<
1171 2542 1206 2567 ta
1232 2533 1272 2566 ὃ(
1269 2533 1314 2566 tle
1337 2532 1400 2565 sire
1416 2531 1548 2567 Camera
1565 2532 1744 2586 Apostolica
1761 2543 1844 2578 quo-

1097 2582 1268 2616 modoliliet
1290 2593 1535 2624 concessor,um
1564 2581 1742 2628 privationis
1767 2592 1844 2627 poe-

1098 2632 1157 2675 nis,
1180 2644 1258 2677 quas
1280 2643 1316 2664 ex
1342 2641 1425 2663 nunc
1455 2638 1545 2677 prout
1575 2642 1610 2664 ex
1635 2638 1730 2669 tunc,
1755 2637 1842 2663 etex

1859 270 1907 296 An.
1927 270 1954 297 C.
1974 272 2041 297 1207

1873 870 1938 890 Canza
1962 871 2045 891 consti-

1861 901 1957 920 tutionis.

1876 1907 1945 1928 Monet
1962 1909 2047 1928 debito-

1862 1944 1896 1959 res
1915 1938 1970 1959 Cam.
1988 1938 2046 1965 Apo-

1862 1970 1949 1990 stolicae
1966 1972 1986 1989 ut
2008 1975 2046 1990 eo-

1861 2006 1935 2021 noucs,
1949 2006 1996 2020 cen.
2007 2002 2044 2019 et:

1862 2031 1943 2052 solvant
1953 2030 1990 2051 sub
2000 2036 2039 2056 pir-

1861 2063 1893 2082 nis
1910 2062 1942 2081 liic
1955 2066 2044 2087 expres-

1861 2095 1896 2114 sis,
