<?xml version="1.0" encoding="UTF-8"?>
<!DOCTYPE html PUBLIC "-//W3C//DTD XHTML 1.0 Transitional//EN"
    "http://www.w3.org/TR/xhtml1/DTD/xhtml1-transitional.dtd">
<html xmlns="http://www.w3.org/1999/xhtml" xml:lang="en" lang="en">
 <head>
  <title>
</title>
<meta http-equiv="Content-Type" content="text/html;charset=utf-8" />
  <meta name='ocr-system' content='tesseract 3.04.00' />
  <meta name='ocr-capabilities' content='ocr_page ocr_carea ocr_par ocr_line ocrx_word'/>
</head>
<body>
  <div class='ocr_page' id='page_1' title='image "./bullarumdiplomat05cath_0147.png"; bbox 0 0 2281 3251; ppageno 0'>
   <div class='ocr_carea' id='block_1_1' title="bbox 91 296 270 325">
    <p class='ocr_par' dir='ltr' id='par_1_1' title="bbox 91 296 270 325">
     <span class='ocr_line' id='line_1_1' title="bbox 91 296 270 325; baseline -0.017 0"><span class='ocrx_word' id='word_1_1' title='bbox 91 301 138 325; x_wconf 76' lang='lat' dir='ltr'>An.</span> <span class='ocrx_word' id='word_1_2' title='bbox 157 300 183 323; x_wconf 68' lang='lat' dir='ltr'>tl.</span> <span class='ocrx_word' id='word_1_3' title='bbox 208 296 270 323; x_wconf 59' lang='lat' dir='ltr'>tatto</span> 
     </span>
    </p>
   </div>
   <div class='ocr_carea' id='block_1_2' title="bbox 96 1149 278 1233">
    <p class='ocr_par' dir='ltr' id='par_1_2' title="bbox 96 1149 278 1233">
     <span class='ocr_line' id='line_1_2' title="bbox 113 1149 278 1171; baseline -0.012 0"><span class='ocrx_word' id='word_1_4' title='bbox 113 1150 204 1171; x_wconf 72' lang='lat' dir='ltr'>Obedtre</span> <span class='ocrx_word' id='word_1_5' title='bbox 240 1149 278 1169; x_wconf 70' lang='lat' dir='ltr'>ile-</span> 
     </span>
     <span class='ocr_line' id='line_1_3' title="bbox 96 1181 278 1207; baseline -0.011 -5"><span class='ocrx_word' id='word_1_6' title='bbox 96 1182 160 1202; x_wconf 70' lang='lat' dir='ltr'>erotis</span> <span class='ocrx_word' id='word_1_7' title='bbox 192 1181 278 1207; x_wconf 77' lang='lat' dir='ltr'>pontiti·-</span> 
     </span>
     <span class='ocr_line' id='line_1_4' title="bbox 96 1214 276 1233; baseline -0.017 0"><span class='ocrx_word' id='word_1_8' title='bbox 96 1214 135 1233; x_wconf 70' lang='lat' dir='ltr'>cns</span> <span class='ocrx_word' id='word_1_9' title='bbox 158 1215 276 1232; x_wconf 63' lang='lat' dir='ltr'>teneantur⁴</span> 
     </span>
    </p>
   </div>
   <div class='ocr_carea' id='block_1_3' title="bbox 0 539 54 3129">
    <p class='ocr_par' dir='ltr' id='par_1_3' title="bbox 0 539 54 3129">
     <span class='ocr_line' id='line_1_5' title="bbox 0 539 54 3129; baseline 0 0"><span class='ocrx_word' id='word_1_10' title='bbox 0 539 54 3129; x_wconf 95' lang='lat' dir='ltr'> </span> 
     </span>
    </p>
   </div>
   <div class='ocr_carea' id='block_1_4' title="bbox 920 296 1216 320">
    <p class='ocr_par' dir='ltr' id='par_1_4' title="bbox 920 296 1216 320">
     <span class='ocr_line' id='line_1_6' title="bbox 920 296 1216 320; baseline 0 -2"><span class='ocrx_word' id='word_1_11' title='bbox 920 296 1087 320; x_wconf 67' lang='lat' dir='ltr'>tt.tLt,ts‘t·th</span> <span class='ocrx_word' id='word_1_12' title='bbox 1110 297 1145 319; x_wconf 87' lang='grc'>111</span> <span class='ocrx_word' id='word_1_13' title='bbox 1170 297 1216 319; x_wconf 74' lang='grc' dir='ltr'>ΡΡ.</span> 
     </span>
    </p>
   </div>
   <div class='ocr_carea' id='block_1_5' title="bbox 1707 286 1772 320">
    <p class='ocr_par' dir='ltr' id='par_1_5' title="bbox 1707 286 1772 320">
     <span class='ocr_line' id='line_1_7' title="bbox 1707 286 1772 320; baseline 0.046 -3"><span class='ocrx_word' id='word_1_14' title='bbox 1707 286 1772 320; x_wconf 65' lang='lat'>129</span> 
     </span>
    </p>
   </div>
   <div class='ocr_carea' id='block_1_6' title="bbox 289 350 1823 398">
    <p class='ocr_par' dir='ltr' id='par_1_6' title="bbox 289 350 1823 398">
     <span class='ocr_line' id='line_1_8' title="bbox 289 350 1823 398; baseline 0 -12"><span class='ocrx_word' id='word_1_15' title='bbox 289 351 407 386; x_wconf 84' lang='lat' dir='ltr'>notoria</span> <span class='ocrx_word' id='word_1_16' title='bbox 431 351 519 397; x_wconf 70' lang='lat' dir='ltr'>signa</span> <span class='ocrx_word' id='word_1_17' title='bbox 549 364 603 398; x_wconf 84' lang='lat' dir='ltr'>pei·</span> <span class='ocrx_word' id='word_1_18' title='bbox 631 364 710 398; x_wconf 85' lang='lat' dir='ltr'>quae</span> <span class='ocrx_word' id='word_1_19' title='bbox 744 365 759 385; x_wconf 86' lang='lat' dir='ltr'>a</span> <span class='ocrx_word' id='word_1_20' title='bbox 782 351 963 386; x_wconf 85' lang='lat' dir='ltr'>christianis</span> <span class='ocrx_word' id='word_1_21' title='bbox 987 364 1036 386; x_wconf 88' lang='lat' dir='ltr'>co·</span> <span class='ocrx_word' id='word_1_22' title='bbox 1055 358 1057 374; x_wconf 87' lang='lat'><strong>¹</strong></span> <span class='ocrx_word' id='word_1_23' title='bbox 1079 353 1149 386; x_wconf 86' lang='lat' dir='ltr'>inde</span> <span class='ocrx_word' id='word_1_24' title='bbox 1171 360 1291 395; x_wconf 81' lang='lat' dir='ltr'>secuta,</span> <span class='ocrx_word' id='word_1_25' title='bbox 1313 351 1420 386; x_wconf 81' lang='lat' dir='ltr'>cadem</span> <span class='ocrx_word' id='word_1_26' title='bbox 1444 350 1628 386; x_wconf 84' lang='lat' dir='ltr'>auctoritate</span> <span class='ocrx_word' id='word_1_27' title='bbox 1651 364 1823 391; x_wconf 85' lang='lat' dir='ltr'>cassamus,</span> 
     </span>
    </p>
   </div>
   <div class='ocr_carea' id='block_1_7' title="bbox 287 400 1063 2773">
    <p class='ocr_par' dir='ltr' id='par_1_7' title="bbox 287 400 1039 1080">
     <span class='ocr_line' id='line_1_9' title="bbox 287 400 1035 447; baseline -0.001 -12"><span class='ocrx_word' id='word_1_28' title='bbox 287 413 395 446; x_wconf 71' lang='lat' dir='ltr'>gnoson</span> <span class='ocrx_word' id='word_1_29' title='bbox 412 402 535 447; x_wconf 79' lang='lat' dir='ltr'>possint</span> <span class='ocrx_word' id='word_1_30' title='bbox 551 400 668 446; x_wconf 87' lang='lat' dir='ltr'>ubique</span> <span class='ocrx_word' id='word_1_31' title='bbox 683 400 836 438; x_wconf 82' lang='lat' dir='ltr'>deserant,</span> <span class='ocrx_word' id='word_1_32' title='bbox 851 409 880 434; x_wconf 87' lang='lat' dir='ltr'>et</span> <span class='ocrx_word' id='word_1_33' title='bbox 900 401 925 434; x_wconf 88' lang='lat' dir='ltr'>si</span> <span class='ocrx_word' id='word_1_34' title='bbox 945 413 1035 435; x_wconf 82' lang='lat' dir='ltr'>secus</span> 
     </span>
     <span class='ocr_line' id='line_1_10' title="bbox 289 450 1035 497; baseline -0.001 -12"><span class='ocrx_word' id='word_1_35' title='bbox 289 451 429 494; x_wconf 73' lang='lat' dir='ltr'>fecerint,</span> <span class='ocrx_word' id='word_1_36' title='bbox 459 450 639 497; x_wconf 82' lang='lat' dir='ltr'>puniantur.</span> <span class='ocrx_word' id='word_1_37' title='bbox 664 450 745 484; x_wconf 90' lang='lat' dir='ltr'>Cum</span> <span class='ocrx_word' id='word_1_38' title='bbox 783 451 942 485; x_wconf 85' lang='lat' dir='ltr'>saiaccnis</span> <span class='ocrx_word' id='word_1_39' title='bbox 975 464 1035 485; x_wconf 93' lang='lat' dir='ltr'>non</span> 
     </span>
     <span class='ocr_line' id='line_1_11' title="bbox 289 499 1034 545; baseline -0.001 -11"><span class='ocrx_word' id='word_1_40' title='bbox 289 500 440 540; x_wconf 85' lang='lat' dir='ltr'>babitent,</span> <span class='ocrx_word' id='word_1_41' title='bbox 455 500 509 534; x_wconf 84' lang='lat' dir='ltr'>sed</span> <span class='ocrx_word' id='word_1_42' title='bbox 526 500 691 544; x_wconf 89' lang='lat' dir='ltr'>separatim</span> <span class='ocrx_word' id='word_1_43' title='bbox 708 508 736 534; x_wconf 88' lang='lat' dir='ltr'>et</span> <span class='ocrx_word' id='word_1_44' title='bbox 751 512 893 535; x_wconf 79' lang='lat' dir='ltr'>seorsum</span> <span class='ocrx_word' id='word_1_45' title='bbox 911 499 1034 545; x_wconf 78' lang='lat' dir='ltr'>degant.</span> 
     </span>
     <span class='ocr_line' id='line_1_12' title="bbox 288 549 1037 596; baseline 0 -13"><span class='ocrx_word' id='word_1_46' title='bbox 288 550 313 583; x_wconf 68' lang='lat' dir='ltr'><strong>A</strong></span> <span class='ocrx_word' id='word_1_47' title='bbox 344 549 522 584; x_wconf 82' lang='lat' dir='ltr'>christianis</span> <span class='ocrx_word' id='word_1_48' title='bbox 550 549 679 596; x_wconf 88' lang='lat' dir='ltr'>insuper</span> <span class='ocrx_word' id='word_1_49' title='bbox 709 561 817 584; x_wconf 85' lang='lat' dir='ltr'>usuras</span> <span class='ocrx_word' id='word_1_50' title='bbox 858 549 1037 583; x_wconf 84' lang='lat' dir='ltr'>nullatenus</span> 
     </span>
     <span class='ocr_line' id='line_1_13' title="bbox 289 599 1036 645; baseline 0.001 -13"><span class='ocrx_word' id='word_1_51' title='bbox 289 608 472 645; x_wconf 78' lang='lat' dir='ltr'>extorquere</span> <span class='ocrx_word' id='word_1_52' title='bbox 491 607 702 645; x_wconf 71' lang='lat' dir='ltr'>praesumant,</span> <span class='ocrx_word' id='word_1_53' title='bbox 723 607 860 634; x_wconf 81' lang='lat' dir='ltr'>extortas</span> <span class='ocrx_word' id='word_1_54' title='bbox 877 612 959 637; x_wconf 68' lang='lat' dir='ltr'>vcro,</span> <span class='ocrx_word' id='word_1_55' title='bbox 977 599 1036 633; x_wconf 88' lang='lat' dir='ltr'>illis</span> 
     </span>
     <span class='ocr_line' id='line_1_14' title="bbox 288 648 1036 695; baseline 0 -13"><span class='ocrx_word' id='word_1_56' title='bbox 288 663 303 682; x_wconf 85' lang='lat' dir='ltr'>a</span> <span class='ocrx_word' id='word_1_57' title='bbox 326 648 445 695; x_wconf 91' lang='lat' dir='ltr'>quibus</span> <span class='ocrx_word' id='word_1_58' title='bbox 467 660 518 682; x_wconf 92' lang='lat' dir='ltr'>eas</span> <span class='ocrx_word' id='word_1_59' title='bbox 541 649 754 693; x_wconf 75' lang='lat' dir='ltr'>extorserint,</span> <span class='ocrx_word' id='word_1_60' title='bbox 776 649 800 683; x_wconf 86' lang='lat' dir='ltr'>si</span> <span class='ocrx_word' id='word_1_61' title='bbox 824 649 985 695; x_wconf 75' lang='lat' dir='ltr'>supersint</span> <span class='ocrx_word' id='word_1_62' title='bbox 1008 657 1036 683; x_wconf 88' lang='lat' dir='ltr'>et</span> 
     </span>
     <span class='ocr_line' id='line_1_15' title="bbox 289 697 1038 744; baseline 0 -12"><span class='ocrx_word' id='word_1_63' title='bbox 289 707 469 744; x_wconf 70' lang='lat' dir='ltr'>appareant,</span> <span class='ocrx_word' id='word_1_64' title='bbox 497 698 565 732; x_wconf 88' lang='lat' dir='ltr'>sine</span> <span class='ocrx_word' id='word_1_65' title='bbox 598 697 781 732; x_wconf 83' lang='lat' dir='ltr'>difficultate</span> <span class='ocrx_word' id='word_1_66' title='bbox 815 707 866 732; x_wconf 86' lang='lat' dir='ltr'>aut</span> <span class='ocrx_word' id='word_1_67' title='bbox 889 698 1038 732; x_wconf 87' lang='lat' dir='ltr'>dilatione</span> 
     </span>
     <span class='ocr_line' id='line_1_16' title="bbox 289 747 1038 795; baseline 0.001 -14"><span class='ocrx_word' id='word_1_68' title='bbox 289 748 390 795; x_wconf 86' lang='lat' dir='ltr'>aliqua</span> <span class='ocrx_word' id='word_1_69' title='bbox 414 747 590 788; x_wconf 80' lang='lat' dir='ltr'>restituant,</span> <span class='ocrx_word' id='word_1_70' title='bbox 613 747 753 794; x_wconf 87' lang='lat' dir='ltr'>alioquin</span> <span class='ocrx_word' id='word_1_71' title='bbox 772 747 833 782; x_wconf 81' lang='lat' dir='ltr'>illis</span> <span class='ocrx_word' id='word_1_72' title='bbox 856 760 918 781; x_wconf 90' lang='lat' dir='ltr'>non</span> <span class='ocrx_word' id='word_1_73' title='bbox 947 760 1038 794; x_wconf 83' lang='lat' dir='ltr'>appa-</span> 
     </span>
     <span class='ocr_line' id='line_1_17' title="bbox 291 796 1038 843; baseline -0.003 -11"><span class='ocrx_word' id='word_1_74' title='bbox 291 797 431 832; x_wconf 78' lang='lat' dir='ltr'>rentibus</span> <span class='ocrx_word' id='word_1_75' title='bbox 452 804 483 830; x_wconf 81' lang='lat' dir='ltr'>et</span> <span class='ocrx_word' id='word_1_76' title='bbox 511 798 540 831; x_wconf 92' lang='lat' dir='ltr'>in</span> <span class='ocrx_word' id='word_1_77' title='bbox 565 797 693 831; x_wconf 84' lang='lat' dir='ltr'>remotis</span> <span class='ocrx_word' id='word_1_78' title='bbox 715 796 883 843; x_wconf 83' lang='lat' dir='ltr'>agentibus</span> <span class='ocrx_word' id='word_1_79' title='bbox 899 825 906 837; x_wconf 88' lang='lat'>,</span> <span class='ocrx_word' id='word_1_80' title='bbox 928 809 1038 830; x_wconf 88' lang='lat' dir='ltr'>omnes</span> 
     </span>
     <span class='ocr_line' id='line_1_18' title="bbox 289 845 1038 893; baseline -0.001 -13"><span class='ocrx_word' id='word_1_81' title='bbox 289 856 319 881; x_wconf 67' lang='lat' dir='ltr'>et</span> <span class='ocrx_word' id='word_1_82' title='bbox 342 847 485 893; x_wconf 78' lang='lat' dir='ltr'>singulae</span> <span class='ocrx_word' id='word_1_83' title='bbox 521 847 726 893; x_wconf 80' lang='lat' dir='ltr'>pecuniarum</span> <span class='ocrx_word' id='word_1_84' title='bbox 751 859 893 881; x_wconf 88' lang='lat' dir='ltr'>summae</span> <span class='ocrx_word' id='word_1_85' title='bbox 916 858 954 880; x_wconf 80' lang='lat' dir='ltr'>ex</span> <span class='ocrx_word' id='word_1_86' title='bbox 977 845 1038 880; x_wconf 84' lang='lat' dir='ltr'>liu-</span> 
     </span>
     <span class='ocr_line' id='line_1_19' title="bbox 291 895 1036 943; baseline -0.001 -13"><span class='ocrx_word' id='word_1_87' title='bbox 291 897 426 931; x_wconf 84' lang='lat' dir='ltr'>iusmodi</span> <span class='ocrx_word' id='word_1_88' title='bbox 454 896 561 930; x_wconf 84' lang='lat' dir='ltr'>usuris</span> <span class='ocrx_word' id='word_1_89' title='bbox 583 904 721 931; x_wconf 83' lang='lat' dir='ltr'>extortae</span> <span class='ocrx_word' id='word_1_90' title='bbox 745 896 774 930; x_wconf 89' lang='lat' dir='ltr'>in</span> <span class='ocrx_word' id='word_1_91' title='bbox 803 895 1036 943; x_wconf 80' lang='lat' dir='ltr'>expeditionem</span> 
     </span>
     <span class='ocr_line' id='line_1_20' title="bbox 290 944 1038 981; baseline -0.001 -1"><span class='ocrx_word' id='word_1_92' title='bbox 290 946 519 980; x_wconf 69' lang='lat' dir='ltr'>sanctissimam</span> <span class='ocrx_word' id='word_1_93' title='bbox 560 954 667 981; x_wconf 87' lang='lat' dir='ltr'>contra</span> <span class='ocrx_word' id='word_1_94' title='bbox 716 945 836 980; x_wconf 86' lang='lat' dir='ltr'>Turcas</span> <span class='ocrx_word' id='word_1_95' title='bbox 870 953 922 980; x_wconf 89' lang='lat' dir='ltr'>aut</span> <span class='ocrx_word' id='word_1_96' title='bbox 961 944 1038 979; x_wconf 89' lang='lat' dir='ltr'>alios</span> 
     </span>
     <span class='ocr_line' id='line_1_21' title="bbox 291 995 1039 1042; baseline -0.001 -13"><span class='ocrx_word' id='word_1_97' title='bbox 291 995 451 1030; x_wconf 79' lang='lat' dir='ltr'>christiani</span> <span class='ocrx_word' id='word_1_98' title='bbox 476 995 612 1030; x_wconf 89' lang='lat' dir='ltr'>nominis</span> <span class='ocrx_word' id='word_1_99' title='bbox 644 995 788 1030; x_wconf 84' lang='lat' dir='ltr'>inimicos</span> <span class='ocrx_word' id='word_1_100' title='bbox 813 998 939 1042; x_wconf 89' lang='lat' dir='ltr'>penitus</span> <span class='ocrx_word' id='word_1_101' title='bbox 962 1006 1039 1028; x_wconf 90' lang='lat' dir='ltr'>con-</span> 
     </span>
     <span class='ocr_line' id='line_1_22' title="bbox 293 1054 460 1080; baseline 0 -2"><span class='ocrx_word' id='word_1_102' title='bbox 293 1054 460 1080; x_wconf 68' lang='lat' dir='ltr'>vei-tantur.</span> 
     </span>
    </p>

    <p class='ocr_par' dir='ltr' id='par_1_8' title="bbox 292 1093 1063 2732">
     <span class='ocr_line' id='line_1_23' title="bbox 340 1093 1040 1142; baseline -0.001 -14"><span class='ocrx_word' id='word_1_103' title='bbox 340 1099 355 1138; x_wconf 61' lang='grc' dir='ltr'><strong>ξ</strong></span> <span class='ocrx_word' id='word_1_104' title='bbox 378 1096 410 1129; x_wconf 89' lang='lat'>8.</span> <span class='ocrx_word' id='word_1_105' title='bbox 441 1094 480 1128; x_wconf 89' lang='lat' dir='ltr'>Et</span> <span class='ocrx_word' id='word_1_106' title='bbox 504 1094 644 1142; x_wconf 77' lang='lat' dir='ltr'>insuper,</span> <span class='ocrx_word' id='word_1_107' title='bbox 669 1103 700 1129; x_wconf 91' lang='lat' dir='ltr'>ut</span> <span class='ocrx_word' id='word_1_108' title='bbox 723 1102 783 1128; x_wconf 87' lang='lat' dir='ltr'>tam</span> <span class='ocrx_word' id='word_1_109' title='bbox 808 1093 1040 1137; x_wconf 76' lang='lat' dir='ltr'>christifideles,</span> 
     </span>
     <span class='ocr_line' id='line_1_24' title="bbox 292 1142 1042 1192; baseline 0 -15"><span class='ocrx_word' id='word_1_110' title='bbox 292 1157 385 1192; x_wconf 90' lang='lat' dir='ltr'>quam</span> <span class='ocrx_word' id='word_1_111' title='bbox 415 1143 516 1178; x_wconf 90' lang='lat' dir='ltr'>iudaei</span> <span class='ocrx_word' id='word_1_112' title='bbox 532 1151 562 1178; x_wconf 89' lang='lat' dir='ltr'>et</span> <span class='ocrx_word' id='word_1_113' title='bbox 580 1144 732 1187; x_wconf 78' lang='lat' dir='ltr'>saraceni,</span> <span class='ocrx_word' id='word_1_114' title='bbox 755 1144 784 1177; x_wconf 94' lang='lat' dir='ltr'>in</span> <span class='ocrx_word' id='word_1_115' title='bbox 808 1142 913 1178; x_wconf 87' lang='lat' dir='ltr'>Italiae</span> <span class='ocrx_word' id='word_1_116' title='bbox 927 1151 956 1177; x_wconf 88' lang='lat' dir='ltr'>et</span> <span class='ocrx_word' id='word_1_117' title='bbox 973 1142 1042 1177; x_wconf 86' lang='lat' dir='ltr'>aliis</span> 
     </span>
     <span class='ocr_line' id='line_1_25' title="bbox 294 1192 1042 1240; baseline -0.003 -12"><span class='ocrx_word' id='word_1_118' title='bbox 294 1194 403 1229; x_wconf 82' lang='lat' dir='ltr'>mundi</span> <span class='ocrx_word' id='word_1_119' title='bbox 429 1193 571 1240; x_wconf 85' lang='lat' dir='ltr'>partibus</span> <span class='ocrx_word' id='word_1_120' title='bbox 587 1194 667 1227; x_wconf 85' lang='lat' dir='ltr'>inter</span> <span class='ocrx_word' id='word_1_121' title='bbox 689 1192 888 1236; x_wconf 79' lang='lat' dir='ltr'>christianOS,</span> <span class='ocrx_word' id='word_1_122' title='bbox 906 1201 938 1227; x_wconf 89' lang='lat' dir='ltr'>ut</span> <span class='ocrx_word' id='word_1_123' title='bbox 956 1205 1042 1240; x_wconf 67' lang='lat' dir='ltr'>prae&lt;</span> 
     </span>
     <span class='ocr_line' id='line_1_26' title="bbox 295 1242 1042 1290; baseline -0.001 -13"><span class='ocrx_word' id='word_1_124' title='bbox 295 1243 440 1286; x_wconf 87' lang='lat' dir='ltr'>mittitur,</span> <span class='ocrx_word' id='word_1_125' title='bbox 453 1251 697 1287; x_wconf 76' lang='lat' dir='ltr'>commoranteS,</span> <span class='ocrx_word' id='word_1_126' title='bbox 723 1252 906 1290; x_wconf 82' lang='lat' dir='ltr'>praesentes</span> <span class='ocrx_word' id='word_1_127' title='bbox 927 1251 957 1277; x_wconf 89' lang='lat' dir='ltr'>et</span> <span class='ocrx_word' id='word_1_128' title='bbox 986 1242 1042 1276; x_wconf 75' lang='lat' dir='ltr'>l&#39;u-</span> 
     </span>
     <span class='ocr_line' id='line_1_27' title="bbox 294 1291 1042 1337; baseline -0.003 -10"><span class='ocrx_word' id='word_1_129' title='bbox 294 1293 378 1332; x_wconf 82' lang='lat' dir='ltr'>turi,</span> <span class='ocrx_word' id='word_1_130' title='bbox 402 1292 439 1327; x_wconf 88' lang='lat' dir='ltr'>ad</span> <span class='ocrx_word' id='word_1_131' title='bbox 462 1293 661 1327; x_wconf 84' lang='lat' dir='ltr'>decretorum</span> <span class='ocrx_word' id='word_1_132' title='bbox 690 1302 719 1327; x_wconf 89' lang='lat' dir='ltr'>et</span> <span class='ocrx_word' id='word_1_133' title='bbox 741 1291 950 1327; x_wconf 83' lang='lat' dir='ltr'>decretalium</span> <span class='ocrx_word' id='word_1_134' title='bbox 974 1292 1042 1337; x_wconf 89' lang='lat' dir='ltr'>epi—</span> 
     </span>
     <span class='ocr_line' id='line_1_28' title="bbox 294 1341 1044 1389; baseline 0 -14"><span class='ocrx_word' id='word_1_135' title='bbox 294 1343 464 1382; x_wconf 74' lang='lat' dir='ltr'>stolarum,</span> <span class='ocrx_word' id='word_1_136' title='bbox 491 1354 526 1376; x_wconf 84' lang='lat' dir='ltr'>ac</span> <span class='ocrx_word' id='word_1_137' title='bbox 555 1342 785 1389; x_wconf 85' lang='lat' dir='ltr'>praedictarum</span> <span class='ocrx_word' id='word_1_138' title='bbox 810 1350 839 1376; x_wconf 90' lang='lat' dir='ltr'>et</span> <span class='ocrx_word' id='word_1_139' title='bbox 869 1341 1044 1389; x_wconf 83' lang='lat' dir='ltr'>praesentis</span> 
     </span>
     <span class='ocr_line' id='line_1_29' title="bbox 296 1391 1044 1427; baseline -0.001 -1"><span class='ocrx_word' id='word_1_140' title='bbox 296 1401 418 1427; x_wconf 87' lang='lat' dir='ltr'>nostrae</span> <span class='ocrx_word' id='word_1_141' title='bbox 442 1392 677 1427; x_wconf 88' lang='lat' dir='ltr'>constitutionis</span> <span class='ocrx_word' id='word_1_142' title='bbox 696 1391 876 1426; x_wconf 90' lang='lat' dir='ltr'>huiusmodi</span> <span class='ocrx_word' id='word_1_143' title='bbox 901 1391 1044 1426; x_wconf 80' lang='lat' dir='ltr'>observa-</span> 
     </span>
     <span class='ocr_line' id='line_1_30' title="bbox 296 1441 1045 1476; baseline -0.001 -1"><span class='ocrx_word' id='word_1_144' title='bbox 296 1443 412 1476; x_wconf 85' lang='lat' dir='ltr'>tionem</span> <span class='ocrx_word' id='word_1_145' title='bbox 447 1441 662 1476; x_wconf 84' lang='lat' dir='ltr'>omnimodam</span> <span class='ocrx_word' id='word_1_146' title='bbox 698 1442 840 1476; x_wconf 66' lang='lat' dir='ltr'>noterint</span> <span class='ocrx_word' id='word_1_147' title='bbox 879 1441 1045 1476; x_wconf 83' lang='lat' dir='ltr'>efficaciter</span> 
     </span>
     <span class='ocr_line' id='line_1_31' title="bbox 295 1492 1047 1539; baseline 0.001 -15"><span class='ocrx_word' id='word_1_148' title='bbox 295 1505 327 1524; x_wconf 76' lang='lat' dir='ltr'>se.</span> <span class='ocrx_word' id='word_1_149' title='bbox 347 1492 457 1532; x_wconf 88' lang='lat' dir='ltr'>teneri</span> <span class='ocrx_word' id='word_1_150' title='bbox 487 1504 543 1526; x_wconf 90' lang='lat' dir='ltr'>nec</span> <span class='ocrx_word' id='word_1_151' title='bbox 571 1492 676 1537; x_wconf 85' lang='lat' dir='ltr'>vigore</span> <span class='ocrx_word' id='word_1_152' title='bbox 699 1504 753 1526; x_wconf 88' lang='lat' dir='ltr'>seu</span> <span class='ocrx_word' id='word_1_153' title='bbox 783 1499 943 1539; x_wconf 83' lang='lat' dir='ltr'>praetextu</span> <span class='ocrx_word' id='word_1_154' title='bbox 969 1503 1047 1538; x_wconf 92' lang='lat' dir='ltr'>quo-</span> 
     </span>
     <span class='ocr_line' id='line_1_32' title="bbox 298 1540 1045 1595; baseline 0.001 -21"><span class='ocrx_word' id='word_1_155' title='bbox 298 1542 414 1576; x_wconf 67' lang='lat' dir='ltr'>sumtis</span> <span class='ocrx_word' id='word_1_156' title='bbox 450 1541 697 1589; x_wconf 83' lang='lat' dir='ltr'>privilegiorum</span> <span class='ocrx_word' id='word_1_157' title='bbox 721 1541 972 1595; x_wconf 79' lang='lat' dir='ltr'>exemptionum,</span> <span class='ocrx_word' id='word_1_158' title='bbox 1002 1540 1045 1574; x_wconf 92' lang='lat' dir='ltr'>li-</span> 
     </span>
     <span class='ocr_line' id='line_1_33' title="bbox 298 1591 1045 1635; baseline -0.001 -11"><span class='ocrx_word' id='word_1_159' title='bbox 298 1591 465 1635; x_wconf 80' lang='lat' dir='ltr'>bertatum,</span> <span class='ocrx_word' id='word_1_160' title='bbox 488 1591 736 1634; x_wconf 86' lang='lat' dir='ltr'>immunitatum,</span> <span class='ocrx_word' id='word_1_161' title='bbox 758 1603 1000 1625; x_wconf 83' lang='lat' dir='ltr'>concessionum</span> <span class='ocrx_word' id='word_1_162' title='bbox 1018 1599 1045 1624; x_wconf 84' lang='lat' dir='ltr'>et</span> 
     </span>
     <span class='ocr_line' id='line_1_34' title="bbox 299 1619 1048 1688; baseline 0 -14"><span class='ocrx_word' id='word_1_163' title='bbox 299 1640 514 1684; x_wconf 85' lang='lat' dir='ltr'>indultorum,</span> <span class='ocrx_word' id='word_1_164' title='bbox 536 1641 582 1675; x_wconf 89' lang='lat' dir='ltr'>eis</span> <span class='ocrx_word' id='word_1_165' title='bbox 603 1619 842 1688; x_wconf 81' lang='lat' dir='ltr'>quomodolibet</span> <span class='ocrx_word' id='word_1_166' title='bbox 865 1649 895 1674; x_wconf 81' lang='lat' dir='ltr'>et</span> <span class='ocrx_word' id='word_1_167' title='bbox 917 1652 952 1675; x_wconf 86' lang='lat' dir='ltr'>ea</span> <span class='ocrx_word' id='word_1_168' title='bbox 975 1640 1048 1687; x_wconf 91' lang='lat' dir='ltr'>qui-</span> 
     </span>
     <span class='ocr_line' id='line_1_35' title="bbox 299 1690 1047 1729; baseline -0.001 -5"><span class='ocrx_word' id='word_1_169' title='bbox 299 1690 435 1725; x_wconf 78' lang='lat' dir='ltr'>buslibet</span> <span class='ocrx_word' id='word_1_170' title='bbox 473 1702 694 1726; x_wconf 88' lang='lat' dir='ltr'>concessornm</span> <span class='ocrx_word' id='word_1_171' title='bbox 715 1718 722 1729; x_wconf 87' lang='lat'>,</span> <span class='ocrx_word' id='word_1_172' title='bbox 758 1690 797 1725; x_wconf 88' lang='lat' dir='ltr'>ab</span> <span class='ocrx_word' id='word_1_173' title='bbox 831 1690 1047 1725; x_wconf 80' lang='lat' dir='ltr'>observatione</span> 
     </span>
     <span class='ocr_line' id='line_1_36' title="bbox 300 1740 1048 1787; baseline 0 -14"><span class='ocrx_word' id='word_1_174' title='bbox 300 1740 454 1786; x_wconf 86' lang='lat' dir='ltr'>praedicta</span> <span class='ocrx_word' id='word_1_175' title='bbox 494 1740 615 1775; x_wconf 80' lang='lat' dir='ltr'>valeant</span> <span class='ocrx_word' id='word_1_176' title='bbox 647 1741 846 1787; x_wconf 88' lang='lat' dir='ltr'>aliquatenus</span> <span class='ocrx_word' id='word_1_177' title='bbox 881 1752 914 1774; x_wconf 88' lang='lat' dir='ltr'>se</span> <span class='ocrx_word' id='word_1_178' title='bbox 956 1741 1048 1778; x_wconf 87' lang='lat' dir='ltr'>tueri,</span> 
     </span>
     <span class='ocr_line' id='line_1_37' title="bbox 299 1789 1048 1845; baseline -0.001 -21"><span class='ocrx_word' id='word_1_179' title='bbox 299 1791 403 1824; x_wconf 84' lang='lat' dir='ltr'>omnia</span> <span class='ocrx_word' id='word_1_180' title='bbox 426 1799 455 1824; x_wconf 89' lang='lat' dir='ltr'>et</span> <span class='ocrx_word' id='word_1_181' title='bbox 478 1789 600 1835; x_wconf 84' lang='lat' dir='ltr'>singula</span> <span class='ocrx_word' id='word_1_182' title='bbox 625 1790 797 1845; x_wconf 81' lang='lat' dir='ltr'>privilegia,</span> <span class='ocrx_word' id='word_1_183' title='bbox 819 1789 1048 1836; x_wconf 54' lang='lat' dir='ltr'>exemptiones</span> 
     </span>
     <span class='ocr_line' id='line_1_38' title="bbox 301 1839 1050 1883; baseline -0.001 -10"><span class='ocrx_word' id='word_1_184' title='bbox 301 1839 481 1879; x_wconf 83' lang='lat' dir='ltr'>libertates,</span> <span class='ocrx_word' id='word_1_185' title='bbox 504 1839 742 1883; x_wconf 84' lang='lat' dir='ltr'>immunitateS,</span> <span class='ocrx_word' id='word_1_186' title='bbox 768 1840 992 1874; x_wconf 83' lang='lat' dir='ltr'>concessiones</span> <span class='ocrx_word' id='word_1_187' title='bbox 1020 1847 1050 1872; x_wconf 86' lang='lat' dir='ltr'>et</span> 
     </span>
     <span class='ocr_line' id='line_1_39' title="bbox 302 1888 1051 1936; baseline -0.001 -14"><span class='ocrx_word' id='word_1_188' title='bbox 302 1888 419 1924; x_wconf 88' lang='lat' dir='ltr'>indulta</span> <span class='ocrx_word' id='word_1_189' title='bbox 453 1901 508 1936; x_wconf 85' lang='lat' dir='ltr'>pet</span> <span class='ocrx_word' id='word_1_190' title='bbox 548 1889 645 1924; x_wconf 88' lang='lat' dir='ltr'>lelicis</span> <span class='ocrx_word' id='word_1_191' title='bbox 680 1889 907 1924; x_wconf 89' lang='lat' dir='ltr'>recordationis</span> <span class='ocrx_word' id='word_1_192' title='bbox 942 1888 1051 1922; x_wconf 89' lang='lat' dir='ltr'>Marti—</span> 
     </span>
     <span class='ocr_line' id='line_1_40' title="bbox 302 1937 1050 1986; baseline -0.001 -14"><span class='ocrx_word' id='word_1_193' title='bbox 302 1951 377 1973; x_wconf 90' lang='lat' dir='ltr'>num</span> <span class='ocrx_word' id='word_1_194' title='bbox 416 1938 534 1986; x_wconf 85' lang='lat' dir='ltr'>Papam</span> <span class='ocrx_word' id='word_1_195' title='bbox 557 1938 596 1983; x_wconf 92' lang='lat' dir='ltr'>V,</span> <span class='ocrx_word' id='word_1_196' title='bbox 618 1938 796 1985; x_wconf 82' lang='lat' dir='ltr'>Eugenium</span> <span class='ocrx_word' id='word_1_197' title='bbox 829 1951 864 1973; x_wconf 84' lang='lat' dir='ltr'>ac</span> <span class='ocrx_word' id='word_1_198' title='bbox 887 1937 1050 1972; x_wconf 78' lang='lat' dir='ltr'>Nicolaum</span> 
     </span>
     <span class='ocr_line' id='line_1_41' title="bbox 302 1988 1052 2036; baseline 0.001 -15"><span class='ocrx_word' id='word_1_199' title='bbox 302 1988 456 2036; x_wconf 71' lang='lat' dir='ltr'>praelatos</span> <span class='ocrx_word' id='word_1_200' title='bbox 476 1996 680 2036; x_wconf 88' lang='lat' dir='ltr'>caeterosque</span> <span class='ocrx_word' id='word_1_201' title='bbox 705 1988 964 2035; x_wconf 80' lang='lat' dir='ltr'>praedecessores</span> <span class='ocrx_word' id='word_1_202' title='bbox 988 2000 1052 2022; x_wconf 89' lang='lat' dir='ltr'>no-</span> 
     </span>
     <span class='ocr_line' id='line_1_42' title="bbox 302 2037 1052 2084; baseline 0 -12"><span class='ocrx_word' id='word_1_203' title='bbox 302 2047 383 2072; x_wconf 82' lang='lat' dir='ltr'>stros</span> <span class='ocrx_word' id='word_1_204' title='bbox 411 2037 573 2072; x_wconf 83' lang='lat' dir='ltr'>Romanos</span> <span class='ocrx_word' id='word_1_205' title='bbox 596 2037 766 2073; x_wconf 80' lang='lat' dir='ltr'>Pontifices</span> <span class='ocrx_word' id='word_1_206' title='bbox 788 2047 818 2072; x_wconf 90' lang='lat' dir='ltr'>et</span> <span class='ocrx_word' id='word_1_207' title='bbox 846 2038 925 2072; x_wconf 82' lang='lat' dir='ltr'>alios</span> <span class='ocrx_word' id='word_1_208' title='bbox 954 2050 1052 2084; x_wconf 87' lang='lat' dir='ltr'>quos-</span> 
     </span>
     <span class='ocr_line' id='line_1_43' title="bbox 303 2088 1052 2136; baseline -0.001 -15"><span class='ocrx_word' id='word_1_209' title='bbox 303 2099 439 2135; x_wconf 84' lang='lat' dir='ltr'>cumque</span> <span class='ocrx_word' id='word_1_210' title='bbox 456 2095 518 2122; x_wconf 89' lang='lat' dir='ltr'>tam</span> <span class='ocrx_word' id='word_1_211' title='bbox 541 2088 668 2134; x_wconf 81' lang='lat' dir='ltr'>regibus</span> <span class='ocrx_word' id='word_1_212' title='bbox 689 2097 718 2122; x_wconf 88' lang='lat' dir='ltr'>et</span> <span class='ocrx_word' id='word_1_213' title='bbox 734 2088 942 2136; x_wconf 77' lang='lat' dir='ltr'>principibuS,</span> <span class='ocrx_word' id='word_1_214' title='bbox 958 2099 1052 2133; x_wconf 93' lang='lat' dir='ltr'>quam</span> 
     </span>
     <span class='ocr_line' id='line_1_44' title="bbox 303 2141 1054 2183; baseline 0.001 -8"><span class='ocrx_word' id='word_1_215' title='bbox 303 2141 584 2176; x_wconf 77' lang='lat' dir='ltr'>communitatibus</span> <span class='ocrx_word' id='word_1_216' title='bbox 605 2141 779 2183; x_wconf 78' lang='lat' dir='ltr'>civitatum,</span> <span class='ocrx_word' id='word_1_217' title='bbox 800 2141 1054 2176; x_wconf 81' lang='lat' dir='ltr'>universitatibus</span> 
     </span>
     <span class='ocr_line' id='line_1_45' title="bbox 303 2195 1055 2244; baseline -0.001 -14"><span class='ocrx_word' id='word_1_218' title='bbox 303 2206 332 2231; x_wconf 80' lang='lat' dir='ltr'>et</span> <span class='ocrx_word' id='word_1_219' title='bbox 358 2195 616 2244; x_wconf 90' lang='lat' dir='ltr'>quibuscumque</span> <span class='ocrx_word' id='word_1_220' title='bbox 643 2196 781 2232; x_wconf 86' lang='lat' dir='ltr'>dominis</span> <span class='ocrx_word' id='word_1_221' title='bbox 808 2196 963 2235; x_wconf 87' lang='lat' dir='ltr'>locorum,</span> <span class='ocrx_word' id='word_1_222' title='bbox 998 2208 1055 2230; x_wconf 82' lang='lat' dir='ltr'>seu</span> 
     </span>
     <span class='ocr_line' id='line_1_46' title="bbox 305 2250 1056 2298; baseline -0.003 -13"><span class='ocrx_word' id='word_1_223' title='bbox 305 2251 375 2286; x_wconf 87' lang='lat' dir='ltr'>aliis</span> <span class='ocrx_word' id='word_1_224' title='bbox 388 2250 554 2298; x_wconf 74' lang='lat' dir='ltr'>quibusvis</span> <span class='ocrx_word' id='word_1_225' title='bbox 570 2250 726 2289; x_wconf 80' lang='lat' dir='ltr'>fidelibus,</span> <span class='ocrx_word' id='word_1_226' title='bbox 740 2262 775 2285; x_wconf 86' lang='lat' dir='ltr'>ac</span> <span class='ocrx_word' id='word_1_227' title='bbox 797 2250 916 2285; x_wconf 88' lang='lat' dir='ltr'>eisdem</span> <span class='ocrx_word' id='word_1_228' title='bbox 937 2250 1056 2284; x_wconf 89' lang='lat' dir='ltr'>iudaeis</span> 
     </span>
     <span class='ocr_line' id='line_1_47' title="bbox 305 2304 1057 2352; baseline 0 -14"><span class='ocrx_word' id='word_1_229' title='bbox 305 2315 333 2339; x_wconf 74' lang='lat' dir='ltr'>et</span> <span class='ocrx_word' id='word_1_230' title='bbox 363 2306 522 2340; x_wconf 88' lang='lat' dir='ltr'>saracenis</span> <span class='ocrx_word' id='word_1_231' title='bbox 546 2305 576 2338; x_wconf 90' lang='lat' dir='ltr'>in</span> <span class='ocrx_word' id='word_1_232' title='bbox 596 2305 703 2352; x_wconf 87' lang='lat' dir='ltr'>specie</span> <span class='ocrx_word' id='word_1_233' title='bbox 731 2305 777 2339; x_wconf 91' lang='lat' dir='ltr'>vel</span> <span class='ocrx_word' id='word_1_234' title='bbox 804 2305 834 2339; x_wconf 92' lang='lat' dir='ltr'>in</span> <span class='ocrx_word' id='word_1_235' title='bbox 854 2304 1057 2351; x_wconf 82' lang='lat' dir='ltr'>genere‚sub</span> 
     </span>
     <span class='ocr_line' id='line_1_48' title="bbox 306 2358 1056 2406; baseline 0 -13"><span class='ocrx_word' id='word_1_236' title='bbox 306 2358 470 2406; x_wconf 87' lang='lat' dir='ltr'>quibusvis</span> <span class='ocrx_word' id='word_1_237' title='bbox 503 2359 670 2394; x_wconf 80' lang='lat' dir='ltr'>verborum</span> <span class='ocrx_word' id='word_1_238' title='bbox 699 2359 829 2399; x_wconf 79' lang='lat' dir='ltr'>formis,</span> <span class='ocrx_word' id='word_1_239' title='bbox 851 2358 945 2393; x_wconf 85' lang='lat' dir='ltr'>etiam</span> <span class='ocrx_word' id='word_1_240' title='bbox 970 2367 1056 2393; x_wconf 90' lang='lat' dir='ltr'>motu</span> 
     </span>
     <span class='ocr_line' id='line_1_49' title="bbox 308 2413 1057 2462; baseline -0.003 -13"><span class='ocrx_word' id='word_1_241' title='bbox 308 2415 458 2462; x_wconf 86' lang='lat' dir='ltr'>proprio,</span> <span class='ocrx_word' id='word_1_242' title='bbox 485 2422 515 2449; x_wconf 91' lang='lat' dir='ltr'>et</span> <span class='ocrx_word' id='word_1_243' title='bbox 542 2414 602 2449; x_wconf 91' lang='lat' dir='ltr'>sub</span> <span class='ocrx_word' id='word_1_244' title='bbox 641 2426 843 2461; x_wconf 89' lang='lat' dir='ltr'>quacumque</span> <span class='ocrx_word' id='word_1_245' title='bbox 879 2413 976 2448; x_wconf 81' lang='lat' dir='ltr'>forma</span> <span class='ocrx_word' id='word_1_246' title='bbox 1013 2414 1057 2447; x_wconf 77' lang='lat' dir='ltr'>vel</span> 
     </span>
     <span class='ocr_line' id='line_1_50' title="bbox 308 2468 1059 2516; baseline 0 -15"><span class='ocrx_word' id='word_1_247' title='bbox 308 2469 512 2516; x_wconf 69' lang='lat' dir='ltr'>expressione</span> <span class='ocrx_word' id='word_1_248' title='bbox 549 2468 732 2513; x_wconf 87' lang='lat' dir='ltr'>verborum,</span> <span class='ocrx_word' id='word_1_249' title='bbox 758 2469 852 2503; x_wconf 88' lang='lat' dir='ltr'>etiam</span> <span class='ocrx_word' id='word_1_250' title='bbox 892 2468 1059 2514; x_wconf 81' lang='lat' dir='ltr'>derogato-</span> 
     </span>
     <span class='ocr_line' id='line_1_51' title="bbox 311 2522 1061 2569; baseline 0 -13"><span class='ocrx_word' id='word_1_251' title='bbox 311 2523 441 2563; x_wconf 86' lang='lat' dir='ltr'>riorum,</span> <span class='ocrx_word' id='word_1_252' title='bbox 468 2531 577 2557; x_wconf 86' lang='lat' dir='ltr'>contra</span> <span class='ocrx_word' id='word_1_253' title='bbox 600 2523 769 2569; x_wconf 86' lang='lat' dir='ltr'>praemissa</span> <span class='ocrx_word' id='word_1_254' title='bbox 796 2523 841 2557; x_wconf 73' lang='lat' dir='ltr'>vel</span> <span class='ocrx_word' id='word_1_255' title='bbox 862 2535 970 2556; x_wconf 82' lang='lat' dir='ltr'>eorum</span> <span class='ocrx_word' id='word_1_256' title='bbox 1004 2522 1061 2556; x_wconf 85' lang='lat' dir='ltr'>ali-</span> 
     </span>
     <span class='ocr_line' id='line_1_52' title="bbox 312 2576 1061 2624; baseline -0.001 -13"><span class='ocrx_word' id='word_1_257' title='bbox 312 2577 395 2623; x_wconf 87' lang='lat' dir='ltr'>quod</span> <span class='ocrx_word' id='word_1_258' title='bbox 428 2576 672 2624; x_wconf 81' lang='lat' dir='ltr'>quomodolibet</span> <span class='ocrx_word' id='word_1_259' title='bbox 711 2577 788 2611; x_wconf 71' lang='lat' dir='ltr'>l&#39;acta</span> <span class='ocrx_word' id='word_1_260' title='bbox 824 2577 869 2611; x_wconf 81' lang='lat' dir='ltr'>vel</span> <span class='ocrx_word' id='word_1_261' title='bbox 897 2588 1061 2618; x_wconf 85' lang='lat' dir='ltr'>concessa,</span> 
     </span>
     <span class='ocr_line' id='line_1_53' title="bbox 313 2629 1061 2678; baseline 0.001 -15"><span class='ocrx_word' id='word_1_262' title='bbox 313 2642 394 2677; x_wconf 86' lang='lat' dir='ltr'>quae</span> <span class='ocrx_word' id='word_1_263' title='bbox 415 2630 519 2664; x_wconf 88' lang='lat' dir='ltr'>omnia</span> <span class='ocrx_word' id='word_1_264' title='bbox 544 2630 690 2666; x_wconf 78' lang='lat' dir='ltr'>similiter</span> <span class='ocrx_word' id='word_1_265' title='bbox 713 2629 931 2678; x_wconf 77' lang='lat' dir='ltr'>praesentibus</span> <span class='ocrx_word' id='word_1_266' title='bbox 954 2630 1061 2664; x_wconf 84' lang='lat' dir='ltr'>haberi</span> 
     </span>
     <span class='ocr_line' id='line_1_54' title="bbox 309 2684 1063 2732; baseline 0.001 -13"><span class='ocrx_word' id='word_1_267' title='bbox 309 2684 461 2720; x_wconf 65' lang='lat' dir='ltr'>,volumus</span> <span class='ocrx_word' id='word_1_268' title='bbox 476 2698 531 2732; x_wconf 93' lang='lat' dir='ltr'>pro</span> <span class='ocrx_word' id='word_1_269' title='bbox 546 2685 681 2725; x_wconf 83' lang='lat' dir='ltr'>insertis,</span> <span class='ocrx_word' id='word_1_270' title='bbox 697 2697 820 2720; x_wconf 82' lang='lat' dir='ltr'>necnon</span> <span class='ocrx_word' id='word_1_271' title='bbox 844 2697 1063 2732; x_wconf 81' lang='lat' dir='ltr'>quaecumque</span> 
     </span>
    </p>

    <p class='ocr_par' dir='ltr' id='par_1_9' title="bbox 396 2741 922 2773">
     <span class='ocr_line' id='line_1_55' title="bbox 396 2741 922 2773; baseline -0.004 0"><span class='ocrx_word' id='word_1_272' title='bbox 396 2742 469 2773; x_wconf 79' lang='lat' dir='ltr'>Buzl.</span> <span class='ocrx_word' id='word_1_273' title='bbox 492 2741 567 2772; x_wconf 79' lang='lat' dir='ltr'>Rom.</span> <span class='ocrx_word' id='word_1_274' title='bbox 597 2741 649 2773; x_wconf 80' lang='lat' dir='ltr'>Vol.</span> <span class='ocrx_word' id='word_1_275' title='bbox 679 2742 704 2772; x_wconf 60' lang='grc' dir='ltr'>ι’,</span> <span class='ocrx_word' id='word_1_276' title='bbox 889 2742 922 2771; x_wconf 72' lang='grc' dir='ltr'>Γ,</span> 
     </span>
    </p>
   </div>
   <div class='ocr_carea' id='block_1_8' title="bbox 1051 390 1068 1234">
    <p class='ocr_par' dir='ltr' id='par_1_10' title="bbox 1051 390 1068 1234">
     <span class='ocr_line' id='line_1_56' title="bbox 1051 390 1068 1234; baseline 0 0"><span class='ocrx_word' id='word_1_277' title='bbox 1051 390 1068 1234; x_wconf 95' lang='lat' dir='ltr'> </span> 
     </span>
    </p>
   </div>
   <div class='ocr_carea' id='block_1_9' title="bbox 1064 1459 1084 2672">
    <p class='ocr_par' dir='ltr' id='par_1_11' title="bbox 1064 1459 1084 2672">
     <span class='ocr_line' id='line_1_57' title="bbox 1064 1459 1084 2672; baseline 0 0"><span class='ocrx_word' id='word_1_278' title='bbox 1064 1459 1084 2672; x_wconf 95' lang='lat' dir='ltr'> </span> 
     </span>
    </p>
   </div>
   <div class='ocr_carea' id='block_1_10' title="bbox 1078 400 1824 486">
    <p class='ocr_par' dir='ltr' id='par_1_12' title="bbox 1078 400 1824 486">
     <span class='ocr_line' id='line_1_58' title="bbox 1079 400 1824 441; baseline 0.001 -5"><span class='ocrx_word' id='word_1_279' title='bbox 1079 414 1261 436; x_wconf 79' lang='lat' dir='ltr'>revocamus</span> <span class='ocrx_word' id='word_1_280' title='bbox 1283 409 1313 436; x_wconf 91' lang='lat' dir='ltr'>et</span> <span class='ocrx_word' id='word_1_281' title='bbox 1339 401 1550 441; x_wconf 76' lang='lat' dir='ltr'>annullamus,</span> <span class='ocrx_word' id='word_1_282' title='bbox 1566 414 1601 435; x_wconf 74' lang='lat' dir='ltr'>ac</span> <span class='ocrx_word' id='word_1_283' title='bbox 1627 400 1745 435; x_wconf 81' lang='lat' dir='ltr'>nullius</span> <span class='ocrx_word' id='word_1_284' title='bbox 1767 401 1824 437; x_wconf 85' lang='lat' dir='ltr'>de-</span> 
     </span>
     <span class='ocr_line' id='line_1_59' title="bbox 1078 450 1798 486; baseline -0.001 0"><span class='ocrx_word' id='word_1_285' title='bbox 1078 452 1237 486; x_wconf 77' lang='lat' dir='ltr'>rernimus</span> <span class='ocrx_word' id='word_1_286' title='bbox 1259 452 1392 486; x_wconf 79' lang='lat' dir='ltr'>existere</span> <span class='ocrx_word' id='word_1_287' title='bbox 1419 450 1540 485; x_wconf 86' lang='lat' dir='ltr'>roboris</span> <span class='ocrx_word' id='word_1_288' title='bbox 1565 451 1609 485; x_wconf 83' lang='lat' dir='ltr'>vet</span> <span class='ocrx_word' id='word_1_289' title='bbox 1637 452 1798 485; x_wconf 88' lang='lat' dir='ltr'>momenti.</span> 
     </span>
    </p>
   </div>
   <div class='ocr_carea' id='block_1_11' title="bbox 1080 500 2004 605">
    <p class='ocr_par' dir='ltr' id='par_1_13' title="bbox 1080 500 2004 596">
     <span class='ocr_line' id='line_1_60' title="bbox 1127 500 2004 548; baseline -0.003 -12"><span class='ocrx_word' id='word_1_290' title='bbox 1127 503 1200 548; x_wconf 59' lang='lat'>§9-</span> <span class='ocrx_word' id='word_1_291' title='bbox 1225 501 1402 544; x_wconf 80' lang='lat' dir='ltr'>Praeterea,</span> <span class='ocrx_word' id='word_1_292' title='bbox 1430 500 1594 535; x_wconf 77' lang='lat' dir='ltr'>universos</span> <span class='ocrx_word' id='word_1_293' title='bbox 1616 510 1645 534; x_wconf 81' lang='lat' dir='ltr'>et</span> <span class='ocrx_word' id='word_1_294' title='bbox 1680 500 1825 547; x_wconf 72' lang='lat' dir='ltr'>singulos</span> <span class='ocrx_word' id='word_1_295' title='bbox 1858 523 1868 535; x_wconf 70' lang='lat' dir='ltr'>u</span> <span class='ocrx_word' id='word_1_296' title='bbox 1907 522 1916 534; x_wconf 54' lang='lat' dir='ltr'>e</span> <span class='ocrx_word' id='word_1_297' title='bbox 1936 522 1946 533; x_wconf 59' lang='grc' dir='ltr'>ι</span> <span class='ocrx_word' id='word_1_298' title='bbox 1985 521 2004 533; x_wconf 61' lang='lat'>01</span> 
     </span>
     <span class='ocr_line' id='line_1_61' title="bbox 1080 547 1916 605; baseline 0 -20"><span class='ocrx_word' id='word_1_299' title='bbox 1080 551 1273 586; x_wconf 81' lang='lat' dir='ltr'>venerabiles</span> <span class='ocrx_word' id='word_1_300' title='bbox 1311 551 1419 585; x_wconf 80' lang='lat' dir='ltr'>fratres</span> <span class='ocrx_word' id='word_1_301' title='bbox 1456 558 1578 584; x_wconf 80' lang='lat' dir='ltr'>nostros</span> <span class='ocrx_word' id='word_1_302' title='bbox 1615 550 1825 605; x_wconf 83' lang='lat' dir='ltr'>patriarchas,</span> <span class='ocrx_word' id='word_1_303' title='bbox 1851 547 1916 595; x_wconf 43' lang='lat'><strong>⁴⁹¹¹„</strong></span> 
     </span>
    </p>
   </div>
   <div class='ocr_carea' id='block_1_12' title="bbox 1079 600 1856 2735">
    <p class='ocr_par' dir='ltr' id='par_1_14' title="bbox 1079 600 1826 792">
     <span class='ocr_line' id='line_1_62' title="bbox 1081 600 1825 648; baseline 0 -14"><span class='ocrx_word' id='word_1_304' title='bbox 1081 602 1250 648; x_wconf 87' lang='lat' dir='ltr'>primates</span> <span class='ocrx_word' id='word_1_305' title='bbox 1283 600 1563 647; x_wconf 69' lang='lat' dir='ltr'>aichiepiscopos</span> <span class='ocrx_word' id='word_1_306' title='bbox 1602 600 1769 647; x_wconf 87' lang='lat' dir='ltr'>episcopos</span> <span class='ocrx_word' id='word_1_307' title='bbox 1797 608 1825 635; x_wconf 89' lang='lat' dir='ltr'>et</span> 
     </span>
     <span class='ocr_line' id='line_1_63' title="bbox 1079 649 1826 697; baseline -0.003 -11"><span class='ocrx_word' id='word_1_308' title='bbox 1079 652 1210 686; x_wconf 88' lang='lat' dir='ltr'>dilectos</span> <span class='ocrx_word' id='word_1_309' title='bbox 1232 651 1310 684; x_wconf 86' lang='lat' dir='ltr'>lilios</span> <span class='ocrx_word' id='word_1_310' title='bbox 1341 650 1511 697; x_wconf 84' lang='lat' dir='ltr'>principes,</span> <span class='ocrx_word' id='word_1_311' title='bbox 1534 649 1680 684; x_wconf 89' lang='lat' dir='ltr'>dominos</span> <span class='ocrx_word' id='word_1_312' title='bbox 1703 658 1826 695; x_wconf 88' lang='lat' dir='ltr'>tempo-</span> 
     </span>
     <span class='ocr_line' id='line_1_64' title="bbox 1081 698 1826 747; baseline -0.003 -12"><span class='ocrx_word' id='word_1_313' title='bbox 1081 702 1170 741; x_wconf 81' lang='lat' dir='ltr'>r,ales</span> <span class='ocrx_word' id='word_1_314' title='bbox 1183 700 1375 747; x_wconf 86' lang='lat' dir='ltr'>capitaneos,</span> <span class='ocrx_word' id='word_1_315' title='bbox 1393 700 1536 743; x_wconf 89' lang='lat' dir='ltr'>barones,</span> <span class='ocrx_word' id='word_1_316' title='bbox 1554 698 1678 743; x_wconf 73' lang='lat' dir='ltr'>milites,</span> <span class='ocrx_word' id='word_1_317' title='bbox 1694 699 1826 739; x_wconf 81' lang='lat' dir='ltr'>nobiles</span> 
     </span>
     <span class='ocr_line' id='line_1_65' title="bbox 1080 749 1826 792; baseline -0.001 -8"><span class='ocrx_word' id='word_1_318' title='bbox 1080 750 1322 785; x_wconf 83' lang='lat' dir='ltr'>communitates</span> <span class='ocrx_word' id='word_1_319' title='bbox 1354 750 1539 792; x_wconf 85' lang='lat' dir='ltr'>civitatum,</span> <span class='ocrx_word' id='word_1_320' title='bbox 1567 749 1826 788; x_wconf 11' lang='grc' dir='ltr'>αηίνθιᾋείῑδῑυω</span> 
     </span>
    </p>

    <p class='ocr_par' dir='ltr' id='par_1_15' title="bbox 1081 798 1856 2735">
     <span class='ocr_line' id='line_1_66' title="bbox 1081 798 1828 845; baseline -0.003 -11"><span class='ocrx_word' id='word_1_321' title='bbox 1081 800 1220 834; x_wconf 91' lang='lat' dir='ltr'>locorum</span> <span class='ocrx_word' id='word_1_322' title='bbox 1238 808 1266 833; x_wconf 90' lang='lat' dir='ltr'>et</span> <span class='ocrx_word' id='word_1_323' title='bbox 1288 807 1427 834; x_wconf 85' lang='lat' dir='ltr'>caeteros</span> <span class='ocrx_word' id='word_1_324' title='bbox 1445 810 1666 845; x_wconf 88' lang='lat' dir='ltr'>quoscumque</span> <span class='ocrx_word' id='word_1_325' title='bbox 1701 798 1828 833; x_wconf 88' lang='lat' dir='ltr'>christi-</span> 
     </span>
     <span class='ocr_line' id='line_1_67' title="bbox 1082 847 1828 894; baseline -0.001 -11"><span class='ocrx_word' id='word_1_326' title='bbox 1082 849 1188 884; x_wconf 79' lang='lat' dir='ltr'>fideles</span> <span class='ocrx_word' id='word_1_327' title='bbox 1203 848 1433 883; x_wconf 86' lang='lat' dir='ltr'>ecclesiasticos</span> <span class='ocrx_word' id='word_1_328' title='bbox 1447 857 1476 882; x_wconf 90' lang='lat' dir='ltr'>et</span> <span class='ocrx_word' id='word_1_329' title='bbox 1489 847 1679 892; x_wconf 72' lang='lat' dir='ltr'>saeculares,</span> <span class='ocrx_word' id='word_1_330' title='bbox 1694 848 1723 882; x_wconf 94' lang='lat' dir='ltr'>iu</span> <span class='ocrx_word' id='word_1_331' title='bbox 1740 860 1828 894; x_wconf 86' lang='lat' dir='ltr'>prae-</span> 
     </span>
     <span class='ocr_line' id='line_1_68' title="bbox 1081 897 1830 944; baseline -0.001 -12"><span class='ocrx_word' id='word_1_332' title='bbox 1081 899 1150 933; x_wconf 81' lang='lat' dir='ltr'>fatis</span> <span class='ocrx_word' id='word_1_333' title='bbox 1176 898 1282 933; x_wconf 88' lang='lat' dir='ltr'>Italiae</span> <span class='ocrx_word' id='word_1_334' title='bbox 1319 906 1348 932; x_wconf 89' lang='lat' dir='ltr'>et</span> <span class='ocrx_word' id='word_1_335' title='bbox 1382 898 1450 932; x_wconf 90' lang='lat' dir='ltr'>aliis</span> <span class='ocrx_word' id='word_1_336' title='bbox 1479 897 1586 932; x_wconf 89' lang='lat' dir='ltr'>mundi</span> <span class='ocrx_word' id='word_1_337' title='bbox 1617 897 1774 944; x_wconf 88' lang='lat' dir='ltr'>partibus,</span> <span class='ocrx_word' id='word_1_338' title='bbox 1797 906 1830 932; x_wconf 88' lang='lat' dir='ltr'>ut</span> 
     </span>
     <span class='ocr_line' id='line_1_69' title="bbox 1082 955 1830 995; baseline -0.001 -13"><span class='ocrx_word' id='word_1_339' title='bbox 1082 956 1311 995; x_wconf 81' lang='lat' dir='ltr'>praemittitur,</span> <span class='ocrx_word' id='word_1_340' title='bbox 1334 955 1580 986; x_wconf 79' lang='lat' dir='ltr'>commoranteS,</span> <span class='ocrx_word' id='word_1_341' title='bbox 1599 959 1830 994; x_wconf 81' lang='lat' dir='ltr'>cuiuscumque</span> 
     </span>
     <span class='ocr_line' id='line_1_70' title="bbox 1081 996 1831 1043; baseline -0.003 -11"><span class='ocrx_word' id='word_1_342' title='bbox 1081 1006 1206 1037; x_wconf 87' lang='lat' dir='ltr'>status,</span> <span class='ocrx_word' id='word_1_343' title='bbox 1233 997 1350 1043; x_wconf 77' lang='lat' dir='ltr'>gradus</span> <span class='ocrx_word' id='word_1_344' title='bbox 1389 997 1433 1031; x_wconf 90' lang='lat' dir='ltr'>vel</span> <span class='ocrx_word' id='word_1_345' title='bbox 1468 996 1656 1031; x_wconf 87' lang='lat' dir='ltr'>conditionis</span> <span class='ocrx_word' id='word_1_346' title='bbox 1691 996 1831 1040; x_wconf 82' lang='lat' dir='ltr'>fuerint,</span> 
     </span>
     <span class='ocr_line' id='line_1_71' title="bbox 1082 1044 1832 1092; baseline -0.003 -10"><span class='ocrx_word' id='word_1_347' title='bbox 1082 1047 1284 1082; x_wconf 87' lang='lat' dir='ltr'>obsecramus</span> <span class='ocrx_word' id='word_1_348' title='bbox 1312 1048 1342 1080; x_wconf 87' lang='lat' dir='ltr'>in</span> <span class='ocrx_word' id='word_1_349' title='bbox 1370 1044 1519 1086; x_wconf 88' lang='lat' dir='ltr'>Domino,</span> <span class='ocrx_word' id='word_1_350' title='bbox 1541 1054 1571 1080; x_wconf 90' lang='lat' dir='ltr'>et</span> <span class='ocrx_word' id='word_1_351' title='bbox 1593 1058 1648 1092; x_wconf 91' lang='lat' dir='ltr'>per</span> <span class='ocrx_word' id='word_1_352' title='bbox 1675 1046 1832 1092; x_wconf 87' lang='lat' dir='ltr'>aspersio-</span> 
     </span>
     <span class='ocr_line' id='line_1_72' title="bbox 1083 1094 1830 1142; baseline -0.003 -11"><span class='ocrx_word' id='word_1_353' title='bbox 1083 1110 1153 1131; x_wconf 90' lang='lat' dir='ltr'>nem</span> <span class='ocrx_word' id='word_1_354' title='bbox 1170 1096 1342 1142; x_wconf 80' lang='lat' dir='ltr'>Sanguinis</span> <span class='ocrx_word' id='word_1_355' title='bbox 1362 1095 1488 1129; x_wconf 88' lang='lat' dir='ltr'>Domini</span> <span class='ocrx_word' id='word_1_356' title='bbox 1513 1096 1609 1129; x_wconf 87' lang='lat' dir='ltr'>nostri</span> <span class='ocrx_word' id='word_1_357' title='bbox 1625 1095 1694 1130; x_wconf 86' lang='lat' dir='ltr'>Iesu</span> <span class='ocrx_word' id='word_1_358' title='bbox 1713 1094 1830 1130; x_wconf 83' lang='lat' dir='ltr'>Christi</span> 
     </span>
     <span class='ocr_line' id='line_1_73' title="bbox 1083 1145 1833 1192; baseline -0.001 -11"><span class='ocrx_word' id='word_1_359' title='bbox 1083 1146 1297 1188; x_wconf 82' lang='lat' dir='ltr'>exhortamur,</span> <span class='ocrx_word' id='word_1_360' title='bbox 1324 1145 1432 1192; x_wconf 84' lang='lat' dir='ltr'>eisque</span> <span class='ocrx_word' id='word_1_361' title='bbox 1461 1145 1490 1179; x_wconf 94' lang='lat' dir='ltr'>in</span> <span class='ocrx_word' id='word_1_362' title='bbox 1519 1145 1736 1180; x_wconf 85' lang='lat' dir='ltr'>remissionem</span> <span class='ocrx_word' id='word_1_363' title='bbox 1755 1157 1833 1180; x_wconf 90' lang='lat' dir='ltr'>suo-</span> 
     </span>
     <span class='ocr_line' id='line_1_74' title="bbox 1085 1203 1833 1242; baseline -0.003 -12"><span class='ocrx_word' id='word_1_364' title='bbox 1085 1209 1153 1230; x_wconf 90' lang='lat' dir='ltr'>rum</span> <span class='ocrx_word' id='word_1_365' title='bbox 1180 1207 1397 1242; x_wconf 83' lang='lat' dir='ltr'>peccaminum</span> <span class='ocrx_word' id='word_1_366' title='bbox 1423 1207 1630 1241; x_wconf 82' lang='lat' dir='ltr'>iniungimus,</span> <span class='ocrx_word' id='word_1_367' title='bbox 1654 1203 1683 1229; x_wconf 88' lang='lat' dir='ltr'>et</span> <span class='ocrx_word' id='word_1_368' title='bbox 1715 1203 1747 1229; x_wconf 92' lang='lat' dir='ltr'>ut</span> <span class='ocrx_word' id='word_1_369' title='bbox 1774 1207 1833 1242; x_wconf 82' lang='lat' dir='ltr'>ipsi</span> 
     </span>
     <span class='ocr_line' id='line_1_75' title="bbox 1084 1244 1834 1291; baseline -0.001 -12"><span class='ocrx_word' id='word_1_370' title='bbox 1084 1245 1221 1286; x_wconf 89' lang='lat' dir='ltr'>decreta,</span> <span class='ocrx_word' id='word_1_371' title='bbox 1244 1244 1418 1279; x_wconf 87' lang='lat' dir='ltr'>decretales</span> <span class='ocrx_word' id='word_1_372' title='bbox 1441 1244 1589 1291; x_wconf 75' lang='lat' dir='ltr'>epistolas</span> <span class='ocrx_word' id='word_1_373' title='bbox 1616 1253 1645 1279; x_wconf 87' lang='lat' dir='ltr'>et</span> <span class='ocrx_word' id='word_1_374' title='bbox 1672 1245 1834 1279; x_wconf 82' lang='lat' dir='ltr'>constitu—</span> 
     </span>
     <span class='ocr_line' id='line_1_76' title="bbox 1085 1293 1832 1342; baseline 0 -14"><span class='ocrx_word' id='word_1_375' title='bbox 1085 1297 1187 1330; x_wconf 86' lang='lat' dir='ltr'>tiones</span> <span class='ocrx_word' id='word_1_376' title='bbox 1211 1293 1371 1342; x_wconf 84' lang='lat' dir='ltr'>praedicta</span> <span class='ocrx_word' id='word_1_377' title='bbox 1394 1294 1578 1337; x_wconf 85' lang='lat' dir='ltr'>observent,</span> <span class='ocrx_word' id='word_1_378' title='bbox 1600 1303 1630 1329; x_wconf 88' lang='lat' dir='ltr'>et</span> <span class='ocrx_word' id='word_1_379' title='bbox 1653 1305 1832 1340; x_wconf 82' lang='lat' dir='ltr'>percorum</span> 
     </span>
     <span class='ocr_line' id='line_1_77' title="bbox 1087 1343 1834 1391; baseline 0 -13"><span class='ocrx_word' id='word_1_380' title='bbox 1087 1354 1147 1379; x_wconf 84' lang='lat' dir='ltr'>tam</span> <span class='ocrx_word' id='word_1_381' title='bbox 1170 1344 1361 1379; x_wconf 87' lang='lat' dir='ltr'>christianos</span> <span class='ocrx_word' id='word_1_382' title='bbox 1387 1356 1481 1391; x_wconf 92' lang='lat' dir='ltr'>quam</span> <span class='ocrx_word' id='word_1_383' title='bbox 1507 1343 1638 1378; x_wconf 90' lang='lat' dir='ltr'>iudaeos</span> <span class='ocrx_word' id='word_1_384' title='bbox 1664 1352 1694 1379; x_wconf 91' lang='lat' dir='ltr'>et</span> <span class='ocrx_word' id='word_1_385' title='bbox 1716 1356 1834 1378; x_wconf 85' lang='lat' dir='ltr'>sarace-</span> 
     </span>
     <span class='ocr_line' id='line_1_78' title="bbox 1086 1393 1835 1429; baseline 0 -1"><span class='ocrx_word' id='word_1_386' title='bbox 1086 1406 1143 1428; x_wconf 89' lang='lat' dir='ltr'>nos</span> <span class='ocrx_word' id='word_1_387' title='bbox 1165 1393 1311 1428; x_wconf 88' lang='lat' dir='ltr'>subditos</span> <span class='ocrx_word' id='word_1_388' title='bbox 1340 1393 1454 1429; x_wconf 87' lang='lat' dir='ltr'>saciant</span> <span class='ocrx_word' id='word_1_389' title='bbox 1480 1393 1698 1428; x_wconf 69' lang='lat' dir='ltr'>inviolabiliter</span> <span class='ocrx_word' id='word_1_390' title='bbox 1725 1393 1835 1428; x_wconf 89' lang='lat' dir='ltr'>obser-</span> 
     </span>
     <span class='ocr_line' id='line_1_79' title="bbox 1088 1442 1835 1490; baseline -0.003 -12"><span class='ocrx_word' id='word_1_391' title='bbox 1088 1444 1161 1478; x_wconf 78' lang='lat' dir='ltr'>vari.</span> <span class='ocrx_word' id='word_1_392' title='bbox 1197 1444 1236 1478; x_wconf 90' lang='lat' dir='ltr'>Et</span> <span class='ocrx_word' id='word_1_393' title='bbox 1278 1444 1481 1477; x_wconf 89' lang='lat' dir='ltr'>nibilominus</span> <span class='ocrx_word' id='word_1_394' title='bbox 1513 1442 1634 1477; x_wconf 76' lang='lat' dir='ltr'>eisdem</span> <span class='ocrx_word' id='word_1_395' title='bbox 1673 1443 1835 1490; x_wconf 85' lang='lat' dir='ltr'>utriusque</span> 
     </span>
     <span class='ocr_line' id='line_1_80' title="bbox 1087 1492 1834 1541; baseline -0.001 -13"><span class='ocrx_word' id='word_1_396' title='bbox 1087 1506 1182 1529; x_wconf 85' lang='lat' dir='ltr'>sexus</span> <span class='ocrx_word' id='word_1_397' title='bbox 1209 1502 1376 1541; x_wconf 85' lang='lat' dir='ltr'>quatenus,</span> <span class='ocrx_word' id='word_1_398' title='bbox 1400 1493 1477 1527; x_wconf 90' lang='lat' dir='ltr'>infra</span> <span class='ocrx_word' id='word_1_399' title='bbox 1504 1493 1687 1540; x_wconf 86' lang='lat' dir='ltr'>quindecim</span> <span class='ocrx_word' id='word_1_400' title='bbox 1712 1492 1834 1527; x_wconf 83' lang='lat' dir='ltr'>dierum</span> 
     </span>
     <span class='ocr_line' id='line_1_81' title="bbox 1087 1543 1834 1598; baseline -0.001 -20.999"><span class='ocrx_word' id='word_1_401' title='bbox 1087 1544 1224 1598; x_wconf 85' lang='lat' dir='ltr'>spatium</span> <span class='ocrx_word' id='word_1_402' title='bbox 1265 1556 1280 1577; x_wconf 90' lang='lat' dir='ltr'>a</span> <span class='ocrx_word' id='word_1_403' title='bbox 1309 1543 1360 1576; x_wconf 90' lang='lat' dir='ltr'>die</span> <span class='ocrx_word' id='word_1_404' title='bbox 1384 1543 1605 1590; x_wconf 77' lang='lat' dir='ltr'>publicationis</span> <span class='ocrx_word' id='word_1_405' title='bbox 1638 1543 1811 1577; x_wconf 88' lang='lat' dir='ltr'>eiusdem</span> <span class='ocrx_word' id='word_1_406' title='bbox 1805 1555 1834 1576; x_wconf 87' lang='grc' dir='ltr'>ιιι</span> 
     </span>
     <span class='ocr_line' id='line_1_82' title="bbox 1089 1591 1836 1640; baseline -0.001 -13"><span class='ocrx_word' id='word_1_407' title='bbox 1089 1593 1183 1637; x_wconf 79' lang='lat' dir='ltr'>loco,</span> <span class='ocrx_word' id='word_1_408' title='bbox 1220 1606 1248 1626; x_wconf 89' lang='lat' dir='ltr'>m</span> <span class='ocrx_word' id='word_1_409' title='bbox 1292 1605 1356 1640; x_wconf 89' lang='lat' dir='ltr'>quo</span> <span class='ocrx_word' id='word_1_410' title='bbox 1397 1593 1454 1640; x_wconf 85' lang='lat' dir='ltr'>ipsi</span> <span class='ocrx_word' id='word_1_411' title='bbox 1491 1592 1640 1638; x_wconf 77' lang='lat' dir='ltr'>(legunt,</span> <span class='ocrx_word' id='word_1_412' title='bbox 1675 1591 1836 1627; x_wconf 76' lang='lat' dir='ltr'>faciendae</span> 
     </span>
     <span class='ocr_line' id='line_1_83' title="bbox 1089 1641 1837 1690; baseline -0.001 -12"><span class='ocrx_word' id='word_1_413' title='bbox 1089 1643 1396 1690; x_wconf 85' lang='lat' dir='ltr'>computandorum,</span> <span class='ocrx_word' id='word_1_414' title='bbox 1431 1643 1533 1676; x_wconf 91' lang='lat' dir='ltr'>omnia</span> <span class='ocrx_word' id='word_1_415' title='bbox 1572 1650 1601 1676; x_wconf 89' lang='lat' dir='ltr'>et</span> <span class='ocrx_word' id='word_1_416' title='bbox 1630 1641 1752 1689; x_wconf 83' lang='lat' dir='ltr'>singula</span> <span class='ocrx_word' id='word_1_417' title='bbox 1779 1641 1837 1677; x_wconf 90' lang='lat' dir='ltr'>de-</span> 
     </span>
     <span class='ocr_line' id='line_1_84' title="bbox 1090 1691 1837 1739; baseline -0.003 -11"><span class='ocrx_word' id='word_1_418' title='bbox 1090 1702 1195 1733; x_wconf 84' lang='lat' dir='ltr'>creta,</span> <span class='ocrx_word' id='word_1_419' title='bbox 1231 1692 1403 1727; x_wconf 84' lang='lat' dir='ltr'>decretales</span> <span class='ocrx_word' id='word_1_420' title='bbox 1437 1691 1585 1739; x_wconf 87' lang='lat' dir='ltr'>epistolas</span> <span class='ocrx_word' id='word_1_421' title='bbox 1623 1702 1653 1726; x_wconf 81' lang='lat' dir='ltr'>et</span> <span class='ocrx_word' id='word_1_422' title='bbox 1681 1692 1837 1727; x_wconf 88' lang='lat' dir='ltr'>constitu-</span> 
     </span>
     <span class='ocr_line' id='line_1_85' title="bbox 1091 1741 1839 1790; baseline -0.003 -13"><span class='ocrx_word' id='word_1_423' title='bbox 1091 1744 1192 1778; x_wconf 88' lang='lat' dir='ltr'>tiones</span> <span class='ocrx_word' id='word_1_424' title='bbox 1212 1743 1383 1790; x_wconf 86' lang='lat' dir='ltr'>praedicta‚</span> <span class='ocrx_word' id='word_1_425' title='bbox 1399 1743 1480 1776; x_wconf 90' lang='lat' dir='ltr'>acin</span> <span class='ocrx_word' id='word_1_426' title='bbox 1498 1741 1558 1776; x_wconf 91' lang='lat' dir='ltr'>illis</span> <span class='ocrx_word' id='word_1_427' title='bbox 1574 1751 1602 1776; x_wconf 93' lang='lat' dir='ltr'>ct</span> <span class='ocrx_word' id='word_1_428' title='bbox 1618 1743 1648 1776; x_wconf 88' lang='lat' dir='ltr'>in</span> <span class='ocrx_word' id='word_1_429' title='bbox 1666 1742 1839 1789; x_wconf 81' lang='lat' dir='ltr'>praesentis</span> 
     </span>
     <span class='ocr_line' id='line_1_86' title="bbox 1093 1791 1840 1828; baseline -0.003 -1"><span class='ocrx_word' id='word_1_430' title='bbox 1093 1801 1218 1828; x_wconf 86' lang='lat' dir='ltr'>nostrae</span> <span class='ocrx_word' id='word_1_431' title='bbox 1240 1791 1473 1827; x_wconf 86' lang='lat' dir='ltr'>constitutionis</span> <span class='ocrx_word' id='word_1_432' title='bbox 1496 1791 1595 1826; x_wconf 90' lang='lat' dir='ltr'>literis</span> <span class='ocrx_word' id='word_1_433' title='bbox 1613 1800 1758 1826; x_wconf 86' lang='lat' dir='ltr'>contenta</span> <span class='ocrx_word' id='word_1_434' title='bbox 1781 1791 1840 1826; x_wconf 90' lang='lat' dir='ltr'>ob-</span> 
     </span>
     <span class='ocr_line' id='line_1_87' title="bbox 1093 1841 1840 1889; baseline -0.003 -13"><span class='ocrx_word' id='word_1_435' title='bbox 1093 1855 1215 1877; x_wconf 87' lang='lat' dir='ltr'>servare</span> <span class='ocrx_word' id='word_1_436' title='bbox 1236 1842 1386 1889; x_wconf 88' lang='lat' dir='ltr'>incipiant</span> <span class='ocrx_word' id='word_1_437' title='bbox 1409 1850 1438 1875; x_wconf 89' lang='lat' dir='ltr'>et</span> <span class='ocrx_word' id='word_1_438' title='bbox 1458 1841 1616 1876; x_wconf 75' lang='lat' dir='ltr'>observari</span> <span class='ocrx_word' id='word_1_439' title='bbox 1639 1841 1753 1876; x_wconf 79' lang='lat' dir='ltr'>faciant</span> <span class='ocrx_word' id='word_1_440' title='bbox 1767 1853 1840 1875; x_wconf 87' lang='lat' dir='ltr'>cum</span> 
     </span>
     <span class='ocr_line' id='line_1_88' title="bbox 1093 1890 1841 1939; baseline -0.003 -12.945"><span class='ocrx_word' id='word_1_441' title='bbox 1093 1892 1219 1931; x_wconf 82' lang='lat' dir='ltr'>effectu·</span> <span class='ocrx_word' id='word_1_442' title='bbox 1235 1904 1292 1926; x_wconf 88' lang='lat' dir='ltr'>nec</span> <span class='ocrx_word' id='word_1_443' title='bbox 1309 1892 1348 1926; x_wconf 90' lang='lat' dir='ltr'>de</span> <span class='ocrx_word' id='word_1_444' title='bbox 1371 1899 1495 1926; x_wconf 86' lang='lat' dir='ltr'>caetero</span> <span class='ocrx_word' id='word_1_445' title='bbox 1520 1890 1583 1926; x_wconf 91' lang='lat' dir='ltr'>ullo</span> <span class='ocrx_word' id='word_1_446' title='bbox 1607 1903 1745 1939; x_wconf 89' lang='lat' dir='ltr'>unquam</span> <span class='ocrx_word' id='word_1_447' title='bbox 1762 1899 1841 1926; x_wconf 86' lang='lat' dir='ltr'>tem-</span> 
     </span>
     <span class='ocr_line' id='line_1_89' title="bbox 1095 1940 1841 1997; baseline -0.003 -21"><span class='ocrx_word' id='word_1_448' title='bbox 1095 1954 1170 1997; x_wconf 80' lang='lat' dir='ltr'>pore</span> <span class='ocrx_word' id='word_1_449' title='bbox 1192 1950 1300 1976; x_wconf 83' lang='lat' dir='ltr'>contra</span> <span class='ocrx_word' id='word_1_450' title='bbox 1334 1941 1501 1988; x_wconf 85' lang='lat' dir='ltr'>praemissa</span> <span class='ocrx_word' id='word_1_451' title='bbox 1527 1940 1573 1974; x_wconf 70' lang='lat' dir='ltr'>tel</span> <span class='ocrx_word' id='word_1_452' title='bbox 1596 1941 1721 1988; x_wconf 84' lang='lat' dir='ltr'>aliquod</span> <span class='ocrx_word' id='word_1_453' title='bbox 1749 1951 1841 1988; x_wconf 87' lang='lat' dir='ltr'>prae-</span> 
     </span>
     <span class='ocr_line' id='line_1_90' title="bbox 1095 1990 1842 2045; baseline -0.003 -20"><span class='ocrx_word' id='word_1_454' title='bbox 1095 1992 1282 2029; x_wconf 87' lang='lat' dir='ltr'>missorum</span> <span class='ocrx_word' id='word_1_455' title='bbox 1308 1991 1337 2025; x_wconf 92' lang='lat' dir='ltr'>in</span> <span class='ocrx_word' id='word_1_456' title='bbox 1361 1998 1426 2025; x_wconf 89' lang='lat' dir='ltr'>toto</span> <span class='ocrx_word' id='word_1_457' title='bbox 1457 1990 1501 2025; x_wconf 76' lang='lat' dir='ltr'>vel</span> <span class='ocrx_word' id='word_1_458' title='bbox 1539 1991 1569 2024; x_wconf 92' lang='lat' dir='ltr'>in</span> <span class='ocrx_word' id='word_1_459' title='bbox 1599 2000 1697 2038; x_wconf 88' lang='lat' dir='ltr'>parte,</span> <span class='ocrx_word' id='word_1_460' title='bbox 1725 2002 1783 2045; x_wconf 84' lang='lat' dir='ltr'>per</span> <span class='ocrx_word' id='word_1_461' title='bbox 1809 2002 1842 2023; x_wconf 88' lang='lat' dir='ltr'>se</span> 
     </span>
     <span class='ocr_line' id='line_1_91' title="bbox 1097 2040 1843 2087; baseline 0 -13"><span class='ocrx_word' id='word_1_462' title='bbox 1097 2041 1142 2074; x_wconf 60' lang='lat' dir='ltr'>vel</span> <span class='ocrx_word' id='word_1_463' title='bbox 1166 2042 1261 2075; x_wconf 90' lang='lat' dir='ltr'>alium</span> <span class='ocrx_word' id='word_1_464' title='bbox 1284 2053 1339 2075; x_wconf 81' lang='lat' dir='ltr'>seu</span> <span class='ocrx_word' id='word_1_465' title='bbox 1362 2041 1460 2079; x_wconf 83' lang='lat' dir='ltr'>alios</span> <span class='ocrx_word' id='word_1_466' title='bbox 1483 2040 1593 2087; x_wconf 90' lang='lat' dir='ltr'>quovis</span> <span class='ocrx_word' id='word_1_467' title='bbox 1625 2040 1766 2087; x_wconf 90' lang='lat' dir='ltr'>quaesito</span> <span class='ocrx_word' id='word_1_468' title='bbox 1787 2050 1843 2074; x_wconf 89' lang='lat' dir='ltr'>co-</span> 
     </span>
     <span class='ocr_line' id='line_1_92' title="bbox 1096 2069 1844 2131; baseline -0.003 -7"><span class='ocrx_word' id='word_1_469' title='bbox 1096 2090 1172 2131; x_wconf 86' lang='lat' dir='ltr'>lore,</span> <span class='ocrx_word' id='word_1_470' title='bbox 1196 2091 1314 2125; x_wconf 83' lang='lat' dir='ltr'>directe</span> <span class='ocrx_word' id='word_1_471' title='bbox 1331 2091 1376 2125; x_wconf 77' lang='lat' dir='ltr'>vel</span> <span class='ocrx_word' id='word_1_472' title='bbox 1405 2069 1569 2130; x_wconf 83' lang='lat' dir='ltr'>indirecte,</span> <span class='ocrx_word' id='word_1_473' title='bbox 1591 2090 1704 2130; x_wconf 69' lang='lat' dir='ltr'>venire,</span> <span class='ocrx_word' id='word_1_474' title='bbox 1732 2089 1844 2130; x_wconf 81' lang='lat' dir='ltr'>facere,</span> 
     </span>
     <span class='ocr_line' id='line_1_93' title="bbox 1097 2143 1846 2190; baseline -0.003 -11"><span class='ocrx_word' id='word_1_475' title='bbox 1097 2157 1152 2179; x_wconf 85' lang='lat' dir='ltr'>seu</span> <span class='ocrx_word' id='word_1_476' title='bbox 1177 2145 1263 2179; x_wconf 89' lang='lat' dir='ltr'>aliter</span> <span class='ocrx_word' id='word_1_477' title='bbox 1296 2153 1448 2178; x_wconf 82' lang='lat' dir='ltr'>attentare</span> <span class='ocrx_word' id='word_1_478' title='bbox 1474 2143 1610 2178; x_wconf 78' lang='lat' dir='ltr'>audeant</span> <span class='ocrx_word' id='word_1_479' title='bbox 1639 2143 1684 2177; x_wconf 78' lang='lat' dir='ltr'>vel</span> <span class='ocrx_word' id='word_1_480' title='bbox 1712 2155 1846 2190; x_wconf 85' lang='lat' dir='ltr'>praesu-</span> 
     </span>
     <span class='ocr_line' id='line_1_94' title="bbox 1099 2197 1847 2247; baseline -0.004 -13"><span class='ocrx_word' id='word_1_481' title='bbox 1099 2208 1203 2234; x_wconf 89' lang='lat' dir='ltr'>mant:</span> <span class='ocrx_word' id='word_1_482' title='bbox 1227 2199 1379 2247; x_wconf 87' lang='lat' dir='ltr'>alioquin,</span> <span class='ocrx_word' id='word_1_483' title='bbox 1395 2199 1489 2245; x_wconf 89' lang='lat' dir='ltr'>lapsis</span> <span class='ocrx_word' id='word_1_484' title='bbox 1508 2198 1619 2232; x_wconf 86' lang='lat' dir='ltr'>diebus</span> <span class='ocrx_word' id='word_1_485' title='bbox 1641 2197 1774 2242; x_wconf 87' lang='lat' dir='ltr'>eisdem,</span> <span class='ocrx_word' id='word_1_486' title='bbox 1796 2198 1847 2231; x_wconf 89' lang='lat' dir='ltr'>iu-</span> 
     </span>
     <span class='ocr_line' id='line_1_95' title="bbox 1098 2251 1848 2299; baseline -0.004 -11"><span class='ocrx_word' id='word_1_487' title='bbox 1098 2254 1165 2288; x_wconf 89' lang='lat' dir='ltr'>daei</span> <span class='ocrx_word' id='word_1_488' title='bbox 1181 2254 1227 2288; x_wconf 84' lang='lat' dir='ltr'>vel</span> <span class='ocrx_word' id='word_1_489' title='bbox 1240 2253 1403 2297; x_wconf 76' lang='lat' dir='ltr'>saraceni,</span> <span class='ocrx_word' id='word_1_490' title='bbox 1426 2253 1479 2299; x_wconf 91' lang='lat' dir='ltr'>qui</span> <span class='ocrx_word' id='word_1_491' title='bbox 1506 2251 1662 2292; x_wconf 87' lang='lat' dir='ltr'>mandato,</span> <span class='ocrx_word' id='word_1_492' title='bbox 1683 2259 1848 2298; x_wconf 87' lang='lat' dir='ltr'>praecepto</span> 
     </span>
     <span class='ocr_line' id='line_1_96' title="bbox 1099 2306 1847 2353; baseline -0.003 -11"><span class='ocrx_word' id='word_1_493' title='bbox 1099 2317 1129 2342; x_wconf 86' lang='lat' dir='ltr'>et</span> <span class='ocrx_word' id='word_1_494' title='bbox 1156 2308 1254 2342; x_wconf 89' lang='lat' dir='ltr'>literis</span> <span class='ocrx_word' id='word_1_495' title='bbox 1290 2306 1472 2342; x_wconf 83' lang='lat' dir='ltr'>huiusmodi</span> <span class='ocrx_word' id='word_1_496' title='bbox 1502 2306 1647 2340; x_wconf 84' lang='lat' dir='ltr'>resistere</span> <span class='ocrx_word' id='word_1_497' title='bbox 1684 2318 1847 2353; x_wconf 86' lang='lat' dir='ltr'>praesum-</span> 
     </span>
     <span class='ocr_line' id='line_1_97' title="bbox 1101 2361 1849 2409; baseline -0.003 -13"><span class='ocrx_word' id='word_1_498' title='bbox 1101 2362 1233 2409; x_wconf 84' lang='lat' dir='ltr'>pserint,</span> <span class='ocrx_word' id='word_1_499' title='bbox 1249 2372 1278 2396; x_wconf 91' lang='lat' dir='ltr'>et</span> <span class='ocrx_word' id='word_1_500' title='bbox 1293 2375 1365 2397; x_wconf 80' lang='lat' dir='ltr'>cum</span> <span class='ocrx_word' id='word_1_501' title='bbox 1381 2361 1492 2396; x_wconf 81' lang='lat' dir='ltr'>effectu</span> <span class='ocrx_word' id='word_1_502' title='bbox 1512 2373 1572 2395; x_wconf 91' lang='lat' dir='ltr'>non</span> <span class='ocrx_word' id='word_1_503' title='bbox 1597 2361 1770 2408; x_wconf 84' lang='lat' dir='ltr'>paruerint,</span> <span class='ocrx_word' id='word_1_504' title='bbox 1785 2361 1849 2407; x_wconf 86' lang='lat' dir='ltr'>pri—</span> 
     </span>
     <span class='ocr_line' id='line_1_98' title="bbox 1102 2414 1848 2452; baseline -0.004 -2"><span class='ocrx_word' id='word_1_505' title='bbox 1102 2417 1234 2452; x_wconf 85' lang='lat' dir='ltr'>vationis</span> <span class='ocrx_word' id='word_1_506' title='bbox 1250 2429 1306 2451; x_wconf 85' lang='lat' dir='ltr'>seu</span> <span class='ocrx_word' id='word_1_507' title='bbox 1323 2415 1502 2451; x_wconf 85' lang='lat' dir='ltr'>amissionis</span> <span class='ocrx_word' id='word_1_508' title='bbox 1526 2415 1669 2449; x_wconf 90' lang='lat' dir='ltr'>omnium</span> <span class='ocrx_word' id='word_1_509' title='bbox 1693 2414 1848 2449; x_wconf 86' lang='lat' dir='ltr'>bonorum</span> 
     </span>
     <span class='ocr_line' id='line_1_99' title="bbox 1102 2469 1850 2515; baseline -0.007 -9"><span class='ocrx_word' id='word_1_510' title='bbox 1102 2483 1233 2506; x_wconf 88' lang='lat' dir='ltr'>suorum</span> <span class='ocrx_word' id='word_1_511' title='bbox 1258 2470 1421 2505; x_wconf 90' lang='lat' dir='ltr'>mobilium</span> <span class='ocrx_word' id='word_1_512' title='bbox 1442 2478 1472 2503; x_wconf 82' lang='lat' dir='ltr'>et</span> <span class='ocrx_word' id='word_1_513' title='bbox 1498 2469 1706 2504; x_wconf 92' lang='lat' dir='ltr'>immobilium</span> <span class='ocrx_word' id='word_1_514' title='bbox 1727 2479 1850 2515; x_wconf 82' lang='lat' dir='ltr'>poenam</span> 
     </span>
     <span class='ocr_line' id='line_1_100' title="bbox 1104 2522 1850 2572; baseline -0.007 -12"><span class='ocrx_word' id='word_1_515' title='bbox 1104 2527 1278 2565; x_wconf 68' lang='lat' dir='ltr'>incurrant,</span> <span class='ocrx_word' id='word_1_516' title='bbox 1298 2537 1378 2572; x_wconf 79' lang='lat' dir='ltr'>quae</span> <span class='ocrx_word' id='word_1_517' title='bbox 1401 2524 1530 2572; x_wconf 86' lang='lat' dir='ltr'>quidem</span> <span class='ocrx_word' id='word_1_518' title='bbox 1554 2523 1647 2564; x_wconf 86' lang='lat' dir='ltr'>hona,</span> <span class='ocrx_word' id='word_1_519' title='bbox 1672 2522 1716 2557; x_wconf 88' lang='lat' dir='ltr'>vel</span> <span class='ocrx_word' id='word_1_520' title='bbox 1739 2534 1850 2557; x_wconf 88' lang='lat' dir='ltr'>eorum</span> 
     </span>
     <span class='ocr_line' id='line_1_101' title="bbox 1105 2580 1854 2627; baseline -0.005 -13"><span class='ocrx_word' id='word_1_521' title='bbox 1105 2580 1252 2627; x_wconf 88' lang='lat' dir='ltr'>pretium,</span> <span class='ocrx_word' id='word_1_522' title='bbox 1281 2591 1335 2626; x_wconf 92' lang='lat' dir='ltr'>per</span> <span class='ocrx_word' id='word_1_523' title='bbox 1357 2587 1560 2614; x_wconf 79' lang='lat' dir='ltr'>executorem</span> <span class='ocrx_word' id='word_1_524' title='bbox 1588 2589 1643 2612; x_wconf 86' lang='lat' dir='ltr'>seu</span> <span class='ocrx_word' id='word_1_525' title='bbox 1671 2585 1854 2612; x_wconf 78' lang='lat' dir='ltr'>executores</span> 
     </span>
     <span class='ocr_line' id='line_1_102' title="bbox 1106 2630 1854 2680; baseline -0.008 -12"><span class='ocrx_word' id='word_1_526' title='bbox 1106 2642 1229 2668; x_wconf 85' lang='lat' dir='ltr'>nostros</span> <span class='ocrx_word' id='word_1_527' title='bbox 1252 2633 1289 2667; x_wconf 89' lang='lat' dir='ltr'>ad</span> <span class='ocrx_word' id='word_1_528' title='bbox 1313 2632 1372 2667; x_wconf 89' lang='lat' dir='ltr'>boc</span> <span class='ocrx_word' id='word_1_529' title='bbox 1389 2632 1567 2680; x_wconf 87' lang='lat' dir='ltr'>specialiter</span> <span class='ocrx_word' id='word_1_530' title='bbox 1587 2631 1765 2678; x_wconf 79' lang='lat' dir='ltr'>deputatos,</span> <span class='ocrx_word' id='word_1_531' title='bbox 1789 2630 1854 2663; x_wconf 56' lang='lat' dir='ltr'>sine</span> 
     </span>
     <span class='ocr_line' id='line_1_103' title="bbox 1107 2684 1856 2735; baseline -0.007 -13"><span class='ocrx_word' id='word_1_532' title='bbox 1107 2700 1162 2735; x_wconf 89' lang='lat' dir='ltr'>pro</span> <span class='ocrx_word' id='word_1_533' title='bbox 1191 2696 1331 2735; x_wconf 88' lang='lat' dir='ltr'>tempore</span> <span class='ocrx_word' id='word_1_534' title='bbox 1359 2686 1570 2735; x_wconf 83' lang='lat' dir='ltr'>deputandos,</span> <span class='ocrx_word' id='word_1_535' title='bbox 1587 2686 1616 2720; x_wconf 93' lang='lat' dir='ltr'>in</span> <span class='ocrx_word' id='word_1_536' title='bbox 1641 2697 1720 2734; x_wconf 91' lang='lat' dir='ltr'>opus</span> <span class='ocrx_word' id='word_1_537' title='bbox 1748 2684 1856 2728; x_wconf 70' lang='lat' dir='ltr'>huius-</span> 
     </span>
    </p>
   </div>
   <div class='ocr_carea' id='block_1_13' title="bbox 1883 298 2020 324">
    <p class='ocr_par' dir='ltr' id='par_1_16' title="bbox 1883 298 2020 324">
     <span class='ocr_line' id='line_1_104' title="bbox 1883 298 2020 324; baseline 0 0"><span class='ocrx_word' id='word_1_538' title='bbox 1883 300 1924 324; x_wconf 73' lang='lat' dir='ltr'>.t]</span> <span class='ocrx_word' id='word_1_539' title='bbox 1955 298 2020 324; x_wconf 62' lang='lat' dir='ltr'>tltb&#39;ss</span> 
     </span>
    </p>
   </div>
  </div>
 </body>
</html>
