2281 3251
528 291 598 325 626

479 357 618 392 unanimi
654 368 806 392 consensu
844 364 949 389 eontra
979 354 1226 389 immanissimos

478 406 594 443 Christi
619 407 754 441 nominis
778 406 895 447 hostes,
911 404 949 439 ad
973 404 1044 439 fidei
1060 404 1226 439 exaltatio-

479 470 550 492 nem
565 456 850 499 (·oiii·¹i·ti,suiiitiio
859 455 963 489 studio
975 454 1224 501 concupivimus.

527 511 546 551 ,ξ
569 509 601 540 5.
632 506 762 541 Etcum
788 517 803 539 a
831 503 1073 552 quampluribus
1102 504 1228 550 praede-

293 564 316 585 Ει
337 565 405 587 mois.
426 570 464 591 iro
479 557 655 591 cessoribns
685 555 799 589 nostris
834 554 986 589 Romanis
1016 553 1226 589 Pontificibus

279 597 464 648 ἷῒῖἶῖῗῖ,“.,,’ςοςῖἶ
479 606 731 649 constitutiones,
747 604 885 639 diversas
898 615 1048 639 censuras
1061 613 1090 638 et
1109 615 1227 651 poenas

295 668 332 681 ¹··
350 663 464 694 ¹¹·¹¹5··¹0¹'·
481 659 508 691 in
525 668 558 690 se
580 655 790 695 continentes,
813 661 921 690 contra
943 662 1136 701 occupantes
1151 654 1227 689 civi-

280 695 463 742 iiisscci'sslsshsslisss
481 715 557 741 tates
581 714 609 740 et
638 713 733 739 terras
755 713 784 739 et
808 704 872 739 loca
893 703 1092 748 huiusmodi,
1108 713 1161 738 aut
1176 703 1226 739 illa

279 758 325 804 {22³
341 756 464 804 Jff'n'g'gffss
479 756 632 790 hostiliter
654 754 846 793 invadentes,
862 753 1086 794 emanaverint,
1113 761 1143 789 et
1161 754 1228 789 siu-

280 822 325 835 nau
348 815 373 835 ιῑΓ
391 816 462 834 lesi-*m
477 806 558 852 gulis
572 805 662 839 anuis
677 816 828 839 censurae
842 803 1024 838 huiusmodi
1038 811 1144 838 contra
1155 804 1227 839 talia

279 850 464 901 ssfi‘m⁶'ff,¹.,¹1‘,',‘‚¹,{⁰‘
479 863 716 903 praesumentes
734 855 762 889 in
786 854 836 889 die
851 854 977 889 Coeuae
990 853 1117 889 Domini
1134 854 1225 889 inno-

479 914 602 946 ventur;
618 917 652 940 ea
676 913 814 952 propter,
833 916 871 938 ne
895 912 1047 939 terrarum
1070 912 1123 938 aut
1145 904 1227 939 loco-

477 968 543 990 rum
574 967 609 989 ae
638 955 754 989 iuriuin
789 966 844 988 seu
874 953 1028 988 bonorum
1052 952 1086 988 S.
1121 953 1161 989 R.
1189 953 1225 988 E.

476 1017 582 1040 curam
604 1004 767 1050 negligere
784 1004 956 1047 videamur,
972 1015 1094 1038 necnon
1113 1003 1150 1038 ad
1167 1004 1227 1038 tol-

477 1055 599 1089 lendam
628 1066 725 1102 super
753 1054 935 1100 praemissis
958 1054 1151 1100 ignorantiae
1174 1062 1227 1088 aut

475 1104 646 1139 cuiuslibet
668 1103 798 1139 alterius
823 1104 948 1150 generis
975 1104 1227 1148 excusationem,

475 1167 586 1190 omnes
601 1164 629 1188 et
646 1153 788 1200 singulas
807 1153 1053 1188 constitutiones
1075 1163 1103 1188 et
1122 1153 1226 1189 literas

475 1204 665 1260 apostolicas
686 1216 723 1238 ac
750 1215 929 1251 processus
945 1204 999 1251 qni
1021 1203 1155 1250 singulis
1170 1216 1227 1238 an-

445 1299 448 1302 ,
476 1268 524 1289 nis
549 1253 674 1301 publice
701 1252 941 1301 promulgantur
969 1266 1000 1287 iu
1025 1231 1091 1288 (Ιίοὓ
1100 1253 1226 1288 Cocuae

474 1303 617 1340 Domini
632 1316 669 1338 ex
687 1316 773 1337 more
788 1302 1005 1338 Romanorum
1023 1303 1225 1344 Pontificum

474 1366 509 1389 ae
545 1342 620 1388 alias
642 1365 862 1401 quascumque
891 1353 1132 1388 constitutiones
1168 1365 1225 1389 scu

474 1404 643 1439 canonicas
657 1403 837 1438 sanctiones
855 1403 1096 1450 quomodolibet
1115 1403 1226 1448 editas,

281 301 331 328 Αη.
349 301 378 328 C.
396 302 463 329 15¹5

474 1453 810 1489 excommunicationis
824 1464 859 1487 ac
873 1452 950 1487 alias
963 1454 1147 1493 sententias,
1157 1465 1227 1487 cen-

473 1515 562 1538 suras
584 1511 613 1537 et
641 1514 758 1550 poenas
780 1510 888 1536 contra
917 1502 1058 1538 civitates
1071 1511 1101 1537 et
1117 1511 1225 1548 terras,

474 1554 538 1588 loca
553 1560 582 1586 et
598 1553 664 1587 iura
679 1552 845 1586 addictam
863 1552 1037 1587 Romanam
1052 1552 1223 1587 Ecclesiam

475 1602 661 1648 pertinentia
691 1610 896 1649 occupantes,
919 1610 971 1636 aut
994 1602 1043 1637 illa
1071 1602 1226 1637 hostiliter

474 1653 656 1687 invadentes
678 1652 725 1687 vel
748 1653 785 1686 ad
809 1651 851 1693 id,
875 1664 975 1700 perse
993 1652 1038 1686 vel
1057 1652 1151 1687 alium
1168 1665 1224 1687 seu

473 1702 561 1747 alios,
578 1702 743 1745 auxilium,
757 1702 925 1737 consilium
940 1701 987 1736 vel
1010 1702 1160 1746 favorem,
1176 1702 1225 1737 di-

473 1760 556 1787 recte
573 1752 618 1786 vel
642 1751 806 1792 indirecte,
821 1752 973 1792 autalias,
992 1753 1104 1799 quovis
1126 1764 1225 1800 quae-

472 1802 532 1836 sito
559 1801 675 1845 colore,
703 1809 859 1847 praestare
888 1810 1138 1849 praesumentes,
1161 1815 1225 1837 cu-

476 1852 664 1899 iuscumque
677 1851 808 1896 ordinis,
827 1852 1081 1898 praeeminentiae
1096 1860 1125 1886 et
1141 1864 1225 1886 eon-

473 1901 604 1936 ditionis
633 1909 663 1935 et
690 1908 813 1944 status,
840 1903 931 1936 etiam
960 1902 984 1935 si
1013 1902 1225 1937 cardinalatus

472 1960 526 1986 aut
555 1950 773 1998 patriarchali,
802 1951 913 1998 regali,
936 1951 1064 1997 reginali
1090 1960 1144 1986 aut
1166 1952 1223 1986 alia

473 2002 584 2048 quavis
611 2001 825 2036 ecclesiastiea
854 2001 900 2035 vel
939 2001 1097 2035 mundana
1129 2013 1224 2049 prae—

472 2051 612 2098 fulgeant
635 2050 802 2098 dignitatc,
824 2051 1035 2094 continentes,
1063 2052 1225 2098 approba-

472 2114 545 2136 mus
566 2110 596 2136 ct
619 2101 820 2141 innovamus,
849 2101 980 2149 illasque
1004 2101 1225 2137 inviolabiliter

474 2155 630 2191 observari
658 2156 773 2191 debere
795 2156 1005 2191 decernimus.

521 2211 587 2258 54.
602 2211 650 2246 Ac
664 2223 775 2246 omnes
790 2219 821 2246 et
835 2211 979 2257 singulos
996 2223 1098 2257 reges,
1114 2211 1224 2257 duces,

473 2266 645 2314 principes,
669 2265 884 2307 marchiones,
912 2266 1063 2306 comites,
1092 2266 1224 2301 barones

472 2333 508 2356 ac
531 2322 807 2361 communitatum,
830 2321 1084 2358 universitatum.
1107 2329 1167 2356 tam
1193 2323 1223 2356 in

473 2375 570 2417 ltalia,
583 2389 677 2424 quam
702 2386 788 2412 extra
803 2376 922 2412 Italiam
940 2376 1141 2411 existentium
1159 2377 1224 2411 sin-

472 2431 560 2477 gulas
574 2431 895 2478 persoiias,civitates,
908 2439 1003 2466 terras
1016 2438 1047 2466 et
1057 2430 1137 2474 loca,
1150 2443 1224 2478 prae-

473 2486 579 2521 sertim
603 2486 747 2521 Parmam
772 2495 801 2522 et
826 2486 1085 2532 Placentiam,ad
1109 2486 1223 2521 dictam

471 2539 648 2576 Romanam
671 2541 848 2576 Ecclesiam
873 2541 1007 2577 mediate
1035 2541 1080 2577 vel
1111 2541 1224 2575 imme-

472 2595 554 2631 diate
578 2596 775 2644 pertinentia,
799 2609 852 2632 sen
872 2597 902 2631 in
919 2609 1052 2644 quarum
1075 2595 1122 2631 vel
1143 2607 1224 2643 quo-

474 2662 555 2692 rum,
570 2660 623 2687 aut
640 2651 809 2687 cuiuslibet
827 2664 933 2687 earum
958 2651 1003 2687 vel
1021 2663 1129 2687 eorum
1151 2661 1225 2698 pos-

474 2705 616 2742 sessione
643 2705 883 2755 quomodolibet
910 2706 1022 2743 eadem
1046 2705 1080 2742 S.
1108 2704 1146 2740 R.
1174 2703 1225 2749 Ε.,

288 2263 390 2291 ῐόοηωφ
404 2265 458 2285 mul-

274 2298 303 2315 tu!
320 2296 414 2322 imponit.

1067 300 1202 323 numni
1209 299 1251 322 ΓΜ
1277 300 1434 322 ROMANUM

2038 303 2088 328 Ᾰυ.
2106 302 2135 328 C.
2155 302 2220 329 ¹515

1270 366 1326 402 per
1351 366 1384 388 se
1407 355 1452 389 vel
1476 355 1584 399 alium,
1611 356 1761 400 extiterit,
1788 355 1940 390 hostiliter
1969 371 2020 390 in-

1271 404 1431 448 vadentes,
1453 412 1506 438 aut
1527 405 1740 452 stipendiariis
1759 405 1960 453 equestribus
1976 406 2023 441 vel

1271 454 1470 501 pedestribus
1497 463 1551 489 aut
1585 455 1674 499 sine,
1697 455 1789 490 etiam
1818 455 2023 491 advocatione

1271 503 1472 550 populorum,
1491 516 1547 539 seu
1570 504 1738 540 factionum
1761 513 1813 540 aut
1834 508 2023 552 privatarum

1272 565 1493 600 personarum,
1521 562 1574 589 aut
1592 554 1669 589 alias
1696 555 1971 603 qualitercumque
1994 564 2024 591 et

1271 603 1574 652 quomodocumque
1601 613 1629 639 et
1657 606 1766 652 quovis
1788 606 1932 653 quaesito
1961 617 2025 640 co-

1271 653 1337 688 lore
1363 661 1417 688 aut
1438 654 1568 701 ingenio
1584 681 1593 698 ,
1620 654 1739 701 absque
1767 664 1871 690 nostra
1893 655 2023 702 speciali

1271 703 1395 738 licentia
1418 712 1622 752 occupantes;
1642 716 1764 739 necnon
1789 706 2024 752 stipendiarios,

1270 762 1433 800 equestres
1444 762 1498 789 aut
1513 754 1685 802 pedestreS,
1694 754 1934 802 quomodolibet
1945 767 2024 790 con-

1273 812 1315 838 tra
1331 813 1512 851 praesentes
1527 804 1630 839 literas
1646 813 1768 839 nostras
1789 812 1819 839 et
1842 804 1871 839 in
1887 805 1933 840 eis
1946 817 2024 840 eou—

1272 862 1354 889 tenta
1382 853 1570 895 militantes,
1587 862 1640 888 ant
1661 853 1833 899 auxilium,
1855 854 2022 890 eonsilium

1272 903 1317 937 vel
1346 902 1482 939 savorem
1513 912 1720 952 praestantes,
1742 916 1778 938 ex
1808 912 1893 951 parte
1915 905 2024 939 omni-

1272 954 1406 1000 potentis
1432 954 1509 999 Dei,
1538 954 1640 989 Patris
1670 963 1700 990 et
1728 953 1798 989 Filii
1828 963 1857 989 et
1883 953 2024 1001 Spiritus

1269 1003 1391 1041 Sancti
1413 1004 1597 1039 auctoritate
1613 1003 1775 1039 beatorum
1791 1003 1873 1039 Petri
1889 1012 1919 1039 et
1933 1003 2023 1040 Pauli

1269 1053 1482 1101 apostolorum
1496 1067 1532 1090 ac
1545 1061 1650 1089 nostra
1666 1061 1696 1088 et
1711 1054 1750 1088 de
1765 1054 1948 1102 potestatis,
1961 1053 2024 1102 ple-

1271 1103 1413 1138 nitudine
1445 1104 1782 1144 excommunicamus,
1813 1104 2023 1139 anathemati-

1270 1165 1376 1188 zamus
1413 1166 1449 1189 ac
1485 1153 1715 1189 maledictionis
1749 1163 1779 1188 et
1812 1153 2023 1190 damnationis

1269 1211 1414 1238 aeternae
1430 1216 1583 1240 mucrone
1600 1204 1807 1252 percutimus
1826 1215 1863 1238 ae
1878 1204 2021 1239 omnium

1269 1253 1555 1290 ecclesiasticarum
1572 1265 1776 1290 censurarum
1801 1253 1921 1301 laqueis
1944 1254 2023 1301 liga-

1270 1312 1318 1338 tos
1345 1312 1375 1337 et
1403 1305 1540 1339 irretitos
1566 1316 1647 1344 esse,
1675 1304 1783 1350 vigore
1807 1303 2021 1350 praesentium

1269 1353 1484 1395 decernimus,
1507 1366 1543 1390 ae
1565 1366 1635 1389 reos
1657 1353 1797 1388 criminis
1811 1353 1912 1388 laesae
1931 1353 2024 1389 maie·

1269 1403 1368 1447 statis,
1387 1411 1416 1437 et
1439 1417 1455 1439 a
1479 1403 1562 1440 Sede
1591 1402 1770 1450 Apostoliea
1789 1411 1820 1437 et
1840 1415 1857 1438 a
1879 1402 1966 1438 S.R.
1984 1403 2021 1438 E.

1268 1465 1303 1487 ac
1317 1453 1466 1489 omnibus
1488 1454 1589 1488 dictae
1604 1453 1767 1488 Romanae
1782 1452 1942 1487 Ecclesiae
1960 1453 2023 1487 de-

1271 1504 1359 1542 votis,
1371 1515 1564 1539 cumeorum
1576 1503 1678 1547 bonis,
1691 1510 1841 1549 perpetuo
1855 1501 2022 1547 diffidatos,

1269 1553 1402 1588 infames
1430 1562 1460 1588 et
1486 1553 1642 1588 inhabiles
1669 1552 1707 1587 ad
1738 1564 1850 1587 omnes
1871 1552 2023 1588 ecclesia-

1268 1603 1362 1637 stieas
1381 1602 1428 1638 vel
1449 1603 1626 1638 mundanas
1656 1602 1824 1649 dignitates
1846 1613 2022 1649 omnesque

1268 1661 1356 1687 actus
1383 1652 1553 1700 legitimos,
1570 1661 1601 1688 et
1623 1652 1836 1687 ecclesiastiea
1859 1651 2021 1699 sepultura

1268 1702 1415 1750 indignos
1427 1715 1508 1748 esse,
1521 1703 1706 1738 auctoritate
1721 1710 1751 1737 et
1767 1710 1919 1750 potestate
1934 1714 2021 1750 prae·

1268 1752 1359 1787 dictis
1381 1753 1473 1788 etiam
1497 1753 1711 1788 decernimus.

1316 1807 1332 1847 ξ
1355 1805 1386 1838 5.
1409 1803 1449 1839 Et
1464 1802 1655 1850 generaliter
1670 1801 1822 1841 civitates
1837 1809 1946 1848 terras,
1961 1814 2020 1850 op·
2047 1815 2222 1837 eminentio-

1269 1852 1338 1898 pida
1356 1861 1385 1887 et
1405 1831 1483 1888 locaD
1482 1864 1714 1901 quaecumque
1734 1850 1771 1886 ad
1785 1863 1864 1898 quae
1880 1851 2019 1899 aliquem
2035 1852 2074 1900 ffi,
2095 1846 2221 1906 arssffizfl

1268 1902 1452 1937 eorumdem
1486 1903 1832 1938 excommunicatorum
1861 1901 2020 1938 declinare
2034 1911 2091 1936 τιυὶ
2106 1909 2219 1932 immeto

1267 1952 1444 1998 contigerit,
1477 1953 1628 2001 quamdiu
1657 1951 1772 1986 ibidem
1799 1952 2021 1998 permanserit,
2037 1941 2134 1966 'mm'

1268 2002 1362 2036 etiam
1380 2002 1485 2037 triduo
1500 2011 1738 2050 postrecessum
1752 2000 1907 2045 eiusdem,
1923 2001 2022 2037 eccle-

1269 2052 1394 2086 siastico
1417 2053 1582 2088 interdicto
1604 2052 1803 2092 subiicimus3
1820 2063 1942 2086 necnon
1965 2064 2021 2087 ex-

1268 2103 1531 2144 communicatos,
1553 2102 1834 2139 anathematizatos
1862 2111 1892 2137 et
1920 2102 2022 2138 male-

1268 2157 1379 2201 dictos,
1404 2158 1512 2199 titulis,
1534 2157 1743 2205 dignitatibus
1765 2166 1794 2192 et
1830 2157 2019 2203 honoribus,

1269 2212 1297 2246 in
1313 2211 1430 2259 quibus
1452 2212 1613 2247 constituti
1636 2212 1786 2254 existunt;
1803 2220 1832 2247 et
1855 2220 1916 2247 tam
1933 2213 2021 2260 ipsos

1267 2279 1360 2314 quam
1383 2268 1637 2311 communitates,
1652 2275 1764 2308 castra,
1778 2266 1894 2314 oppida
1909 2275 1939 2302 et
1952 2267 2019 2302 loca

1269 2323 1450 2371 praedicta,
1479 2322 1628 2357 omnibus
1651 2321 1824 2370 privilegiis
1840 2349 1848 2362 ,
1871 2321 2019 2368 indultis,

1268 2378 1361 2413 etiam
1379 2377 1483 2414 Studii
1508 2375 1677 2424 generalis,
1704 2376 1963 2413 concessionibus
1989 2386 2020 2414 et

1267 2434 1374 2479 gratiis
1390 2461 1398 2475 ,
1426 2431 1633 2480 dignitatibus
1648 2460 1655 2472 ,
1679 2431 1852 2466 honoribus
1866 2460 1874 2473 ,
1902 2432 2019 2480 quibus

1269 2496 1400 2523 utuntur
1421 2496 1452 2523 et
1478 2486 1613 2533 gaudent
1633 2499 1687 2522 seu
1711 2486 1822 2521 muniti
1851 2494 1936 2527 sunt;
1960 2499 2018 2523 nee

1269 2555 1330 2577 non
1352 2543 1441 2578 bonis
1471 2541 1630 2583 omnibus,
1653 2553 1733 2589 quae
1761 2542 1790 2576 in
1818 2540 1946 2576 feudum
1970 2542 2017 2577 vel

1269 2598 1297 2631 in
1321 2597 1543 2645 emphiteusim
1573 2608 1628 2632 seu
1657 2595 1733 2632 alias
1759 2608 1773 2631 a
1798 2595 1931 2643 praefata
1956 2596 2020 2632 Ro-

1268 2664 1360 2688 mana
1377 2652 1424 2688 vel
1439 2652 1508 2688 aliis
1522 2650 1672 2692 ecclesiis,
1686 2650 1882 2686 monasteriis
1897 2660 1926 2685 et
1941 2650 2018 2686 loeis

1268 2706 1488 2744 ecclesiasticis
1503 2715 1556 2743 aut
1571 2707 1646 2743 alias
1660 2705 1907 2755 quomodolibet,
1922 2702 2016 2743 etiam
