2281 3251
244 281 292 308 An.
310 281 338 308 C.
360 282 427 309 ¹5¹9

243 785 305 805 lulius
323 784 340 804 Η
361 785 425 805 edidit

244 816 281 835 hae
298 817 322 835 do
339 821 361 836 re
373 821 426 835 con-

248 848 385 866 stitutionem.

268 990 305 1011 ule
329 990 425 1011 Pontifex

242 1027 287 1042 enm
303 1022 424 1046 confirmat;

288 2545 360 2567 Duella
370 2547 432 2566 itibus

250 2583 328 2604 poenas

353 2580 415 2603 auget
427 2585 431 2600 ;

497 275 565 307 7⁶28

444 341 517 376 titos
535 349 667 376 conatus
685 354 700 376 a
717 342 868 376 Romanis
883 341 1091 376 Pontificibus
1106 354 1197 389 prae-

443 391 662 427 decessoribus
684 392 800 426 nostris
814 399 926 426 statuta
950 392 1087 433 fuerunt,
1113 400 1144 426 ut
1159 404 1196 427 eo

444 441 566 476 firmius
592 441 808 483 observentur,
844 453 907 488 quo
930 442 1056 488 saepius
1081 441 1195 476 fuerint

442 491 626 525 auctoritate
651 490 820 537 apostolica
843 492 1051 535 communita,
1073 503 1197 538 appro-

443 541 554 575 bamus
581 549 610 575 et
639 553 718 575 novo
747 541 921 575 munimine
946 541 1142 584 roboramus,
1166 551 1191 576 et

442 591 466 624 si
490 602 551 636 qua
578 590 615 624 ad
643 590 879 637 perterrendum
910 592 1034 625 animos
1059 591 1196 626 audaces

443 640 571 674 meliora
595 640 668 679 sint,
695 640 732 674 iis
753 640 938 681 adiicimus,
963 649 1055 688 prout
1081 642 1109 674 in
1129 641 1194 675 Do—

442 690 528 724 mino
550 690 766 736 conspicimus
789 689 956 725 salubriter
977 690 1138 737 expedire.

490 739 510 783 g
540 742 571 773 l.
599 739 728 773 Dudum
752 739 908 786 siquidem
932 752 947 775 a
971 740 1072 775 felicis
1088 752 1192 775 recor-

442 787 576 824 dationis
601 788 680 824 lulio
703 789 807 836 Papae
830 789 856 823 ll
881 790 1123 837 praedecessore
1144 802 1193 825 no-

441 847 504 873 stro
518 847 700 873 emanarunt
715 839 823 874 literae
839 841 955 875 tenoris
974 839 1194 888 subsequentis

443 888 584 923 videlicet
607 891 664 932 (l).

490 937 510 983 S
531 940 564 972 2.
593 937 674 973 Cum
698 947 817 983 autem,
843 939 926 974 sicut
945 940 1138 988 accepimus,
1163 941 1192 974 in

441 987 560 1023 eisdem
577 988 675 1023 literis
695 997 853 1033 contenta,
869 989 907 1024 ab
929 990 1035 1037 aliquo
1051 999 1193 1037 ternpore

441 1037 529 1082 citra,
544 1051 607 1073 non
631 1038 746 1073 fuerint
764 1039 940 1079 observata,
956 1049 1035 1075 etex
1047 1052 1084 1074 eo
1099 1053 1192 1087 quam

443 1087 572 1134 plurimi
591 1088 736 1133 barones,
747 1089 868 1124 domini
884 1091 1073 1135 temporales
1087 1099 1117 1125 et
1130 1091 1194 1134 alii,

443 1138 625 1183 praesertim
648 1139 749 1173 eidem
766 1139 930 1174 Romanae
944 1140 1106 1175 Ecclesiae
1118 1140 1195 1174 sub-

441 1187 510 1228 diti,
537 1187 616 1222 adeo
641 1189 843 1234 procliviores
865 1190 902 1224 ad
935 1190 1138 1236 pugnandum
1164 1191 1193 1224 in

443 1236 548 1272 duello
564 1237 677 1272 redditi
701 1239 776 1283 sint,
791 1247 823 1273 ut
848 1239 960 1285 passim
976 1239 1117 1286 quotidie
1130 1239 1196 1273 sin—

442 1287 562 1333 gularia
590 1288 744 1322 eiusmodi
773 1289 943 1323 certamina
968 1289 1084 1336 ubique
1106 1302 1195 1324 com-

443 1336 523 1370 mitti
558 1337 749 1380 videantur,
784 1351 820 1373 ac
847 1339 969 1373 domini
1005 1339 1196 1385 temporales

445 1386 572 1432 praefati
595 1399 820 1436 armorumque
842 1388 939 1423 duces
962 1401 1017 1423 eos
1043 1391 1080 1423 ad
1097 1389 1124 1422 id
1146 1389 1196 1422 in-

443 1436 539 1471 vitare
561 1437 637 1484 quin
658 1439 763 1484 potius
790 1439 911 1473 irritare
931 1451 992 1473 non
1016 1439 1196 1479 formident3

444 1493 474 1519 et
492 1498 562 1520 cum
579 1487 609 1521 in
637 1500 745 1522 eorum
773 1489 937 1523 territoriis
952 1498 981 1523 et
1005 1488 1197 1523 iurisdictio-

445 1535 538 1571 nibus
552 1544 653 1572 tutum
670 1539 865 1585 pancratium
881 1539 945 1573 sive
959 1551 1063 1573 aream
1082 1550 1198 1586 praepa-

445 1594 524 1629 rent,
539 1595 565 1621 et
590 1588 659 1622 talia
676 1596 806 1622 eruenta
823 1589 1000 1635 spectacula
1017 1589 1197 1632 exhibeant,

443 1642 474 1669 et
491 1635 553 1671 illis
570 1638 747 1673 comitivam
766 1646 935 1685 praestent,
953 1651 1010 1673 nos
1025 1639 1120 1685 igitur
1135 1651 1197 1674 non

443 1686 551 1721 minus
569 1687 786 1723 detestabilem
807 1689 836 1722 in
856 1688 961 1723 duello
977 1689 1197 1735 pugnantium,

443 1748 539 1783 quam
557 1737 686 1778 ducum,
702 1738 868 1777 comitum,
892 1739 1125 1782 marchionum,
1142 1739 1198 1773 ba·

443 1799 571 1832 ronum,
587 1787 829 1823 domicellorum
854 1797 883 1823 et
905 1800 1064 1823 armorum
1082 1790 1198 1835 capita-

444 1849 577 1871 neorum
606 1838 804 1885 aliorumque
839 1839 1042 1873 dominorum
1073 1848 1198 1886 tempo-

443 1886 556 1921 ratium
585 1889 630 1922 eis
652 1888 688 1922 ad
713 1888 742 1922 id
770 1888 921 1922 auxilium
940 1917 947 1928 ,
979 1889 1147 1923 consilium
1168 1898 1197 1924 et

444 1936 580 1972 favorem
619 1939 843 1985 praestantium
874 1939 1045 1984 nequitiam
1074 1951 1109 1973 ac
1138 1939 1198 1973 im-

445 1986 575 2032 probam
598 2000 708 2022 eorum
731 1988 955 2023 conscientiam
980 1988 1198 2035 reprobantes⁷

443 2038 497 2084 qui
511 2038 548 2072 ad
565 2050 599 2073 ea
614 2038 738 2073 visenda
755 2038 957 2081 conveniunt,
977 2048 1004 2072 et
1022 2039 1197 2073 animarum

444 2087 536 2122 saluti
559 2088 811 2123 christifidelium
836 2089 1025 2135 opportunis
1050 2089 1197 2122 remediis

445 2138 602 2173 indefesso
615 2139 720 2173 studio
734 2138 913 2185 prospicere
925 2138 1076 2178 volentes,
1094 2138 1199 2173 literas

444 2187 512 2222 lulii
530 2188 784 2233 praedecessoris
803 2188 946 2235 praefati,
962 2198 1048 2223 motu
1070 2190 1199 2235 proprio

444 2245 475 2272 et
502 2249 540 2272 ex
561 2247 644 2272 certa
672 2239 802 2273 scientia
827 2246 930 2273 nostra
959 2250 995 2272 ac
1027 2238 1123 2272 animi
1141 2239 1199 2272 de-

444 2287 641 2332 liberatione,
670 2288 780 2322 liarum
804 2289 899 2330 serie,
925 2288 1200 2334 auctoritateapo—

444 2337 551 2373 stolica
575 2338 799 2384 approbamus,
822 2338 1089 2373 conlirmamuset
1113 2338 1200 2372 inno·
1219 2333 1222 2408 Ι

445 2399 566 2427 vamus,
581 2400 615 2422 ac
632 2389 795 2435 paesentis
808 2389 914 2436 scripti
928 2388 1102 2436 patrocinio
1117 2400 1199 2423 eom-

446 2450 621 2473 munimus.

496 2488 570 2535 §3-
598 2487 792 2523 Adiieientes
819 2497 848 2522 et
876 2488 987 2522 eadem
1017 2488 1200 2523 auctoritate

447 2538 616 2584 apostoliea
641 2545 814 2573 statuentes
830 2539 914 2585 quod
939 2547 1112 2585 pugnantes
1141 2539 1198 2585 ipsi

448 2600 511 2623 non
534 2587 634 2622 solum
664 2588 774 2635 poenis
804 2588 972 2635 praedictis
1000 2588 1200 2630 subiaceant,

484 2660 523 2694 (l)
539 2659 678 2687 Omittitur
701 2663 776 2687 tenor
803 2659 877 2687 istius
901 2660 1113 2692 constitutionis,
1140 2659 1200 2694 quia

449 2707 506 2727 eam
528 2700 608 2728 habes
623 2708 715 2735 supra,
733 2709 792 2735 pag.
810 2700 872 2727 [171⁴.

1045 287 1123 309 svm,
1133 287 1181 308 tnt
1188 287 1231 309 m!
1262 286 1422 309 ROMANFM

2006 289 2054 315 An.
2073 287 2102 316 C.
2122 289 2188 316 1519

1238 342 1292 377 sed
1316 354 1424 376 eorum
1445 343 1594 377 memoria
1609 352 1760 390 perpetuo
1776 343 1920 378 damnata
1936 345 1988 387 sit,

1237 404 1271 426 ac
1300 392 1380 426 bona
1410 393 1582 439 proscripta
1610 394 1671 426 sint
1694 401 1725 427 et
1752 393 1904 428 Gamerae
1931 406 1988 429 no-

1237 450 1319 476 strae
1342 442 1542 488 Apostolicae
1564 443 1730 478 confiscata
1753 455 1790 477 eo
1814 444 1892 490 ipso.

1287 497 1302 534 ᾗ
1329 494 1361 525 4.
1380 492 1495 535 nus-es,
1512 491 1656 535 barones,
1669 493 1812 530 comites,
1829 493 1988 528 mareliio-
2013 505 2187 527 Pei-mittentibus

1238 554 1292 576 nes
1314 550 1343 576 et
1367 541 1485 575 domini
1510 542 1710 588 temporales,
1738 543 1854 586 vicarii,
1878 543 1988 578 feuda-
2003 543 2084 589 ¹¹:22⁰?ss
2121 539 2189 565 ‘⁰¹⁰⁰’

1238 592 1320 634 tarii,
1347 604 1507 626 armorum
1537 592 1710 638 capitanei,
1744 594 1987 628 communitates
2042 584 2047 594 '

1236 654 1363 689 qnoque.
1391 642 1574 685 civitatum,
1610 648 1762 676 terrarum
1789 651 1819 676 et
1846 642 1986 678 locorum

1236 691 1339 726 oid-»m
1356 690 1516 725 Romanae
1529 690 1691 725 Ecclesiae
1713 691 1847 725 mediate
1862 692 1908 727 vel
1932 694 1988 726 im-

1237 741 1372 776 mediate
1386 741 1613 784 subiectorum,
1637 753 1782 786 campum
1798 741 1834 775 ad
1849 754 1989 788 pugnan-

1236 791 1312 825 dum
1337 799 1543 838 praestantes,
1566 803 1628 824 non
1649 791 1749 825 solum
1768 803 1884 837 poenas
1898 804 1989 839 prae-

1236 840 1336 876 dictas
1364 841 1538 883 incurrant,
1561 840 1614 875 sed
1638 840 1676 874 ab
1699 841 1784 874 omni
1809 841 1988 888 iure,qu0d

1238 892 1266 925 in
1296 891 1372 925 locis
1394 900 1423 925 et
1455 890 1619 925 territoriis
1641 891 1708 924 suis
1735 890 1895 932 obtinent,
1919 891 1988 938 ipso

1237 940 1317 976 facto
1345 941 1470 978 cadant,
1494 940 1635 987 illudque
1659 940 1697 974 ad
1720 939 1885 975 Cameram
1903 953 1991 988 prae-

1238 991 1328 1026 fatam
1352 990 1535 1025 devolvatur
1557 999 1586 1024 et
1614 990 1794 1025 devolutum
1823 1003 1892 1025 esse
1907 1003 1990 1025 cen-

1236 1049 1362 1079 seatur,
1393 1041 1513 1088 absque
1537 1040 1595 1074 alia
1619 1040 1830 1075 declaratione
1853 1041 1990 1088 desuper

1237 1090 1389 1125 facienda.

1285 1141 1304 1187 g
1327 1143 1359 1175 5.
1385 1140 1448 1182 Qui
1477 1152 1550 1174 vero
1567 1139 1604 1173 ad
1630 1140 1699 1174 talia
1717 1147 1847 1174 cruenta
1863 1147 1989 1187 specta-

1237 1190 1305 1225 cula
1324 1190 1455 1224 ridenda
1472 1190 1689 1231 convenerint,
1711 1189 1735 1224 si
1750 1189 1884 1233 nobiles,
1899 1190 1990 1237 quin-

1237 1249 1417 1286 gentorunu
1438 1240 1462 1273 si
1480 1240 1650 1274 mediocris
1675 1240 1831 1283 fortunae,
1847 1248 1989 1282 centum;

1237 1291 1261 1324 si
1285 1302 1358 1324 vero
1383 1289 1548 1335 ignobiles,
1578 1290 1829 1336 vigintiquinque
1857 1290 1990 1324 ducato-

1239 1352 1319 1383 rum,
1341 1352 1462 1374 necnon
1479 1348 1817 1374 excommunicationis
1832 1349 1861 1374 et
1879 1351 1992 1387 perpe-

1238 1398 1310 1424 tuae
1337 1389 1571 1424 maledictionis
1595 1401 1725 1436 poenam
1751 1389 1928 1432 incurrant,
1955 1401 1993 1424 ac

1240 1440 1328 1474 locus
1362 1440 1427 1486 ipse
1456 1440 1668 1474 ecclesiastico
1700 1439 1863 1474 subiaceat
1893 1440 1993 1474 inter-

1239 1489 1335 1524 dieto.

1286 1540 1306 1586 ἓ
1328 1541 1360 1573 (3.
1383 1539 1424 1573 Et
1447 1538 1578 1585 insuper
1597 1539 1700 1573 omnia
1725 1547 1755 1573 et
1777 1539 1912 1585 singula,
1929 1547 1990 1574 tam
2007 1556 2054 1578 hm
2077 1555 2095 1577 u
2113 1555 2191 1578 suum

1240 1602 1294 1636 per
1318 1589 1430 1623 lulium
1454 1588 1732 1635 praedecessorem
1761 1597 1873 1623 statuta
1896 1597 1938 1634 et,
1959 1590 2111 1624 ut¹¹¹¹¹⁰'“'³

1240 1639 1423 1686 praefertur,
1451 1651 1508 1685 per
1530 1651 1587 1673 nos
1609 1638 1791 1673 confirmata
1815 1648 1845 1673 et
1867 1639 1927 1674 illis
1942 1639 1992 1674 ad·

1241 1691 1331 1732 iecta,
1356 1697 1524 1736 perpetuae
1540 1688 1696 1722 firmitatis
1718 1689 1815 1723 robur
1836 1689 1992 1734 obtinere,

1239 1751 1274 1773 ac
1302 1739 1524 1774 inviolabiliter
1558 1739 1715 1773 observari
1743 1738 1859 1774 debere
1881 1739 1993 1774 decer-

1241 1790 1354 1823 nimus.

1289 1840 1308 1886 S
1326 1844 1356 1873 7.
1372 1838 1443 1880 Quo
1459 1839 1542 1873 circa
1552 1838 1720 1873 venerabili
1736 1837 1820 1873 fratri
1837 1838 1990 1886 Raphaeli
2006 1851 2136 1874 ament-‚res
2152 1852 2194 1874 ‹ie-

1240 1890 1390 1936 episcopo
1400 1888 1551 1928 Ostiensi,
1568 1889 1739 1923 camerario
1759 1897 1877 1934 nostro,
1892 1901 1928 1924 ac
1942 1889 1991 1923 di·
2006 1886 2076 1910 ⁹⁰²⁸²³

1241 1940 1328 1974 lectis
1345 1939 1415 1973 liliis
1437 1938 1688 1986 praesidentibus
1703 1946 1733 1972 et
1746 1939 1869 1973 clericis
1890 1938 1992 1974 dictae

1240 1989 1392 2024 Gamerae
1421 2001 1476 2036 pro
1499 1997 1639 2035 tempore
1661 1989 1880 2028 existentibus,
1903 1997 1990 2024 motu

1240 2039 1336 2074 simili
1366 2038 1554 2073 mandamus
1576 2047 1733 2085 quatenus
1761 2047 1942 2084 praesentes
1961 2039 1991 2073 li·

1242 2098 1322 2124 teras
1336 2090 1532 2129 solemniter,
1550 2096 1642 2135 prout
1657 2088 1716 2123 sibi
1739 2088 1907 2129 videbitur,
1925 2101 1993 2136 pu-

1242 2143 1360 2188 blicari,
1389 2143 1535 2189 ipsasque
1562 2155 1598 2177 ac
1620 2143 1723 2177 omnia
1751 2151 1781 2177 et
1807 2143 1930 2189 singula
1962 2143 1992 2177 in

1241 2198 1286 2232 cis
1296 2206 1441 2232 contenta
1463 2196 1683 2231 inviolabiliter
1695 2196 1851 2231 observari
1867 2197 1993 2237 facianu

1241 2252 1502 2287 contrafacientes
1531 2263 1604 2286 vero
1639 2251 1813 2298 praedictas
1841 2264 1993 2286 censuras

2031 1151 2192 1179 Spectatoribu·

2005 1189 2086 1210 poenas
2103 1183 2190 1210 inuiam

1219 2316 1273 2342 ‘et
1301 2319 1418 2354 poenas
1440 2306 1661 2341 daumabiliter
1688 2306 1859 2340 incurrisse
1886 2306 1992 2341 decla-

1242 2370 1321 2401 rent,
1338 2373 1373 2396 ac
1391 2360 1562 2395 summarie
1576 2368 1605 2394 et
1621 2372 1730 2394 eorum
1745 2360 1889 2394 camerali
1907 2373 1994 2395 more

1241 2424 1488 2464 exequantur‚ct
1499 2414 1755 2450 irremissibiliter
1768 2415 1906 2461 exigant,
1917 2427 1995 2450 con-

1243 2478 1350 2505 vocato
1364 2470 1483 2510 adhoc,
1503 2470 1526 2504 si
1555 2481 1637 2515 opus
1659 2468 1764 2513 fuerit,
1785 2469 1904 2504 auxilio
1920 2469 1992 2504 bra-

1242 2525 1302 2559 cliii
1320 2524 1506 2568 saeculariS,
1528 2535 1623 2569 super
1645 2523 1761 2570 quibus
1783 2523 1918 2570 amplam
1934 2523 1994 2558 eis-

1242 2579 1313 2613 dem
1328 2579 1536 2613 concedimus
1555 2577 1732 2612 facultatem
1749 2586 1779 2612 et
1796 2586 1991 2624 potestatem.

1292 2634 1311 2679 ἓ
1339 2636 1370 2667 8.
1394 2633 1463 2668 Non
1491 2633 1689 2668 obstantibus
1711 2632 1859 2668 omnibus
1880 2645 1994 2681 supra·
2020 2643 2136 2666 Contrariis
2154 2645 2193 2666 ‹ie-

1243 2687 1356 2728 dictis,
1383 2696 1435 2722 aut
1459 2689 1485 2722 si
1514 2687 1687 2736 aliquibus,
1709 2687 1920 2723 communiter
1945 2688 1992 2723 vel
2007 2679 2073 2702 ‘⁰³⁸¹'
