2281 3251
109 270 175 301 An.
193 269 220 298 C.
239 270 307 297 tw.)

372 323 392 371 5
413 327 446 358 2.
475 322 508 357 ln
534 321 661 357 nomine
687 321 782 368 igitur
811 320 946 355 Sanctae
968 320 1093 354 Τι-ἰιιί-Ἰ

137 381 246 419 Protea-10
284 381 309 402 ab
325 374 408 414 tatis,
435 371 538 407 Patris
564 379 594 406 et
621 370 694 405 Filii
726 380 756 405 et
777 370 917 417 Spiritus
944 370 1074 410 Sancti,

125 413 384 466 Σῗζὲᾞζηῗὲξῆξὴοο
415 433 504 456 sacro
531 420 697 456 universali
726 419 919 467 approbante
943 418 1075 454 Floren-

125 474 230 497 ’ΜΟ-Μ
324 472 390 506 tino
425 471 571 511 concilio,
599 469 787 507 definimus,
824 477 856 504 ut
894 468 969 503 liacc
1004 468 1075 503 fidei

325 522 439 556 veritas
465 519 504 555 ab
536 519 685 555 omnibus
718 518 899 553 christianis
933 518 1077 553 credatur

324 579 354 606 et
376 570 576 617 suscipiatur,
599 570 708 616 sicque
725 581 836 603 ornnes
860 568 1076 615 profiteantur.

374 620 393 666 S
417 622 448 654 5.
472 618 565 661 Quod
592 617 733 665 Spiritus
755 617 893 652 Sanctus
928 630 964 651 ex
988 617 1079 652 Patre

136 677 164 698 De
172 677 311 704 processione
325 677 354 703 ct
369 668 449 703 Filio
465 668 664 702 aeternaliter
675 676 734 712 est,
749 676 779 702 et
798 666 964 701 essentiam
976 679 1078 704 suain,

127 709 217 737 §⁹¹¹¹‘u'
231 706 311 730 ⁵³⁰⁰²¹³
326 729 485 765 suumque
506 729 576 751 esse
599 716 775 751 subsistens
803 716 896 750 habet
924 728 960 750 cx
983 715 1077 749 Patre

326 767 421 802 simul
444 775 474 801 et
488 765 581 806 Filio,
604 774 633 800 et
656 778 693 800 ex
714 775 847 812 utroque
869 764 1079 807 aeternaliter,

327 825 488 864 tamquam
516 815 556 849 ab
579 827 642 850 uno
666 815 819 862 principio
847 823 876 848 et
900 814 990 848 unita
1013 813 1080 859 spi-

329 866 459 906 ratione,
471 864 621 912 procedit.
634 864 837 898 Declarantes
850 862 934 910 quod
953 863 980 896 id
996 863 1080 909 qnod

328 915 427 949 sancti
450 915 596 949 doctores
618 922 648 948 et
668 913 777 948 Patres
801 913 912 947 dicunt
932 925 967 946 ex
990 911 1082 946 Patre

329 977 383 1011 per
407 963 520 998 Filium
545 963 715 1010 procedere
736 962 892 1009 Spiritum
915 961 1082 1001 Sanctum,

329 1013 366 1048 ad
390 1013 472 1047 hanc
495 1012 730 1058 intelligentiam
756 1012 867 1050 tendit,
890 1019 923 1045 ut
947 1023 1002 1057 per
1025 1011 1082 1044 lioc

329 1062 528 1107 significetur
541 1060 657 1096 Filium
672 1074 800 1109 qnoque
813 1073 894 1101 esse,
906 1060 1082 1094 secundum

329 1111 458 1147 Graecos
471 1111 613 1159 quidem,
635 1123 780 1152 causanu
799 1110 974 1145 secundum
998 1109 1085 1145 Lati-

331 1174 389 1196 nos
402 1174 490 1202 vero,
504 1160 693 1208 principium
708 1160 932 1195 subsistentiae
947 1159 1085 1206 Spiritus

331 1211 438 1246 Sancti
455 1211 538 1245 sicut
553 1218 582 1245 et
599 1209 739 1244 Patrem.
756 1209 796 1244 Et
809 1210 959 1257 quoniam
981 1209 1085 1244 omnia

331 1272 411 1308 quae
437 1259 539 1294 Patris
572 1267 667 1302 sunt,
694 1260 787 1294 Pater
821 1260 888 1308 ipse
925 1259 1086 1306 unigenito

331 1307 412 1344 Filio
439 1321 498 1344 suo
524 1309 686 1356 gignendo
713 1309 822 1350 dedit,
857 1317 979 1356 praeter
1018 1320 1087 1343 csse

331 1357 478 1399 Patrem,
507 1359 566 1394 lioc
595 1360 697 1405 ipsum
726 1358 811 1406 quod
839 1358 978 1406 Spiritus
1005 1357 1088 1393 San-

332 1417 402 1443 ctus
417 1407 557 1456 procedit
582 1420 620 1443 ex
638 1406 730 1443 Filio:
755 1409 823 1456 ipse
837 1407 939 1443 Filius
962 1421 976 1442 a
996 1407 1088 1442 Patre

333 1457 536 1493 aeternaliter
554 1458 680 1505 genitus
697 1467 754 1492 est.
766 1457 945 1493 Definimus
961 1457 1090 1504 insuper

334 1507 578 1555 explicationem
594 1507 764 1542 vei-borum
782 1507 919 1546 illorum,
937 1508 1089 1553 Filioque,

335 1557 473 1592 veritatis
495 1556 703 1592 declarandae
721 1558 832 1604 gratia.
852 1567 882 1592 et
905 1557 1090 1592 imminente

336 1615 412 1642 tune
447 1607 652 1648 necessitate,
689 1607 772 1642 licite
800 1620 836 1642 ac
864 1606 1090 1642 rationabiliter

335 1655 488 1706 Symbola
509 1656 607 1692 fuisse
628 1657 818 1704 appositam.

385 1707 405 1754 g
430 1708 465 1740 4.
499 1706 590 1747 Item,
618 1706 647 1741 in
671 1719 778 1754 azymo
806 1706 870 1741 sive
904 1706 1091 1741 sermentato

154 1765 322 1787 cmucrnione
339 1768 418 1802 pane
433 1756 556 1791 triticeo
578 1755 705 1803 Corpus
719 1755 837 1791 Christi
857 1757 1007 1791 veraciter
1021 1768 1093 1790 con—

138 1794 405 1853 iffrmffiff225'⁹¹ficiz
428 1806 673 1853 sacerdotesque
694 1807 722 1839 in
746 1806 844 1840 altero
870 1806 1009 1853 ipsorum
1028 1805 1093 1839 Do-

339 1855 414 1890 mini
431 1854 558 1902 Corpus
572 1855 727 1890 conficere
743 1855 872 1900 debere,
888 1867 1093 1902 unumquem-

338 1917 401 1952 que
423 1905 544 1940 scilicet
566 1905 649 1939 iuxta
667 1917 741 1939 suae
764 1904 925 1940 Ecclesiae
947 1905 1012 1939 sive
1029 1903 1094 1939 Oc-

339 1954 509 1989 cidentalis
527 1955 592 1989 sive
614 1953 790 1989 Orientalis
812 1954 1093 1989 consuetudinem.

388 2003 409 2050 S
431 2005 464 2038 5.
488 2004 579 2048 ltem,
602 2004 627 2038 si
656 2015 727 2039 vere
754 2004 954 2050 poenitentes
982 2004 1011 2038 in
1035 2003 1093 2038 Dei

151 2059 277 2102 rum-iptio
304 2061 326 2081 οἱ
340 2055 470 2089 caritate
486 2052 692 2094 decesserint,
715 2062 884 2101 antequam
904 2053 1009 2100 dignis
1028 2065 1096 2099 poe-

140 2091 260 2119 ⁹¹²⁸¹³‘¹¹⁵’
340 2103 494 2138 nitentiae
520 2101 676 2138 fructibus
704 2103 743 2138 de
766 2103 948 2138 commissis
974 2102 1097 2137 satisfe-

340 2153 443 2188 cerint
475 2160 505 2187 et
533 2152 670 2198 omissis,
698 2165 807 2188 eornm
837 2154 957 2188 animas
986 2152 1098 2200 poenis

342 2202 515 2251 purgatorii
540 2210 609 2250 post
632 2211 766 2238 mortem
792 2203 935 2251 purgari:
959 2210 1001 2244 et,
1026 2211 1058 2238 ut
1081 2214 1096 2237 a

342 2253 453 2300 poenis
481 2251 664 2287 huiusmodi
704 2252 909 2294 releventur,
948 2252 1098 2300 prodesse

341 2303 387 2337 eis
411 2301 551 2338 fidelium
580 2301 719 2337 vivorum
743 2302 905 2349 suffragia,
929 2303 1096 2337 missarum

342 2352 462 2388 scilicet
484 2352 656 2393 sacrificia,
684 2354 843 2388 orationes
869 2361 898 2387 et
921 2352 1098 2400 eleemosy-

343 2415 400 2437 nas
427 2410 457 2437 ct
483 2403 542 2437 alia
571 2402 696 2448 pietatis
727 2402 841 2444 officia,
867 2414 947 2449 quae
973 2415 988 2437 a
1019 2403 1099 2437 fide-

343 2451 428 2486 libus
463 2464 518 2499 pro
549 2451 617 2486 aliis
647 2451 795 2487 fidelibus
822 2452 889 2487 lieri
924 2464 1101 2487 consueve-

344 2510 429 2545 runt,
451 2501 628 2537 secundum
658 2501 819 2537 Ecclesiae
848 2501 1001 2536 instituta.

395 2550 462 2598 §6-
479 2550 674 2598 lllorumque
696 2551 818 2586 animas
840 2551 904 2598 qui,
931 2558 1000 2597 post
1024 2550 1102 2597 bap-

148 2599 437 2656 ,5,22}?;;2⁶1„⁶E.¹'¹⁵¹¹¹³
464 2608 662 2647 susceptum,
687 2600 804 2635 nullam
828 2600 959 2635 omnino
983 2601 1100 2647 pcccati

148 2666 252 2692 sitorum
348 2649 503 2685 maculam
532 2651 757 2691 incurrerunt;
785 2649 852 2684 illas
882 2650 975 2684 etiam
1011 2661 1103 2697 qnae,

427 2706 503 2737 Bull.
526 2705 602 2736 Rom.
625 2706 680 2737 Vol.
704 2706 732 2736 V.
929 2706 947 2737 ὃ

946 264 1104 288 Evoenus
1134 264 1165 286 ΙΥ
1195 264 1242 286 ΙΨ.

1775 255 1814 287 -tt

1118 328 1187 366 post
1214 324 1405 353 couti-actam
1436 317 1553 363 peccati
1581 319 1746 359 maculam,
1771 320 1815 354 rel
1841 320 1870 353 in

1117 369 1182 403 suis
1205 367 1394 415 corporibus
1415 367 1459 400 vel
1480 367 1597 401 eisdem
1622 376 1734 403 exutae
1757 381 1871 415 corpo-

1119 418 1206 452 ribus
1244 423 1354 464 (prout
1381 416 1531 462 superius
1558 417 1677 451 dictum
1706 422 1770 462 est)
1798 426 1872 452 sunt

1120 475 1282 515 purgatae,
1313 466 1342 500 in
1366 466 1489 500 coelum
1519 478 1591 501 mox
1616 466 1730 513 recipi,
1758 476 1787 502 et
1818 467 1873 501 in-

1120 517 1198 552 tueri
1222 517 1304 551 clare
1329 516 1433 562 ipsum
1465 514 1565 550 Deum
1590 517 1707 550 trinum
1727 525 1756 551 et
1774 529 1872 551 uuum

1120 566 1212 601 sicuti
1238 573 1296 606 cst,
1321 577 1377 612 pro
1401 565 1586 599 meritorum
1614 575 1715 601 tamen
1741 565 1875 600 diversi-

1121 625 1197 654 tate,
1219 616 1310 649 aliam
1334 614 1392 648 alia
1422 614 1602 661 perfectius.

1887 267 1936 292 An.
1957 265 1986 291 C.
2001 263 2068 293 tw)

1169 664 1189 711 ἓ
1226 666 1257 697 7.
1286 663 1413 698 Illorum
1454 671 1557 698 autem
1593 664 1737 704 animas,-
1755 664 1808 710 qni
1845 664 1875 697 in
1935 675 2035 701 interm

1122 713 1234 748 actuali
1255 713 1375 747 mortali
1405 720 1544 759 peccato,
1569 712 1614 746 vel
1638 712 1706 747 solo
1729 712 1877 759 originali

1122 762 1293 802 decedunt,
1324 773 1394 795 inox
1425 762 1454 795 in
1485 761 1643 796 infernum
1671 761 1877 802 descendere,

1124 812 1234 859 poenis
1257 819 1361 844 tamen
1385 810 1566 856 disparibus
1593 811 1780 857 puniendas.

1172 865 1187 904 ξ
1210 862 1242 895 8.
1265 860 1356 903 Item,
1375 860 1544 894 delinimus
1567 860 1716 895 Sanctam
1740 860 1879 907 Aposto-
1902 870 2078 892 Pt'lmssufloma-

1125 910 1213 944 licam
1242 909 1359 944 Sedent
1383 916 1412 943 et
1434 908 1614 944 Romanum
1640 909 1827 944 Pontificem
1849 904 1914 943 ἰιι1ἱί
1929 901 2050 925 Ρο“““”““;

1127 959 1309 993 universum
1348 958 1456 993 orbem
1487 966 1593 993 tenere
1629 960 1814 1006 primatum,
1851 967 1881 992 et

1126 1009 1229 1055 ipsum
1247 1008 1434 1042 Pontificem
1459 1007 1636 1042 Romanum
1661 1020 1880 1043 successorem

1125 1070 1195 1093 esse
1226 1057 1264 1092 B.
1293 1057 1376 1091 Petri
1418 1057 1569 1103 principis
1602 1059 1829 1104 apostolorum,
1852 1066 1882 1091 ct

1128 1120 1235 1142 verum
1269 1106 1386 1141 Christi
1423 1105 1602 1147 Vicarium,
1630 1109 1792 1153 totiusque
1820 1106 1882 1141 Ec-

1127 1157 1240 1192 clesiae
1274 1163 1380 1204 caput,
1402 1164 1430 1190 et
1458 1158 1602 1190 omnium
1637 1156 1882 1190 christianorum

1129 1216 1246 1254 patrein
1275 1218 1312 1241 ac
1333 1205 1495 1240 doctorem
1519 1207 1664 1249 existere,
1688 1214 1718 1240 et
1745 1206 1817 1253 ipsi,
1852 1206 1882 1240 in

1130 1256 1165 1291 B.
1190 1256 1302 1296 Petro,
1341 1255 1507 1302 pascendi,
1543 1256 1672 1301 regendi
1706 1268 1741 1290 ac
1767 1255 1884 1301 guber-

1130 1306 1223 1340 nandi
1256 1305 1467 1340 universalem
1502 1304 1676 1341 Ecclesiam
1705 1318 1720 1339 a
1747 1305 1885 1339 Domino

1131 1365 1238 1391 nostro
1272 1355 1343 1390 Iesu
1380 1354 1506 1389 Clu-isto
1542 1354 1668 1401 plenam
1698 1362 1884 1402 potestatem

1130 1405 1275 1440 traditam
1304 1416 1395 1444 esse,
1428 1404 1698 1451 quemadmodum
1734 1404 1826 1439 etiam
1857 1404 1886 1437 in

1130 1456 1228 1502 gestis
1254 1454 1524 1490 oecumenicorum
1561 1454 1766 1488 conciliorum
1800 1461 1829 1488 et
1857 1453 1887 1487 in

1131 1506 1229 1540 sacris
1251 1504 1428 1539 canonibus
1449 1503 1641 1537 continetur.

1180 1559 1195 1598 ἓ
1222 1557 1255 1589 9.
1279 1554 1481 1589 Renovantes
1504 1553 1636 1600 insuper
1658 1551 1805 1587 ordinem
1830 1559 1889 1587 tra-

1132 1605 1231 1639 ditum
1262 1605 1291 1638 in
1328 1604 1505 1638 canonibus
1532 1612 1729 1638 caeterorum
1758 1613 1888 1637 venera-

1134 1655 1245 1689 bilium
1267 1653 1527 1702 patriarcharum,
1552 1661 1583 1687 ut
1607 1652 1780 1700 patriarcba
1803 1651 1890 1686 Con-

1133 1704 1434 1751 stantinopolitanus
1455 1702 1619 1738 secundus
1646 1702 1685 1737 sit
1714 1709 1782 1749 post
1810 1713 1891 1736 san-

1134 1754 1312 1789 ctixsinium
1340 1753 1521 1788 Romanum
1550 1751 1756 1796 Pontificem,
1779 1752 1891 1785 tertius

1136 1816 1207 1839 vero
1226 1803 1475 1843 Alexandrinus,
1499 1811 1628 1848 quartus
1652 1810 1756 1835 autem
1781 1801 1893 1835 Antio-

1135 1853 1269 1897 chenus,
1291 1861 1322 1888 et
1348 1853 1478 1899 quintus
1493 1851 1811 1898 Hierosolyinitanus,
1835 1849 1895 1884 sal-

1138 1904 1183 1938 vis
1199 1902 1345 1937 videlicet
1364 1901 1515 1936 omnibus
1531 1900 1702 1948 privilegiis
1717 1908 1747 1935 et
1769 1899 1892 1934 iuribus

1136 1964 1261 1987 eorum.

1186 2010 1301 2045 Datum
1329 2008 1519 2048 Florentiae,
1544 2008 1574 2042 in
1598 2008 1739 2043 sessione
1767 2007 1894 2054 publica

1137 2059 1296 2108 synodali,
1327 2059 1512 2094 solemniter
1551 2059 1580 2092 in
1619 2058 1752 2092 ecclesia
1785 2056 1894 2091 maiori

1137 2109 1311 2149 celebrata,
1338 2121 1422 2143 anuo
1459 2108 1686 2143 lncarnatiouis
1714 2107 1895 2142 dominicae

1137 2170 1367 2203 arccccxxxrx,
1387 2157 1486 2206 pridie
1510 2170 1607 2192 nonas
1624 2157 1702 2197 iulii,
1728 2155 1896 2204 pontifica-

1140 2218 1190 2244 tus
1214 2217 1312 2243 nostri
1340 2220 1424 2243 anno
1451 2218 1495 2242 tx.

1189 2259 1257 2306 Ego
1285 2257 1465 2305 Eugenius,
1493 2257 1606 2292 cathol.
1633 2256 1793 2292 Ecclesiae
1827 2254 1896 2303 epi·
1923 2265 2091 2294 eugennrapaa

1140 2321 1270 2357 scopus,
1294 2309 1334 2343 ita
1357 2308 1514 2342 definiens
1542 2307 1726 2354 subscripsi.

1914 1565 1993 1587 Ordine
2019 1567 2060 1589 peti
2069 1571 2087 1582 1-

1902 1595 2019 1616 archarum.

1231 2384 1365 2417 Adi'ulor
1386 2390 1411 2415 el
1432 2379 1585 2427 prolecloi·
1608 2392 1688 2413 meus
1712 2391 1740 2413 es
1763 2387 1805 2415 (ιι,

1281 2433 1424 2471 Domine,
1440 2444 1475 2464 ne
1491 2431 1682 2474 derelinquas
1698 2440 1751 2462 me.

1193 2503 1260 2550 Ego
1275 2502 1447 2545 Antonius,
1461 2502 1632 2548 episcopus
1648 2497 1815 2539 Ostiensis,
1834 2508 1895 2530 car·
1923 2509 1946 2530 ει
1962 2510 1982 2545 με.Α
2000 2510 2020 2530 n.
2038 2510 2095 2530 Eri-t.

1144 2553 1259 2588 dinalis
1280 2552 1504 2591 Bononiensis,
1528 2549 1722 2596 supradictas
1745 2541 2095 2600 tlefi¹¹31¹⁰·2{fl¹p¹.“12'“⁸⁸'‘

1146 2615 1201 2637 nes
1237 2614 1324 2636 veras
1359 2609 1390 2636 et
1416 2600 1586 2635 catholicas
1619 2610 1689 2632 csse
1716 2595 1837 2631 affirmo
1866 2603 1896 2628 et

1148 2664 1196 2686 me
1224 2651 1285 2686 illis
1313 2650 1500 2698 subscripsi.
