2281 3251
120 242 169 269 An.
188 242 216 269 C.
232 242 297 269 ¹508

126 599 238 625 [etlaptirl
257 599 301 618 ¹⁸9th

118 632 195 650 «lituum
211 630 292 649 benetie

119 662 218 681 illesa-ino
243 661 302 680 aildi-

119 696 164 715 clm

132 1584 176 1604 nati
193 1584 215 1603 tlt
222 1584 303 1610 positu-

136 2404 158 2425 Ει
169 2405 188 2425 in
201 2410 252 2430 quus
262 2409 311 2424 usus

128 2443 214 2457 conver.
228 2435 312 2461 debeat,

128 2468 274 2494 praefinitum

969 240 1073 263 tt‘Mt‘S

318 294 483 338 fructibus,
512 293 686 329 redditibus
713 302 742 328 et
771 294 974 340 proventibus
1009 294 1089 329 att-t

317 357 378 392 qua
401 344 503 392 portio
525 343 562 378 ad
586 343 732 379 effectum
757 343 939 378 huiusmodi
962 343 1065 390 depu-
1086 322 1089 366 l

318 402 444 438 taretur,
468 401 597 441 possent
619 393 728 428 militia
756 393 887 440 eiusque
916 406 1066 441 personae
1086 383 1088 419 l

319 443 479 492 privilegia
502 452 532 478 et
553 443 614 478 alia
638 443 703 477 iura
726 442 907 478 huiusmodi
932 443 970 477 ab
984 443 1067 477 iniu-
1087 440 1088 453 ¹

317 494 371 529 riis
393 501 423 527 et
446 493 569 527 damnis
598 493 718 540 protegi
741 501 835 540 atque
857 492 996 527 defendi.

366 543 386 590 g
412 545 445 577 2.
468 542 682 590 Volentesque
698 542 877 590 praemissis
892 551 1067 590 opportune

319 593 495 641 providere,
518 601 696 628 statuerunt
719 601 748 627 et
775 593 960 628 ordinarunt
982 592 1066 639 quod

317 655 356 678 ex
376 650 450 678 tunc
469 642 507 677 de
527 651 661 681 caetero,
686 643 845 690 perpetuis
860 642 973 677 suturis
988 650 1067 676 tem-

318 692 459 739 poribus,
482 700 591 739 quarta
614 704 740 727 mensae
760 691 959 738 magistralis,
980 691 1067 725 tertia

319 754 390 777 vero
413 741 541 776 maioris
562 749 761 789 nuncupatae
782 754 816 776 ac
830 741 960 775 aliarum
979 752 1068 786 prae-
1088 762 1089 778 i

317 791 530 838 ceptoriarum
567 803 690 826 necnon
724 791 922 829 officiorum,
946 789 1067 836 priora-

318 848 407 875 tuum
430 848 460 875 et
485 840 617 875 aliorum
642 840 867 874 beneficiorum
890 839 991 873 dictae
1015 838 1069 871 rni-

317 889 400 924 litiae
423 889 453 924 in
477 889 643 936 praedictis
657 901 693 923 ac
716 889 891 935 Aragouiae
914 896 944 922 et
958 886 1070 921 Valen—

318 939 377 973 tiae
404 938 510 984 regnis
532 938 785 978 consistentium,
808 937 934 984 quoties
961 935 1011 970 illa
1039 944 1068 970 et

318 987 419 1034 ipsius
433 987 563 1022 militiae
579 987 809 1034 magistratum,
829 986 921 1021 simul
933 985 979 1020 vel
996 997 1069 1019 suc-

317 1037 459 1080 cessive,
496 1048 553 1083 per
579 1049 704 1071 cessum
740 1036 784 1070 rel
819 1035 984 1070 decessum
1012 1046 1066 1068 seu

317 1086 460 1132 quamvis
487 1086 575 1120 aliam
599 1085 815 1120 dimissionem
844 1085 894 1119 illa
922 1083 1069 1119 obtinen-

317 1135 409 1175 tium,
434 1144 652 1182 praeterquam
676 1147 712 1169 ex
740 1147 832 1169 causa
857 1134 1069 1181 permutatio-

319 1184 383 1228 nis,
411 1197 466 1230 pro
502 1193 642 1231 tempore
665 1196 772 1219 vacare
801 1184 987 1229 contigeret,
1004 1182 1070 1216 fru-

317 1242 440 1274 ctuum,
458 1233 638 1268 reddituum
662 1242 691 1268 et
728 1241 937 1280 proventuum
961 1232 1069 1266 cuius-

317 1295 379 1329 que
409 1282 500 1329 primi
524 1283 596 1317 anni
633 1291 748 1330 partes,
777 1283 808 1317 iu
838 1281 1014 1329 praedictos
1040 1289 1069 1315 et

317 1331 394 1366 alios
417 1332 516 1367 licitos
538 1341 567 1366 et
589 1333 739 1367 honestos
759 1344 834 1366 usus
854 1340 928 1366 tunc
942 1342 1070 1377 expres-

317 1393 370 1416 sos
391 1388 421 1416 et
444 1394 505 1416 non
529 1381 604 1416 alias
626 1380 869 1425 convertendae,
889 1380 991 1415 eidem
1011 1379 1070 1414 mi-

318 1431 402 1465 litiae
437 1431 502 1466 sive
536 1431 604 1465 eius
640 1431 788 1465 thesauro
824 1429 1016 1465 deberentur
1041 1438 1070 1463 et

319 1479 403 1514 illins
430 1480 576 1527 propriae
593 1488 699 1515 essent
717 1488 747 1514 et
765 1492 834 1514 esse
853 1486 1069 1513 censerentur.

1100 240 1122 262 ll
1151 240 1199 263 ΡΙ).

367 1529 387 1576 g
414 1532 446 1563 5.
470 1530 515 1564 Ac
535 1542 589 1576 per
611 1529 690 1564 duos
708 1530 809 1564 dictae
828 1529 958 1563 militiae
979 1540 1071 1574 prae—

319 1586 463 1626 ceptores
495 1591 550 1613 seu
586 1579 706 1625 priores
730 1579 774 1613 vel
799 1578 930 1618 fratres,
955 1577 1014 1611 fide
1042 1586 1071 1611 et

320 1628 522 1663 facultatibus
546 1627 690 1672 idoneos,
712 1628 743 1662 in
771 1627 908 1675 capitulo
931 1626 1071 1673 generali

319 1677 420 1712 dictae
449 1677 577 1712 militiae
600 1678 636 1712 ad
666 1678 696 1712 id
724 1677 897 1724 eligendos,
911 1676 1029 1724 percipi
1045 1685 1072 1710 et

320 1727 436 1773 colligi,
459 1737 489 1762 et
513 1727 574 1762 sub
592 1740 700 1762 corum
723 1726 864 1762 custodia
883 1726 1072 1766 conservari,

319 1785 350 1811 et
371 1777 409 1811 de
433 1776 506 1818 illis,
528 1777 587 1812 sub
602 1787 687 1812 certo
711 1777 804 1812 modo
826 1784 855 1811 et
878 1776 976 1811 forma
999 1783 1074 1810 tunc

320 1826 487 1873 expressis,
512 1827 590 1862 ratio
613 1826 701 1861 reddi
725 1826 872 1865 deberet;
893 1837 928 1861 ac
951 1825 1011 1860 illis
1028 1824 1073 1859 vel

320 1887 429 1910 eorum
453 1876 550 1911 altero
572 1876 811 1920 decedentibus,
840 1875 918 1910 alius
940 1886 995 1909 seu
1023 1874 1074 1909 alii

321 1925 425 1959 idonei
446 1937 555 1960 eorum
575 1925 657 1969 loco,
671 1937 726 1972 per
742 1925 928 1971 magistrum
948 1936 1002 1959 seu
1018 1923 1075 1958 ad-

322 1974 565 2009 ministratorem
583 1975 684 2009 dictae
704 1975 831 2010 militiae
856 1986 911 2021 pro
935 1981 1076 2019 tempore

321 2023 508 2058 existentem
539 2024 583 2059 vel
613 2024 682 2058 eius
709 2024 860 2059 vicarium
883 2022 1075 2070 generalem,

323 2077 351 2110 in
375 2077 512 2124 capitulo
529 2077 708 2124 particulari
727 2077 766 2112 ad
790 2077 821 2111 id
841 2075 1075 2123 congregandO,

322 2130 423 2165 donec
446 2143 500 2178 per
522 2131 654 2166 dilectos
676 2131 757 2166 filios
783 2130 929 2178 generale
953 2130 1077 2177 capitu-

322 2183 386 2218 lum
410 2184 512 2220 dictae
540 2185 668 2220 militiae
690 2185 780 2220 aliter
802 2184 962 2232 provisum
986 2192 1015 2219 et
1031 2196 1078 2218 or-

324 2237 465 2273 dinatum
505 2239 624 2285 fuerit,
662 2238 809 2274 substitui
849 2247 878 2273 et
913 2236 1077 2284 subrogari

327 2301 467 2338 possent.

374 2346 394 2392 S
421 2350 454 2381 4.
479 2346 614 2395 Ipsaque
636 2347 718 2382 bona
738 2359 834 2394 penes
853 2345 955 2381 dictos
970 2352 1078 2380 custo-

326 2398 382 2434 des
410 2413 466 2448 pro
493 2409 633 2448 tempore
661 2401 850 2444 existentia,
875 2412 929 2446 per
951 2398 1077 2434 eosdem

327 2454 476 2489 custodes
511 2455 541 2489 in
564 2455 643 2490 alios
665 2467 758 2502 quarn
789 2454 967 2501 praedictos
992 2466 1078 2493 usus,

328 2509 479 2549 cuiusvis,
503 2509 597 2545 etiarn
622 2508 758 2554 magistri
774 2515 804 2542 et
825 2507 958 2543 aliorum
981 2519 1078 2554 supe·

330 2564 446 2599 riorum
481 2564 584 2599 dictae
614 2563 743 2598 militiae
768 2574 824 2609 pro
849 2570 989 2609 tempore
1011 2562 1080 2596 exi-

1741 228 1807 261 4ss7

1111 303 1207 338 textu,
1231 302 1282 328 aut
1298 293 1323 327 vi
1348 293 1392 328 vel
1418 301 1514 336 metu,
1537 293 1628 327 etiam
1653 293 1705 340 qui
1730 294 1759 326 iu
1783 306 1860 327 con-

1109 352 1241 378 stantem
1264 343 1374 378 cadere
1391 350 1508 389 posset,
1521 343 1567 377 vel
1582 342 1640 377 alia
1657 354 1860 390 quacumque

1109 394 1273 428 occasione
1295 393 1421 439 exponi,
1444 393 1535 427 etiam
1561 392 1590 426 in
1614 391 1715 426 dictae
1731 391 1859 426 militiae

1111 443 1209 488 magis
1230 441 1320 476 utiles
1344 454 1419 476 usus
1443 442 1514 485 (nisi
1540 442 1620 476 bona
1643 441 1782 476 thesauri
1805 440 1862 474 hu-

1087 490 1244 527 *iusmotti
1285 503 1442 526 summam
1483 492 1625 538 quinque
1664 490 1796 524 millium
1832 497 1861 523 et

1109 542 1354 589 quingentorum
1365 540 1551 575 ducatorum
1567 540 1634 575 anri
1649 539 1860 582 excederent),

1109 591 1259 630 converti,
1287 598 1339 624 aut
1376 590 1523 636 magistro
1561 589 1607 624 vel
1643 587 1862 635 superioribus

1109 640 1173 674 suis
1201 639 1347 685 praefatis
1368 639 1517 684 assignari
1547 651 1608 673 non
1638 645 1776 684 possent.

1159 688 1179 734 g
1201 690 1234 722 5.
1257 688 1303 722 Ac
1326 687 1406 722 bona
1432 687 1588 734 praedicta
1612 686 1651 721 ab
1673 686 1793 721 eisdem
1810 698 1862 720 cu-

1109 737 1252 772 stodibus
1273 736 1363 771 aliter
1386 745 1489 783 petere
1504 737 1548 771 vel
1564 744 1753 782 extorquere
1772 747 1862 782 prae-

1110 793 1287 829 sumentes,
1311 793 1363 820 aut
1390 785 1426 819 ad
1456 785 1486 819 id
1514 786 1679 828 auxilium,
1695 785 1861 819 consilium

1111 835 1157 869 vel
1178 835 1313 869 favorem
1331 842 1537 881 praestantes,
1554 835 1785 882 cuiuscumque
1799 842 1863 868 sta·

1112 892 1162 918 tus
1184 893 1213 918 et
1237 884 1491 931 praeeminentiae
1514 883 1626 924 forent,
1645 883 1865 918 excommuni-

1111 933 1244 968 cationis
1267 933 1345 967 latae
1368 933 1542 968 sententiae
1566 944 1698 980 poenam
1730 944 1767 967 eo
1797 932 1864 978 ipso

1112 982 1294 1022 incurrant,
1329 994 1345 1016 a
1383 994 1467 1028 qua,
1499 982 1559 1015 nisi
1583 982 1673 1029 plena
1696 990 1725 1016 et
1748 982 1864 1026 integra

1111 1031 1268 1066 solutione
1295 1039 1326 1065 et
1354 1031 1552 1066 restitutione
1582 1031 1723 1078 praevia,
1745 1030 1863 1065 absolvi

1113 1093 1174 1115 non
1199 1088 1331 1127 possint.

1161 1131 1180 1177 S
1205 1132 1238 1164 6.
1267 1130 1313 1164 Ac
1336 1130 1548 1175 magistratus,
1569 1128 1866 1175 praeceptoriarum,

1114 1180 1320 1225 prioratuum,
1345 1178 1521 1213 officiorum
1546 1178 1591 1212 vel
1615 1178 1746 1212 aliorum
1775 1177 1866 1212 bene-

1113 1229 1255 1264 ficiorum
1285 1228 1534 1274 praedictorum,
1559 1227 1703 1274 pluribus
1726 1226 1866 1261 vacatio-

1113 1279 1207 1313 nibus
1229 1277 1341 1312 eodem
1370 1289 1454 1312 anno
1481 1276 1741 1314 occurrentibus,
1763 1275 1865 1323 quoad

1114 1328 1247 1375 partium
1276 1327 1436 1361 fructuum
1460 1325 1644 1361 huiusmodi
1678 1325 1866 1360 solutionem

1114 1378 1159 1411 vel
1176 1377 1465 1424 appropriatouem,
1484 1388 1539 1423 pro
1557 1388 1617 1410 una
1639 1375 1800 1410 dumtaxat
1815 1386 1868 1409 va-

1113 1427 1234 1461 catione
1261 1426 1399 1465 censeri,
1427 1434 1456 1459 et
1478 1437 1579 1460 annus
1601 1437 1617 1459 a
1647 1424 1745 1471 prima
1779 1435 1870 1458 vaca-

1115 1476 1198 1511 tione
1226 1475 1411 1510 eorumdem
1435 1474 1612 1521 computari
1633 1473 1779 1508 debeant.

1163 1525 1182 1571 g
1211 1527 1242 1558 7.
1271 1524 1353 1559 Cum
1376 1536 1446 1558 vero
1467 1523 1570 1558 dictus
1591 1523 1759 1558 thesaurus
1781 1534 1870 1556 sum-

1116 1587 1197 1609 mam
1237 1575 1378 1621 quinque
1416 1573 1549 1607 millium
1587 1581 1618 1606 et
1658 1572 1869 1607 ducentorum

1114 1624 1300 1659 ducatorum
1320 1622 1502 1658 huiusmodi
1525 1621 1701 1661 excederet,
1717 1628 1814 1656 totum
1829 1621 1871 1665 id,

1115 1673 1200 1721 quod
1224 1673 1303 1708 ultra
1326 1672 1442 1707 dictam
1465 1684 1621 1707 summam
1645 1671 1761 1706 ibidem
1777 1678 1871 1714 esset,

1117 1724 1146 1758 in
1177 1723 1373 1771 emptionem
1402 1722 1639 1770 possessionum
1674 1728 1705 1756 et
1737 1720 1870 1755 aliorum

1117 1773 1272 1808 bonorum
1312 1771 1525 1806 immobilium
1563 1779 1618 1806 aut
1655 1770 1872 1805 liberationem

1117 1823 1249 1858 aliorum
1288 1821 1443 1856 bonorum
1472 1821 1572 1855 dictae
1608 1819 1758 1862 militiae,
1794 1831 1875 1866 quae

1117 1872 1192 1907 alias
1220 1873 1382 1919 pignorata
1407 1870 1452 1905 vel
1477 1869 1685 1918 liypotliecata
1714 1868 1874 1911 fuissent,

1118 1921 1277 1968 expendi,
1315 1921 1379 1968 ipsa
1416 1920 1496 1955 bona
1523 1920 1567 1954 sic
1597 1926 1701 1966 empta
1724 1927 1777 1952 aut
1799 1917 1875 1952 alias

1118 1971 1246 2006 liberata
1278 1978 1308 2004 et
1338 1978 1524 2017 recuperata
1553 1980 1681 2003 mensae
1705 1966 1874 2012 magistrali

1118 2033 1174 2055 seu
1198 2019 1423 2067 praeceptoriis
1440 2046 1448 2062 ,
1472 2017 1673 2066 prioratibus,
1702 2016 1813 2051 officiis
1845 2025 1872 2049 et

1118 2073 1188 2109 aliis
1208 2073 1371 2109 beneficiis
1393 2072 1493 2107 dictae
1515 2071 1654 2112 militiae,
1667 2083 1723 2117 pro
1743 2070 1829 2104 tertia
1846 2081 1874 2103 et

1119 2136 1228 2175 quarta
1253 2127 1393 2174 partibus
1422 2124 1607 2173 respective,
1630 2123 1669 2158 ad
1692 2123 1876 2171 dispositio-

1121 2194 1192 2217 nem
1220 2181 1349 2229 capituli
1383 2180 1538 2227 generalis
1560 2177 1745 2213 huiusmodi
1768 2176 1876 2225 appli—

1119 2236 1182 2271 cari
1210 2235 1350 2270 deberet.

1169 2290 1189 2337 S
1211 2291 1242 2324 8.
1271 2288 1406 2337 Ipseque
1434 2286 1658 2322 Ferdinandus
1686 2298 1742 2321 rex
1768 2294 1797 2321 et
1820 2284 1876 2319 ad-

1122 2343 1312 2379 ministrator
1334 2350 1484 2377 statutum
1513 2349 1542 2376 et
1565 2340 1796 2376 ordinationem
1814 2339 1874 2373 hu-

1122 2397 1258 2433 iusmodi
1283 2396 1467 2444 approbavit
1494 2403 1524 2430 et
1551 2395 1760 2435 confirmavit,
1784 2402 1874 2440 prout

1123 2452 1153 2486 in
1183 2451 1399 2486 instrumentis
1423 2449 1560 2497 publicis
1575 2450 1712 2496 desuper
1727 2447 1877 2483 confectis

1123 2506 1237 2541 dicitur
1259 2505 1384 2553 plenius
1406 2504 1571 2539 contineri.

1171 2560 1191 2607 S
1213 2562 1246 2595 9.
1278 2559 1394 2601 Quare,
1409 2570 1466 2606 pro
1483 2566 1568 2606 parte
1591 2557 1664 2592 dicti
1684 2554 1875 2590 Ferdinandi

1877 240 1926 265 Αη.
1945 240 1973 265 Γ,
1992 239 2058 266 ¹50ss

1891 696 1957 715 §evus
1976 699 2063 720 agentes

1878 728 1953 752 PJ-‘ssii
1970 727 2045 747 addicti

1896 1140 1948 1166 Quid
1964 1139 2066 1164 agendum

1884 1174 1917 1195 sit,
1927 1171 2020 1197 pluribus
2033 1175 2067 1190 eur

1884 1203 1930 1222 dem
1952 1206 2007 1221 anno
2030 1206 2069 1220 va-

1884 1231 2002 1252 cationibus
2014 1232 2069 1251 eius-

1885 1265 1930 1282 tlern
1968 1262 2066 1282 beneficii

1885 1292 2046 1313 occurrentibus
2055 1308 2060 1317 ,

1891 1324 2012 1343 invinatum

1902 1532 1962 1551 tuctu
1972 1531 2070 1550 thesauro

1888 1563 1911 1582 ¹¹st
1923 1564 2003 1582 certam
2014 1566 2072 1580 sun-

1887 1598 1946 1615 inam.
1966 1591 2070 1618 quomodo

1888 1622 2027 1650 expendenda
2037 1623 2063 1642 sit

1892 2293 2016 2315 ferdinand.
2030 2298 2074 2317 rex,

1891 2326 1930 2345 «tir.
1943 2324 2029 2344 militiae
2041 2325 2074 2344 nd·

1892 2356 1989 2379 ministr„
2010 2360 2074 2381 prae-

1890 2388 2030 2407 «tit-testatum
2042 2393 2076 2413 np-

1892 2418 1994 2444 protum,

1906 2586 1943 2611 Qui
1954 2585 2027 2604 eadem
2040 2591 2078 2610 ap-

329 2619 503 2658 stentium,
527 2619 663 2654 mandati
699 2626 728 2651 et
767 2616 969 2652 correctionis
992 2627 1081 2664 prae·
1124 2615 1206 2661 regis
1245 2612 1532 2650 administratoris,
1564 2609 1732 2645 asserentis
1771 2620 1876 2643 curam
1894 2616 1977 2643 prebui
1999 2621 2019 2636 e«
2039 2618 2078 2635 ³¹1⁶
