2281 3251
124 258 172 284 An.
191 258 219 284 C.
234 256 300 282 1070

134 614 243 633 clau-ulae
266 614 304 634 de-

121 647 200 669 rogator
208 645 249 664 iae.

149 2096 278 2120 Provsinium.

973 252 1082 275 stXTt'S

319 312 537 359 quinquagena
572 309 699 357 praefati
730 309 894 352 psalterii,
929 309 1066 355 quinque

319 373 417 395 annos
438 368 469 394 et
496 359 623 394 totidem
654 359 870 405 quadragenas
898 357 1067 403 indulgen-

321 411 378 444 tiae
399 409 641 444 misericorditer
665 409 692 441 in
717 408 854 442 Domino
878 408 1065 445 relaxamus

320 459 552 506 praesentibus5
567 458 726 505 perpetuis
741 459 854 492 fului-is
870 457 1067 504 temporibus

319 509 487 543 duraturis.

367 560 387 605 ἓ
409 561 441 593 5.
469 558 538 592 Nou
566 557 762 592 obstantibus
789 556 1067 592 constitutionibus

319 616 349 643 et
371 607 622 643 ordinationibus
649 607 844 654 apostolicis⁷
872 606 1068 652 caeterisque

319 658 483 692 contrariis
505 657 769 705 quibuscumque.
792 656 828 690 Et
853 657 926 704 quia
942 655 1067 689 difficile

319 707 398 742 foret
422 715 602 754 praesentes
624 707 728 742 literas
750 707 786 741 ad
811 706 933 753 singula
953 706 1018 740 loca
1036 705 1065 738 in

319 756 436 803 quibus
463 756 523 791 illis
549 769 629 804 opus
651 766 747 797 esset,
774 765 826 790 etc.

366 806 451 840 Nulli
479 818 553 852 ergo
576 815 628 841 etc.

367 856 484 890 Datum
507 856 627 891 Romae
657 856 738 903 apud
754 856 905 890 Sanctum
926 855 1066 898 Petrum,

318 917 399 940 anno
435 905 665 941 iucarnationis
692 906 866 940 dominicae
899 904 1066 939 millesimo

317 955 632 1002 quadringentesimo
679 955 913 1002 septuagesimo
955 966 1038 988 nono
1059 981 1066 993 7

317 1013 441 1051 quarto,
474 1007 555 1040 alias
583 1006 617 1045 7,
645 1005 714 1040 idus
741 1005 837 1046 maii,
866 1003 1067 1051 pontificatus

317 1055 415 1089 nostri
439 1067 522 1089 anno
543 1068 612 1089 vni.

317 1107 378 1138 Dat.
392 1108 437 1138 die
452 1107 497 1142 122!
511 1107 584 1138 alias
597 1108 614 1137 9
628 1107 694 1137 maii
710 1107 794 1142 1479,
805 1105 906 1145 pontis.
920 1114 995 1136 anno
1008 1114 1065 1136 vui.

608 1263 693 1297 xxu
720 1267 774 1306 ul»-

318 1337 473 1370 Sacellwn
515 1336 604 1369 iuxta
643 1336 802 1369 basilicam
839 1336 950 1368 Sancti
982 1335 1068 1367 Petri

366 1386 525 1419 Siaeliuum
549 1398 568 1418 a
583 1398 612 1419 se
632 1386 870 1429 nuncupandum
889 1385 989 1427 erigit,
1009 1385 1067 1417 ibi·-

367 1448 423 1480 [με
444 1436 650 1480 indulyentias
683 1442 708 1467 et
736 1436 802 1468 alia
832 1435 984 1478 elarqitur
1010 1434 1065 1476 (⁸⁶2).

585 1512 798 1543 SUMMARHJM

318 1579 505 1608 Prooemium.
531 1596 570 1601 —
601 1580 626 1608 1.
655 1579 752 1609 Sixtus
776 1588 878 1608 novam
903 1579 1066 1618 cappellam

358 1624 433 1653 iuxta
454 1623 608 1653 basilicam
630 1624 659 1654 S.
683 1624 760 1653 Petri
784 1624 879 1662 erigit.
894 1640 933 1645 —
950 1624 978 1653 2.
996 1623 1069 1652 Cou-

358 1668 485 1706 ceptioui
502 1668 530 1698 Β.
549 1668 677 1707 Virginis
695 1668 801 1698 Mariae
820 1669 943 1698 dedicat.
960 1685 999 1690 —
1015 1667 1068 1697 Do-

359 1717 414 1741 tem
427 1714 452 1742 ei
465 1714 679 1743 coustituit.—
694 1714 720 1743 3.
741 1713 953 1751 indulgentiam
978 1713 1066 1742 certis

358 1758 474 1787 statutis
497 1757 602 1787 diebus
621 1767 684 1787 eain
710 1758 894 1787 visitantibus
919 1758 1066 1795 elargitur.

356 1819 394 1824 —
411 1802 439 1832 4.
452 1802 523 1832 Aliis
548 1803 728 1842 temporibus
748 1802 922 1832 mulieribus
947 1803 1068 1832 interdi-

358 1847 433 1876 citur
459 1847 494 1876 ad
518 1856 582 1877 eam
606 1856 756 1877 accessus.
780 1864 818 1869 -
846 1847 873 1876 5.
902 1846 1067 1876 Clausulae.

394 1923 489 1951 Sixtus
509 1922 650 1958 episcopus
667 1929 761 1951 servus
778 1929 918 1951 servorum
936 1922 992 1955 Dei,

463 1973 496 2000 ad
521 1973 681 2008 perpetuam
696 1973 736 2001 rei
755 1972 923 2001 memoriam.

370 2044 534 2079 Romanus
564 2044 721 2084 Pontifex,
756 2046 805 2079 cui
833 2059 848 2079 a
872 2045 1008 2080 Domino
1036 2045 1065 2078 in

322 2094 411 2129 terris
443 2093 553 2129 collata
583 2103 630 2129 est
663 2094 778 2140 ligandi
802 2103 940 2142 potestas
975 2104 1067 2141 atque

320 2143 478 2188 solvendi,
501 2144 539 2179 ad
554 2144 749 2178 excitandam
774 2144 971 2180 devotionem
991 2144 1068 2179 fide-

321 2194 397 2228 lium
425 2205 501 2229 suae
516 2206 609 2229 curae
631 2194 887 2240 commissorum,
912 2207 1067 2230 nonnun—

320 2256 412 2291 quam
455 2243 627 2285 ecclesias‚
662 2244 820 2292 cappellas
860 2257 895 2279 ac
928 2245 995 2279 loca
1036 2244 1065 2278 in

320 2293 471 2329 honorem
510 2302 710 2338 sanctorum,
752 2302 811 2328 tam
852 2294 938 2334 olim,
973 2306 1065 2341 quam

319 2343 411 2378 etiam
435 2343 604 2378 novissime
627 2344 768 2379 dedicata
804 2343 1066 2390 indulgentiarum

321 2393 504 2428 muneribus
533 2401 638 2438 ornat,
667 2402 699 2428 ut
728 2393 835 2428 fideles
863 2393 920 2441 ipsi
949 2403 1068 2429 sancto-

322 2455 389 2477 rum
416 2443 600 2478 eorumdem
628 2443 801 2479 recolentes
829 2444 1009 2478 memoriam
1038 2452 1067 2477 et

321 2492 480 2537 ecclesias,
498 2493 655 2541 cappellas
677 2505 711 2528 ac
733 2493 799 2528 loca
823 2493 900 2540 ipsa,
925 2505 979 2539 pro
998 2505 1069 2528 con-

321 2543 492 2590 sequendis
519 2551 718 2590 peccatorum
747 2543 984 2578 remissionibus
1020 2543 1068 2577 vi-

357 2612 396 2648 (1)
415 2613 485 2640 Haec
500 2613 568 2640 bulla
586 2615 693 2649 ponitur
710 2613 758 2640 sub
776 2622 848 2640 num.
867 2621 936 2639 xxm
948 2613 972 2639 in
989 2614 1066 2639 Rom.

323 2651 388 2678 Edit.
408 2653 445 2688 (R.
463 2653 511 2687 τ.>.
587 2654 627 2688 (Ξ)
642 2654 681 2680 Ex
699 2654 804 2688 Regest.
824 2654 848 2680 in
859 2653 967 2681 Archiv.
983 2654 1066 2681 Vatic.

1736 237 1805 270 2269

1109 307 1249 345 sitantes,
1271 304 1355 352 quod
1372 304 1448 339 alias
1469 303 1536 337 suis
1559 301 1675 336 meritis
1691 313 1752 335 non
1775 301 1857 336 valc-

1111 365 1177 390 rent
1199 356 1363 402 impetrare
1387 352 1468 400 apud
1486 352 1600 392 Deum,
1620 351 1742 385 illorum
1767 351 1857 385 inter-

1109 406 1304 440 cessionibus
1332 403 1453 439 facilius
1482 401 1631 448 consequi
1665 409 1854 435 mercantur.

1157 456 1176 501 ἕ
1206 459 1234 488 1.
1257 454 1353 495 Sane,
1373 462 1539 501 postquam
1568 450 1775 497 reparationi,
1803 461 1855 484 re—

1109 500 1289 539 staurationi
1319 511 1349 538 et
1369 501 1592 538 constructioni
1619 500 1787 534 multarum
1815 499 1856 534 al-

1110 567 1176 589 mae
1217 553 1310 588 Urbis
1349 552 1552 588 ecclesiarum
1596 549 1855 590 intenderimus,

1109 603 1343 638 considerantes
1372 612 1473 637 tamen
1496 609 1652 637 extremae
1675 599 1856 646 peregrina-

1109 654 1201 687 tionis
1236 661 1358 687 nostrae
1393 652 1497 693 diem,
1531 649 1737 696 cogitavimus
1770 648 1855 696 apud

1109 703 1267 737 basilicam
1297 702 1452 748 Principis
1490 700 1705 749 apostolorum
1736 697 1775 733 de
1801 710 1855 733 ea-

1108 753 1177 787 dem
1207 751 1304 792 Urbc‚
1333 751 1370 785 ad
1393 763 1486 798 quain
1519 748 1688 798 specialem
1716 747 1856 795 gerimus

1108 801 1283 837 devotionis
1311 800 1475 842 affectum,
1498 808 1634 835 nostran]
1663 797 1778 845 eligere
1805 809 1856 833 se-

1109 851 1279 898 pulturam,
1301 862 1336 885 ac
1359 850 1398 884 ob
1415 850 1456 895 id,
1480 858 1565 884 extra
1588 857 1617 884 et
1645 848 1728 882 iuxta
1757 846 1856 894 ipsius

1109 900 1252 935 basilicae
1275 900 1416 934 dextrum
1442 900 1605 947 parietem,
1628 896 1764 944 amplam
1780 908 1855 944 cap-

1109 950 1221 997 pellam
1256 961 1327 984 cum
1355 949 1441 983 altari
1470 948 1610 984 construi
1635 954 1666 981 et
1699 945 1854 981 aedificari

1108 999 1240 1034 fecimus
1262 1011 1318 1046 pro
1344 998 1457 1034 divinis
1484 998 1594 1034 officiis
1616 995 1692 1030 inibi
1720 995 1758 1030 ad
1786 996 1856 1030 lau-

1108 1049 1179 1084 dem
1207 1048 1301 1082 divini
1330 1048 1466 1083 nominis
1493 1045 1666 1084 honorilice
1692 1052 1723 1080 et
1745 1044 1856 1081 devote

1108 1097 1332 1146 persolvendis.

1155 1148 1175 1195 g
1208 1151 1241 1181 2.
1279 1147 1343 1182 Nos
1378 1147 1496 1193 igitur,
1523 1147 1575 1194 qui
1611 1147 1649 1182 ad
1686 1147 1855 1194 gloriosam

1108 1197 1234 1232 Domini
1275 1197 1370 1232 nostri
1409 1197 1478 1232 Iesu
1511 1196 1628 1232 Christi
1662 1196 1854 1232 Genitricem

1107 1247 1271 1294 Virginem
1287 1247 1428 1287 Mariam,
1445 1259 1480 1281 ac
1493 1254 1635 1281 sanctum
1651 1246 1855 1282 Franciscum

1107 1305 1137 1332 et
1165 1305 1306 1331 sanctum
1323 1296 1497 1331 Antonium
1521 1296 1559 1331 de
1582 1296 1704 1341 Padua,
1722 1309 1855 1344 quorum

1109 1346 1227 1381 meritis
1264 1354 1294 1380 et
1330 1346 1553 1381 intercessione
1580 1346 1766 1381 Altissimus
1794 1357 1856 1380 non

1108 1396 1208 1431 solum
1239 1408 1295 1430 nos
1322 1408 1359 1430 ex
1384 1395 1505 1430 Ordine
1528 1395 1657 1431 fratrum
1683 1395 1857 1439 Minoram,

1108 1446 1161 1493 qui
1183 1445 1221 1479 ab
1244 1445 1355 1480 eodem
1387 1454 1495 1480 sancto
1517 1444 1686 1481 Francisco
1720 1445 1857 1493 sumpsit

1108 1495 1283 1534 exordium.
1304 1504 1334 1530 et
1356 1495 1385 1530 in
1400 1507 1463 1542 quo
1482 1495 1625 1530 ateneris
1645 1495 1747 1538 annis,
1771 1495 1856 1530 iuxta

1110 1546 1192 1579 illius
1220 1545 1370 1591 regularia
1400 1545 1553 1589 instituta,
1581 1545 1673 1580 vitam
1697 1545 1856 1585 duximus,

1109 1595 1145 1629 ad
1174 1594 1383 1630 cardinalatus
1418 1595 1581 1639 bonorem,
1608 1602 1639 1630 et
1666 1595 1790 1631 tandem
1818 1594 1856 1629 ad

1109 1645 1224 1679 summi
1261 1644 1453 1691 apostolatus
1475 1645 1608 1692 apicem,
1642 1657 1715 1680 cum
1750 1652 1856 1680 nostra

1108 1694 1144 1729 ad
1174 1694 1202 1728 id
1227 1694 1337 1729 merita
1370 1706 1433 1729 uon
1461 1695 1614 1738 iuvarent,
1647 1695 1770 1736 evexi13
1803 1693 1855 1729 sed

1108 1756 1200 1791 quam
1236 1743 1388 1790 plurimas
1426 1743 1501 1778 alias
1533 1743 1707 1780 uberrimas
1742 1744 1857 1791 gratias

1109 1794 1198 1828 uobis
1220 1793 1370 1828 hactenus
1389 1794 1546 1829 concessit
1563 1801 1594 1828 et
1609 1795 1759 1829 continuo
1779 1805 1856 1829 con—

1108 1843 1219 1878 cedere
1256 1855 1316 1878 nou
1353 1852 1477 1885 cessat,
1510 1842 1679 1891 specialem
1714 1843 1855 1891 gerimus

1108 1893 1283 1928 devotionis
1304 1893 1462 1938 affectum,
1485 1901 1515 1928 et
1544 1892 1631 1928 lllius
1658 1893 1741 1929 vices
1768 1902 1857 1928 tene-

1110 1955 1177 1978 mus
1200 1943 1230 1977 iu
1255 1943 1356 1987 terris,
1379 1944 1468 1978 cuius
1490 1942 1626 1990 perfecta
1654 1951 1728 1978 sunt
1749 1955 1854 1990 opera:

1108 1993 1270 2040 cupientes
1303 2004 1384 2039 opus
1413 1992 1572 2040 cappellae
1606 1992 1787 2028 huiusmodi
1818 1991 1855 2027 ad

1108 2050 1246 2090 optatum
1281 2054 1355 2078 suae
1379 2041 1585 2077 dedicationis
1619 2041 1712 2077 finem
1741 2042 1857 2090 perdu-

1108 2108 1190 2141 cere⁷
1224 2105 1257 2131 ut
1291 2096 1511 2132 christifideles
1542 2096 1623 2131 illam
1652 2108 1688 2131 eo
1715 2096 1856 2132 devotius

1108 2150 1253 2185 studeant
1280 2151 1427 2198 congruis
1449 2150 1649 2197 frequentare
1671 2150 1856 2194 honoribus,

1108 2218 1171 2253 quo
1193 2217 1231 2240 ex
1254 2205 1313 2241 boc
1335 2205 1449 2240 ibidem
1478 2204 1562 2240 douo
1583 2204 1728 2240 coelestis
1750 2207 1856 2252 gratiae

1109 2259 1237 2294 uberius
1259 2260 1479 2307 conspexerint
1501 2271 1534 2294 se
1561 2258 1705 2300 refectos,
1728 2260 1856 2307 cappel-

1109 2314 1167 2348 lam
1199 2314 1311 2361 ipsam⁷
1334 2322 1363 2348 et
1397 2314 1426 2348 iu
1455 2325 1489 2348 ea
1516 2320 1731 2349 constructum
1758 2314 1854 2349 altare

1110 2367 1302 2413 praedictum
1335 2380 1389 2414 per
1411 2366 1619 2401 xeuerabilem
1642 2365 1767 2401 fratrem
1796 2379 1855 2402 no-

1109 2431 1205 2456 strum
1239 2421 1366 2456 Petrum
1395 2420 1613 2460 Guillelmum,
1644 2421 1856 2468 archiepisco-

1110 2490 1182 2524 pum
1194 2476 1438 2517 salernitanum,
1452 2474 1698 2510 referendarium
1713 2483 1853 2510 nostrum

1109 2531 1318 2566 domesticum
1341 2538 1371 2565 et
1393 2530 1579 2565 continuum
1598 2529 1854 2570 commensalem,

1110 2586 1139 2620 in
1163 2595 1266 2621 nostra
1288 2594 1318 2620 et
1341 2584 1566 2620 venerabilium
1585 2584 1712 2620 fratrum
1737 2593 1856 2620 nostro-

1110 2652 1176 2675 rum
1212 2638 1415 2674 cardinalium
1452 2651 1486 2674 ac
1519 2638 1854 2686 archiepiscoporum,

1111 252 1140 274 tv
1170 252 1216 273 ΙΨ.

1873 246 1920 271 An.
1935 246 1962 272 C.
1984 246 2050 272 l't'l‘.)

1883 459 1951 478 smu-
1979 466 2051 479 nunu·

1871 492 1986 516 cappellam
1997 496 2054 510 iusta

1870 522 1996 540 basilicam>
2018 522 2054 542 1¹:-

1871 556 1895 572 tri
1913 554 1981 577 erizit:

1884 1154 2021 1180 (jonceptinui
2031 1154 2044 1173 Β

1872 1185 1962 1206 Virginis
1976 1185 2052 1205 Mariae

1872 1217 1962 1240 dedicab,
