2281 3251
258 262 308 292 Ᾱιι,
329 268 358 293 C.
375 266 440 293 ttn93

267 824 295 845 lle
308 833 356 845 ιιι-ι

250 863 314 877 fluntv

373 831 435 845 vom-

265 1863 292 1884 be
309 1864 392 1884 leiuniis
401 1879 406 1887 ‚

504 258 573 291 556
1031 265 1068 287 nt
1074 264 1110 286 ιι
1118 264 1215 286 initu

455 330 605 370 potestate
632 320 813 368 superioris,
838 328 882 364 ut,
902 320 931 354 iu
952 331 1016 355 rem
1045 318 1204 353 Ecclesiae

453 371 640 412 reductam,
664 383 714 405 cur
739 371 947 404 necessarium
971 368 1063 403 luerit
1085 369 1204 402 tribua-

453 431 513 457 tur.
536 421 620 456 Nulli
650 431 724 466 ergo
747 428 889 454 nostrum
912 418 1084 466 quidquam
1113 418 1202 453 liceat

451 471 586 515 lrabere,
619 470 701 518 quod
738 470 880 516 superior
907 480 969 503 non
1002 467 1124 502 dederit
1151 476 1203 502 aut

453 519 647 568 permiserit,
677 519 791 566 quibus
813 531 870 554 nec
892 530 1022 565 corpora
1045 530 1123 561 sua,
1147 530 1203 552 nec

452 570 626 606 toluntates
651 581 725 604 suas
747 569 776 603 in
799 581 854 603 sua
877 568 965 603 liceat
981 567 1095 602 babere
1112 575 1203 613 pote-

451 629 540 655 state.
573 620 781 666 (onsequens
809 618 881 652 inde
919 626 965 653 est
1006 625 1038 651 ut
1070 618 1202 663 singulis

451 670 598 704 fratribus
625 669 741 703 nostris
764 668 914 716 pecunias
929 667 1071 712 acciprre
1094 680 1202 714 perpr-

452 729 504 755 tuo
537 718 752 763 interdicatur,
779 730 836 753 uec
862 718 955 752 etiam
978 717 1069 752 alicui
1091 730 1201 765 quotis

451 769 544 804 rnodo
566 780 661 816 super
675 780 708 803 se
730 776 852 815 portare
866 767 987 802 licitum
1005 767 1128 803 existat.
1144 766 1201 802 Po-

449 827 554 854 terunt
568 827 671 853 tamen
688 818 879 865 superiores,
891 830 945 864 pro
962 817 1200 852 necessitatibus

450 869 644 904 infirmorum
661 881 696 903 ac
712 867 858 902 fratribus
874 867 1052 908 induendis,
1064 879 1117 914 per·
1129 867 1199 902 ami

448 931 501 953 cos
526 918 705 973 spirituales
726 926 778 952 aut
802 918 940 952 locorum
965 925 1199 972 pr··,0curatores

447 968 486 1003 ‹le
508 968 638 1003 scientia
661 976 846 1007 conxerrtus,
861 967 1008 1022 pecunias
1027 967 1200 1002 undecum-

448 1030 508 1065 que
536 1018 755 1065 provenientes
776 1018 844 1052 sine
871 1029 979 1065 quavis
995 1029 1087 1052 causa
1103 1017 1198 1064 recipi

447 1068 560 1113 facere,
581 1077 611 1102 et
643 1080 698 1116 per
723 1067 851 1102 eosdem
888 1068 917 1101 iu
946 1079 1037 1114 capsa
1065 1075 1199 1114 quatuor

446 1117 625 1152 clausituris
653 1117 755 1152 clausa
773 1129 934 1164 reponere,
958 1125 987 1151 et
1009 1117 1048 1152 de
1069 1117 1197 1151 scientia

446 1175 622 1202 conventus
633 1168 741 1215 reponi
754 1167 867 1207 lacere,
882 1179 1015 1214 quarum
1030 1179 1088 1201 una
1103 1166 1198 1201 clavis

444 1217 484 1251 sit
516 1229 613 1264 penes
634 1217 851 1264 superiorem,
877 1218 1007 1252 alterarn
1037 1225 1138 1251 teneat
1159 1217 1196 1250 ad

445 1266 504 1301 boc
521 1266 698 1314 specialiter
716 1267 848 1311 electus,
862 1276 891 1301 et
905 1267 1034 1302 alteram
1055 1267 1197 1310 sacrista,

443 1317 537 1351 altera
564 1316 648 1363 apud
681 1316 890 1351 domesticum
925 1316 1117 1351 saecularem
1149 1317 1195 1350 vel

443 1365 596 1411 oblatum,
611 1375 640 1401 et
657 1378 767 1401 ornnes
789 1367 851 1400 sint
874 1374 1054 1421 praesentes
1068 1365 1196 1413 quando

442 1416 580 1462 aperitur
613 1428 701 1455 arca;
735 1416 902 1451 correctori
939 1416 1035 1462 igitur
1067 1425 1196 1450 cunctae

442 1466 653 1501 eleemosinae
668 1465 849 1506 offerantur,
865 1473 895 1500 et
908 1465 989 1501 sicut
1003 1465 1121 1500 dicturn
1138 1475 1195 1509 est,

442 1514 672 1562 expendantur,
695 1515 1055 1563 nullique,absqueeius
1072 1493 1195 1550 licentizi

443 1572 472 1599 et
487 1577 658 1611 consensu,
673 1566 763 1600 liceat
784 1565 972 1612 quidquam,
995 1565 1086 1600 etiam
1103 1567 1126 1599 si
1143 1565 1197 1599 rni-

442 1615 564 1650 nimum
587 1616 639 1660 sit,
660 1615 753 1651 alicui
776 1615 1027 1660 accommodare,
1042 1623 1094 1650 aut
1110 1625 1194 1650 extra

442 1664 571 1699 domum
595 1665 711 1712 largiri.

731 1737 810 1772 Car».
834 1737 901 1772 vll.

490 1808 578 1856 SM.
593 1808 763 1850 Quoniam,
774 1817 906 1843 testante
914 1808 1089 1855 Scriptura,
1099 1808 1194 1843 multa

443 1869 481 1892 ex
506 1858 624 1893 ieiunio
654 1867 826 1893 nascuntur
847 1859 946 1901 bona,
970 1859 1039 1893 ideo
1061 1858 1195 1905 quilibet

442 1920 568 1942 carnem
582 1920 671 1942 suam
695 1907 822 1943 domare
838 1908 993 1943 sollicitus
1012 1910 1053 1943 sit
1068 1908 1195 1942 ieiuniis

441 1967 470 1992 et
491 1957 681 1992 abstinentia
694 1970 767 1992 esus
782 1966 812 1993 et
835 1966 938 2005 potus,
955 1966 1107 2004 quantum
1125 1958 1195 1992 vali-

441 2007 516 2042 tudo
529 2008 692 2055 perrnittit.
708 2007 746 2042 Et
765 2008 900 2054 primurn
924 2020 1035 2042 ornnes
1059 2007 1193 2054 vigiliae,

440 2072 519 2107 quas
546 2061 672 2096 mandat
686 2060 839 2103 Ecclesia,
862 2070 1031 2108 sanctaque
1058 2061 1194 2108 quadra-

439 2115 570 2161 gesima,
599 2128 615 2150 a
637 2115 792 2150 dominica
812 2116 1093 2163 quinquagesimae
1114 2116 1195 2151 inci—

440 2170 573 2216 pientes,
583 2182 598 2204 a
610 2169 700 2205 nobis
713 2170 931 2206 inviolabiliter
945 2171 1165 2207 observentur:
1178 2183 1192 2205 a

440 2223 519 2259 festo
533 2223 684 2259 Omnium
701 2224 892 2259 Sanctorum
915 2225 1072 2260 exclusive
1095 2237 1193 2271 usque

440 2278 478 2314 ad
501 2278 615 2314 festum
637 2279 814 2315 Nativitatis
837 2280 974 2324 Domini,
998 2281 1193 2328 caeterisque

442 2333 637 2381 temporibus
663 2343 770 2382 quarta
806 2344 836 2370 et
862 2343 946 2370 sexta
971 2334 1045 2370 seria
1068 2335 1192 2370 solliciti

441 2388 543 2422 simus
564 2388 714 2430 ieiunare;
731 2390 800 2424 aliis
821 2397 925 2424 autem
950 2389 1145 2436 temporibus
1165 2397 1193 2424 et

440 2442 692 2479 solemnitatibus
711 2444 831 2479 devotis
847 2445 977 2491 possint,
1000 2444 1052 2491 qui
1074 2445 1192 2489 volunt,

440 2497 478 2533 de
494 2497 619 2533 licentia
634 2499 820 2533 correctoris
844 2499 991 2540 ieiunare3
1015 2499 1069 2546 qui
1085 2498 1121 2538 si,
1139 2510 1193 2533 eo-

440 2564 508 2587 rum
532 2552 668 2600 inspecta
689 2553 851 2599 qualitate,
873 2561 1030 2588 corrector
1052 2552 1127 2587 nolit
1148 2553 1193 2587 eis

440 2606 631 2653 permittere,
644 2606 775 2641 sufficiat
789 2607 835 2641 eis
851 2606 929 2642 bona
946 2607 1105 2647 voluntas,
1117 2615 1194 2641 tem-

439 2672 514 2708 pore
537 2673 608 2696 vero
631 2661 889 2709 peregrinationis
905 2670 955 2697 aut
971 2661 1106 2697 alicuius
1123 2673 1191 2696 ma—

1246 263 1406 285 rtoxtaxt‘n
2014 264 2065 288 Αιι.
2084 261 2110 288 C.
2133 262 2198 289 1493

1247 317 1378 352 nisestae
1403 317 1609 361 necessitatis,
1626 329 1686 351 nou
1705 323 1869 351 teneantur
1889 315 1999 350 fratres

1248 368 1366 402 ieiunio
1385 366 1551 413 corporali,
1576 367 1686 414 poterit
1715 374 1817 400 tamen
1841 373 1999 400 corrector

1246 429 1340 464 super
1367 416 1415 450 liis
1458 416 1582 450 reruuiis
1609 428 1680 450 cunt
1704 414 1850 451 fratribus
1877 427 1998 450 secun-

1245 466 1320 501 dnm
1336 466 1438 500 Deurn
1455 465 1646 520 dispensare.
1668 464 1749 500 Cum
1765 475 1867 500 autem
1883 464 1998 512 aliquis

1247 528 1306 550 non
1332 515 1445 563 poterit
1461 527 1611 554 ieiunare
1628 527 1688 549 non
1713 524 1816 550 tamen
1839 522 1925 550 extra
1945 527 1996 550 so-

1246 564 1328 599 litam
1353 565 1460 600 boram
1486 565 1608 612 prandii
1630 564 1748 612 aliquid
1771 565 1994 599 alimentorum

1244 623 1358 654 sumat,
1382 616 1440 650 nisi
1463 626 1535 649 cum
1563 624 1712 660 aegrotat,
1735 623 1788 649 aut
1809 615 1849 649 de
1871 614 1995 650 licentia

1244 665 1439 700 correctori&
1468 664 1626 706 Quoniam
1653 671 1758 699 autem
1789 666 1889 699 oratio
1917 666 1995 699 bona
2025 676 2133 699 Orationis
2151 678 2196 700 ιη-

1243 723 1283 749 est
1309 728 1377 749 cum
1403 716 1538 758 rwettrnto,
1567 714 1677 749 fratres
1704 713 1838 748 maxime
1861 714 1994 757 lrostiarn
2011 714 2048 735 Ψ
2047 710 2106 735 ‘¹¹³³'

1244 764 1344 799 laudis
1366 764 1576 804 immolantes,
1604 773 1756 819 quantum
1780 764 1862 798 vires
1883 776 1996 812 suppe·

1244 823 1325 858 tunt,
1341 814 1497 849 ‹texorioni
1510 823 1540 848 et
1553 814 1682 849 orationi
1701 825 1809 849 xacare
1824 826 1885 848 non
1901 815 1996 848 omit-

1244 872 1320 908 tant,
1345 865 1512 911 iungentes
1540 863 1642 898 serbis
1664 875 1806 908 sensum,
1828 863 1933 898 sensui
1956 863 1995 898 as-

1243 892 1371 958 fectrim,
1398 914 1524 949 all'ectui
1553 913 1789 953 exultationem,
1811 913 1993 948 exultationi

1244 965 1464 1005 maturitatem,
1493 964 1661 999 maturitati
1682 963 1900 1003 bumilitatem,
1929 963 1995 998 ltu-

1243 1015 1363 1049 militati
1387 1014 1573 1053 libertatem,
1593 1026 1629 1048 ac
1644 1021 1765 1061 praeter
1783 1013 1876 1048 lroras
1897 1025 1995 1048 cano-

1243 1065 1345 1103 nicas,
1362 1064 1561 1111 potissimum
1584 1063 1710 1111 quando
1732 1063 1777 1098 eis
1799 1073 1896 1107 vacat,
1920 1063 1995 1108 psal-

1242 1115 1312 1155 mis,
1328 1114 1454 1161 lryrunis
1473 1123 1501 1149 et
1524 1113 1592 1148 aliis
1616 1112 1826 1160 peculiaribus
1849 1113 1995 1147 orationi-

1241 1163 1298 1198 bus
1321 1164 1479 1203 insistere,
1502 1164 1579 1198 locis
1595 1191 1604 1207 ,
1633 1163 1717 1198 lioris
1744 1171 1774 1197 et
1797 1162 1993 1210 temporibus

1240 1214 1431 1253 constitutis,
1467 1226 1545 1260 quas
1567 1222 1685 1259 quanto
1708 1212 1885 1247 crebriores
1907 1220 1993 1247 tanto

1239 1264 1411 1298 sanctiores
1424 1263 1538 1298 babere
1561 1263 1734 1297 debebunt.
1750 1262 1836 1297 Laici
1851 1274 1922 1297 vero
1937 1262 1991 1309 qui

1241 1314 1384 1347 nesciunt
1398 1313 1557 1358 literas,de
1569 1312 1782 1368 mane,audita
1793 1313 1992 1356 rnissa,exer-

1239 1363 1322 1397 titiis
1343 1363 1402 1398 sibi
1431 1375 1446 1397 a
1471 1372 1558 1410 patre
1580 1363 1731 1397 iniunctis
1755 1374 1813 1397 una
1836 1362 1911 1396 liora
1939 1370 1992 1396 aut

1238 1412 1361 1447 duabus
1376 1413 1550 1459 invigilent,
1560 1421 1748 1468 sumptoque
1767 1411 1908 1466 prandio,
1924 1412 1993 1446 toti·

1239 1462 1308 1497 dem
1324 1475 1359 1496 ac
1376 1463 1531 1508 pluribus,
1545 1463 1569 1497 si
1586 1463 1771 1508 oportuerit,
1786 1461 1991 1496 reminiscen-

1239 1521 1284 1546 tes
1300 1512 1479 1559 Scripturae
1490 1512 1633 1547 dicentis:
1647 1513 1710 1553 Oui
1722 1524 1783 1545 ηοιι
1797 1513 1917 1546 laborat
1931 1524 1992 1545 non

1238 1564 1408 1597 manducet.

1519 1633 1599 1669 Can.
1622 1633 1703 1668 Ylll.

1286 1711 1301 1750 ἕ
1331 1709 1386 1741 12.
1415 1706 1495 1742 Cum
1519 1706 1558 1742 de
1585 1707 1671 1742 omui
1705 1705 1801 1741 verbo
1824 1706 1924 1742 otioso
1960 1707 1990 1741 in

1239 1757 1407 1791 novissimo
1435 1757 1485 1791 die
1517 1757 1748 1791 districtissimo
1771 1756 1864 1791 iudici
1892 1756 1992 1792 simus

1238 1806 1390 1841 rationem
1420 1806 1584 1850 reddituri,
1603 1806 1720 1841 idcirco
1742 1818 1758 1840 a
1783 1805 1991 1853 verbis,quae

1237 1856 1305 1890 sine
1328 1856 1430 1891 fructu
1462 1864 1548 1895 sunt
1574 1857 1792 1903 unusquisque
1814 1868 1940 1902 semper
1961 1864 1991 1891 et

1238 1905 1354 1952 ubique
1376 1906 1533 1940 refraenet
1561 1906 1701 1952 linguam
1719 1918 1821 1945 suaur,
1844 1905 1990 1960 dictoque

1237 1956 1453 2003 completorio
1477 1968 1587 1990 omues
1609 1955 1721 1990 sileant
1745 1967 1844 2002 usque
1859 1955 1897 1991 ad
1920 1968 1991 2003 prr-

1238 2022 1333 2050 mam,
1359 2022 1548 2057 semperque
1563 2010 1592 2044 in
1607 2010 1749 2049 ecclesia
1772 2010 1891 2054 clauso,
1916 2009 1991 2045 refe-

1237 2064 1346 2108 etorio,
1367 2064 1395 2098 in
1420 2064 1612 2099 dormitoriis
1630 2073 1726 2112 atque
1741 2065 1875 2112 coquina
1894 2064 1989 2100 silen-

1237 2118 1313 2152 tium
1339 2118 1538 2160 observetur,
1574 2119 1599 2154 si
1623 2119 1698 2166 quid
1723 2128 1824 2153 tamen
1853 2119 1881 2153 in
1905 2119 1988 2154 dicto

1237 2181 1376 2220 tempore
1392 2173 1576 2221 praetaxatis
1591 2174 1668 2209 locis
1684 2174 1864 2209 necessario
1878 2173 1988 2208 dicen-

1237 2227 1310 2261 dunr
1347 2228 1537 2275 contigerit,
1573 2227 1675 2263 ιοιιιιε
1709 2228 1817 2275 paucis
1853 2228 1988 2263 demisse

1236 2280 1367 2322 dicatur;
1391 2283 1616 2330 potissimeque
1631 2295 1688 2316 nox
1694 2282 1738 2316 itii
1753 2283 1911 2317 silentium
1926 2294 1988 2317 ser-

1237 2344 1306 2369 ιοιιι
1331 2335 1431 2382 primo
1455 2336 1661 2383 ingressionis
1689 2349 1762 2371 suae
1783 2349 1883 2380 auno,
1913 2349 1984 2372 cum

1237 2389 1361 2424 nemine
1383 2390 1533 2425 saeculari
1550 2398 1602 2425 aut
1619 2390 1773 2436 religioso,
1800 2392 1854 2438 qui
1878 2391 1917 2426 de
1939 2391 1987 2426 fa-

1237 2444 1318 2478 milia
1341 2454 1443 2479 uostra
1468 2456 1533 2483 nou
1546 2419 1692 2485 sit,sine0
1692 2446 1786 2492 patris
1801 2447 1985 2482 auctoritate

1235 2506 1265 2532 et
1280 2499 1365 2533 socio
1382 2499 1530 2546 deputato
1544 2499 1702 2541 audiente,
1716 2499 1890 2547 loquentes.
1904 2500 1985 2536 Nul-

1237 2551 1285 2585 lus
1307 2553 1399 2587 etiam
1421 2553 1592 2600 professus,
1619 2554 1788 2601 quicquam
1811 2554 1982 2601 singulare,

1235 2605 1353 2653 absque
1367 2608 1461 2654 patris
1476 2620 1645 2654 consensu,
1658 2608 1757 2643 facere
1774 2609 1896 2653 audeat,
1910 2622 1980 2644 curu

1235 2660 1378 2696 diabolus
1400 2674 1639 2709 saepenumero,
1653 2662 1712 2698 sub
1723 2663 1828 2711 speeie
1842 2662 1928 2705 boni,
1947 2675 1982 2698 ea

2045 1714 2142 1742 silentio,

2047 2297 2142 2323 Noutria,
