2281 3251
277 276 327 304 An.
344 276 374 304 C.
388 276 450 304 15ἳὶ

324 1713 421 1739 lufirmis;

320 2490 454 2513 visitatorum

347 2523 423 2548 officia,

521 265 590 300 766

471 335 510 372 ab
528 334 614 371 omni
634 332 824 373 curiositate,
845 338 905 366 tam
923 330 952 365 in
968 330 1108 365 vestibus
1124 342 1216 377 qnam

472 386 503 420 in
518 385 586 420 aliis
600 384 856 432 quibuscumque
879 381 1046 416 abstinere.
1068 380 1117 423 Et,
1137 381 1218 414 iuxta

472 435 678 482 apostolicum
694 436 736 476 (ll
750 430 987 479 principisbeati
998 430 1081 465 Petri
1096 430 1221 465 salubre

472 485 637 520 consilinm
656 511 664 527 ,
698 482 851 530 depositis
886 482 982 516 certis
1011 480 1098 515 ranis
1127 480 1221 514 buius

472 535 584 570 saeculi
609 532 802 568 ornamentis
818 559 826 573 ,
850 531 970 565 nullum
1000 539 1219 565 ornamentum

472 584 635 631 corporale
657 591 781 629 portare
809 580 937 619 debent,
965 581 1024 615 nisi
1049 580 1150 615 solum
1167 579 1222 614 1111-

473 634 545 669 mile
567 641 596 667 et
619 632 830 668 necessarium
847 640 1062 678 tegumentum
1079 630 1221 677 corporis

473 683 532 718 sui.
567 683 692 718 Debent
719 682 811 717 etiam
845 680 884 715 ab
906 693 1034 716 accessu
1063 680 1220 715 curiarum

474 733 667 781 principum,
695 731 896 766 dominorum
921 743 974 765 seu
1003 731 1220 765 dominarum.

474 783 524 818 ubi
547 782 652 818 mollia
676 781 769 816 buius
785 780 895 816 mundi
913 780 1063 825 (Domino
1079 783 1221 823 testante)

473 832 640 877 habentur,
662 832 792 867 omnino
818 843 944 872 cavere3
981 842 1038 865 nec
1066 830 1129 865 ullo
1152 843 1223 864 um-

473 895 566 930 quam
596 890 737 930 tempore
754 881 889 926 choreis,
904 881 996 925 ludis,
1013 880 1089 915 iocis
1103 888 1132 914 et
1155 880 1223 914 aliis

474 932 663 968 histrionum
706 931 894 967 vanitatibus
917 931 1079 966 interesse.
1098 929 1222 965 Debent

474 995 599 1030 quoque
621 994 689 1017 esse
713 982 796 1030 parci
825 981 856 1015 in
885 981 988 1016 verbis
1022 988 1052 1015 et
1084 980 1223 1014 locutio-

474 1032 579 1077 nibus,
606 1044 686 1079 quae
720 1043 789 1066 raro
816 1031 884 1066 sine
917 1039 1044 1078 peccato
1072 1029 1223 1077 multipli-

474 1090 595 1118 cantur.
617 1082 669 1127 Et,
691 1094 788 1130 super
810 1081 927 1122 omnia,
955 1081 994 1115 ab
1020 1080 1105 1115 omni
1133 1092 1224 1114 men-

475 1132 566 1168 dacio
579 1141 608 1168 et
623 1133 798 1167 iuramento
812 1143 1028 1178 quocumque,
1041 1131 1123 1165 iuxta
1138 1142 1223 1165 man—

475 1181 582 1217 datum
606 1181 751 1222 Domini,
775 1182 833 1216 nisi
863 1193 917 1228 pro
945 1192 1040 1228 pace,
1069 1180 1147 1225 fide,
1170 1192 1224 1214 ca-

475 1232 594 1267 lumnia
617 1241 644 1267 et
669 1232 849 1267 testimonio
878 1230 1091 1278 perhibendo,
1115 1242 1224 1265 cavere

476 1281 602 1317 debent.
625 1282 665 1316 Et
687 1282 773 1317 omni
801 1281 852 1315 die
876 1282 907 1315 in
934 1293 1016 1321 sero,
1044 1281 1125 1314 inter
1152 1292 1225 1314 cae-

476 1339 564 1372 tera,
587 1331 704 1367 debent
731 1331 909 1367 examinare
942 1343 976 1365 se
1011 1330 1035 1364 si
1059 1330 1109 1363 vol
1135 1342 1225 1364 men-

476 1381 600 1417 dacium
622 1382 666 1416 vel
691 1381 902 1416 iuramentum
925 1379 1052 1428 aliquod
1083 1379 1223 1423 fecerint,

476 1440 506 1466 et
546 1444 601 1479 pro
632 1431 773 1479 quolibet
807 1439 853 1466 ter
879 1432 974 1465 Pater
1000 1437 1101 1464 noster
1122 1429 1225 1464 dicere

477 1481 604 1516 debent.

542 1541 590 1575 De
615 1541 788 1575 visitatione
810 1547 836 1574 et
857 1552 933 1574 cara
953 1540 1159 1587 infirmorum.

761 1598 843 1634 Cn.
870 1598 938 1633 VII.

527 1658 561 1694 Si
584 1659 655 1707 quis
677 1658 771 1694 frater
793 1658 839 1694 vel
862 1670 950 1693 soror
972 1658 1066 1693 buius
1089 1656 1228 1692 fraterni-

479 1711 549 1745 tatis
573 1709 601 1743 in
626 1709 806 1744 infirmitate
829 1707 994 1752 ceciderit,
1017 1708 1160 1742 minister
1176 1706 1229 1742 do-

479 1773 551 1795 mus
579 1759 624 1794 vel
660 1769 778 1803 mater,
799 1758 898 1793 semel
929 1758 1094 1806 qnotidie,
1119 1769 1173 1804 per
1195 1769 1229 1791 se

481 1811 526 1845 vel
550 1821 606 1857 per
627 1809 718 1844 aliam
743 1821 908 1856 personam
928 1809 1049 1842 visitare
1074 1815 1229 1845 teneatur,

480 1868 511 1896 et
536 1859 575 1895 de
603 1859 694 1894 bonis
722 1858 945 1893 communibus
980 1857 1084 1892 omnia
1118 1869 1230 1892 neccs-

481 1910 560 1945 saria
583 1909 749 1956 diligenter
776 1909 868 1943 faeiat
891 1908 933 1942 illi
958 1907 1143 1942 ministrare.
1167 1905 1231 1941 Te-

482 1967 591 1995 neatur
626 1971 754 2007 quoqne
791 1958 950 1993 infirmum
987 1957 1032 1992 vel
1076 1956 1229 1991 infirmam

482 2021 611 2045 monere
629 2009 666 2044 ad
691 2008 915 2056 poenitentiam
942 2006 1166 2054 acceptandam
1185 2019 1231 2040 ve-

482 2071 613 2107 ramque
640 2059 878 2094 conversionem
914 2057 950 2091 ad
979 2057 1083 2091 Deum
1112 2055 1230 2090 facien-

483 2108 578 2151 dam,
617 2109 728 2144 mortis
756 2107 1022 2156 propinquitatem
1061 2115 1091 2141 et
1126 2106 1231 2140 iudicii

484 2158 578 2194 divini
608 2158 861 2202 districtionem,
899 2156 1059 2204 simulque
1095 2155 1231 2191 divinam

485 2209 735 2244 misericordiam
759 2207 979 2256 proponendo.

486 2269 533 2303 De
557 2270 731 2303 visitatione
747 2280 841 2314 qaam
859 2267 996 2313 praelati
1016 2267 1120 2300 debent
1137 2267 1235 2311 facere

646 2320 727 2353 circa
753 2320 864 2363 fratres
890 2325 916 2351 cl
943 2328 1069 2351 sorores.

770 2376 849 2413 Car.
875 2375 956 2411 vlu.

537 2437 680 2472 Minister
699 2436 899 2485 provincialis
927 2435 1054 2470 fratrum
1076 2433 1234 2468 Minornm

491 2493 536 2528 vel
573 2492 710 2527 risitator
745 2491 885 2526 eiusdem
920 2489 1073 2534 Ordinis,
1100 2489 1148 2524 cui
1171 2489 1237 2536 ipse

491 2547 697 2591 commiserit,
714 2546 849 2581 visitabit
870 2545 1014 2593 quolibet
1032 2555 1125 2588 anuo,
1140 2542 1237 2578 semel

492 2610 610 2637 tantum
635 2602 664 2636 in
689 2600 825 2649 qualibet
848 2600 954 2643 domo,
976 2611 1048 2633 cum
1066 2596 1237 2645 praesentia

527 2661 568 2695 (t)
587 2659 764 2694 Waddingus‚
782 2658 838 2686 loco
854 2659 1028 2691 apostolicum
1041 2677 1047 2683 .
1062 2676 1067 2682 .
1083 2676 1088 2682 .

494 2700 553 2736 legit
569 2702 763 2733 apostolorum.
776 2720 799 2726 ..
817 2701 907 2725 ceteris
926 2698 964 2732 (n.
986 2697 1035 2733 Γ.).

1109 2659 1134 2683 et
1149 2658 1238 2687 cerlis,

1055 274 1241 298 BULLAnttm
1264 274 1424 297 ROMANUM

1262 331 1433 366 seniorum.
1461 329 1520 374 Et,
1548 329 1625 365 facta
1654 330 1844 376 viSitatione,
1868 342 1930 365 non
1953 329 2011 366 de-

1263 382 1313 416 bet
1348 381 1461 415 intrare
1496 380 1635 415 officinas
1676 393 1733 416 nec
1768 382 1826 416 alia
1864 380 2010 416 interiora

1262 443 1417 466 sororum.
1451 430 1522 478 Ipse
1548 439 1651 466 autem
1676 431 1815 466 visitator
1837 442 2009 477 numquam

1262 481 1348 516 solus
1382 489 1504 515 maneat
1537 490 1566 515 et
1599 489 1761 527 separatus
1799 494 1871 517 cum
1907 480 2011 527 aliqua

1263 543 1380 566 sorore.
1403 530 1528 566 Debent
1549 539 1652 565 autern
1683 531 1815 566 ministri
1843 541 1871 566 et
1896 539 2011 565 matres

1262 581 1366 616 dicere
1394 581 1541 616 visitatori
1565 580 1718 619 defectus,
1741 581 1795 628 qni
1817 580 2012 616 correctione

1263 630 1414 678 indigent.
1448 630 1600 666 Similiter
1632 637 1662 665 et
1689 630 1738 664 alii
1771 629 1880 666 fratres
1902 637 1932 664 et
1959 642 2013 665 so-

1264 692 1359 715 rores.
1394 680 1433 715 Et
1455 681 1478 714 si
1503 680 1596 728 aliqui
1619 679 1738 715 fuerint
1765 679 2012 726 incorrigibiles,

1264 730 1379 766 iudicio
1396 730 1600 765 discretorum
1609 730 1655 765 vel
1668 730 1873 765 discretarum
1887 729 2012 774 domus,

1264 789 1422 828 tamquam
1450 780 1592 815 morbida
1614 792 1726 828 pecora
1746 807 1753 821 ‚
1776 780 1944 816 eiiciantur
1974 779 2014 814 de

1263 839 1518 878 congregatione.

1434 904 1482 938 De
1513 904 1614 950 officio
1641 910 1843 937 mortuorum.

1554 975 1632 1010 Cn.
1666 974 1718 1010 IX.

1313 1047 1485 1096 Postquam
1512 1048 1624 1095 aliquis
1659 1047 1753 1082 frater
1780 1047 1825 1082 vel
1854 1059 1944 1082 soror
1975 1045 2014 1081 ab

1266 1098 1323 1133 bac
1346 1098 1416 1133 lnce
1439 1098 1630 1144 migraverit,
1652 1097 1775 1132 curabit
1797 1098 1943 1132 minister
1957 1109 2013 1132 seu

1266 1156 1363 1182 mater
1385 1147 1468 1195 quod
1491 1148 1557 1183 eins
1584 1149 1734 1195 exequiae
1761 1147 1944 1182 solemniter
1961 1159 2015 1181 ce-

1266 1198 1438 1233 lebrentur.
1462 1197 1586 1240 Quibus
1608 1197 1751 1244 exequiis
1765 1209 1876 1232 omncs
1905 1197 2015 1231 fratres

1266 1247 1312 1282 vel
1348 1260 1472 1283 sorores
1507 1247 1640 1282 alicuius
1668 1248 1806 1287 domus,
1829 1246 1881 1281 ubi
1910 1247 2015 1294 ipsum

1267 1298 1344 1332 mori
1373 1298 1553 1344 contigerit,
1578 1297 1784 1344 personaliter
1803 1297 1953 1332 interesse
1967 1295 2015 1330 de-

1267 1348 1358 1388 bent,
1382 1360 1439 1382 nec
1463 1347 1610 1382 recedere
1637 1346 1752 1381 debent
1773 1346 1874 1381 donec
1900 1357 2016 1393 corpus

1267 1397 1415 1432 traditum
1449 1397 1488 1432 sit
1523 1397 1714 1444 sepulturae.
1753 1396 1790 1430 Et
1823 1408 1878 1442 pro
1911 1396 2014 1430 anima

1267 1447 1437 1482 cuiuslibet
1466 1446 1607 1481 defuncti
1640 1446 1687 1481 vel
1715 1445 1900 1485 defunctae,
1937 1444 2014 1480 infra

1268 1504 1338 1531 octo
1353 1497 1433 1537 dies,
1456 1496 1588 1544 quilibet
1603 1496 1750 1531 sacerdos
1764 1507 1858 1530 unam
1875 1495 2015 1535 missam;

1268 1548 1402 1582 scientes
1429 1554 1532 1582 autem
1558 1546 1763 1593 psalterium,
1791 1544 2017 1592 quinquaginta

1271 1596 1418 1644 psalmos3
1435 1596 1612 1632 nescientes
1631 1608 1703 1631 vero
1721 1595 1914 1643 psalterium,
1929 1594 2019 1641 quin-

1269 1648 1416 1694 quaginta
1440 1648 1534 1681 Paler
1554 1654 1665 1690 noster,
1683 1654 1712 1680 et
1729 1647 1758 1680 in
1773 1645 1834 1680 fine
1849 1644 2019 1679 cuiuslibet

1271 1698 1415 1744 Reqaiem
1443 1705 1597 1732 aeternam
1627 1697 1731 1731 (licere
1771 1702 1949 1731 teneantur.
1982 1693 2017 1728 In

1271 1752 1331 1787 fine
1369 1760 1473 1786 antem
1512 1750 1683 1786 cuiuslibet
1721 1751 1818 1794 anni,
1851 1761 1907 1785 seu
1942 1747 2020 1783 infra

1271 1806 1443 1854 quemlibet
1465 1818 1584 1840 annum
1599 1834 1606 1846 ,
1629 1805 1762 1853 quilibet
1788 1803 1936 1840 sacerdos
1957 1811 2020 1838 tres

1272 1862 1383 1896 missas
1407 1873 1461 1908 pro
1481 1860 1648 1901 defunctis3
1666 1860 1803 1894 scientes
1823 1858 2020 1906 psalterium,

1273 1928 1370 1950 unum
1394 1915 1589 1963 psalterium;
1613 1915 1792 1949 nescientes
1808 1925 1880 1948 vero
1903 1913 2022 1960 psalte-

1273 1971 1367 2015 rium,
1389 1978 1516 2005 centnm
1543 1971 1634 2004 Pater
1655 1977 1755 2003 noster
1781 1980 1852 2003 cum
1877 1968 2022 2012 Requiem

1273 2034 1427 2060 aeternam
1449 2025 1478 2058 in
1500 2024 1560 2059 fine
1574 2023 1741 2059 cuiuslibet
1757 2022 1861 2057 dicere
1876 2021 2022 2057 debeant.

1274 2079 1311 2114 Et
1338 2079 1419 2114 circa
1442 2079 1497 2114 ista
1525 2078 1625 2113 officia
1654 2089 1709 2125 pro
1732 2077 1890 2112 defunctis
1912 2083 1943 2111 et
1964 2075 2023 2110 alia

1274 2134 1374 2169 officia
1397 2133 1499 2168 divina
1529 2133 1559 2168 in
1588 2132 1744 2180 praesenti
1767 2132 1848 2167 serie
1876 2142 2023 2176 annexa,

1275 2201 1348 2224 cura
1377 2189 1548 2236 imponitur
1580 2188 1733 2222 ministris
1760 2194 1790 2222 et
1812 2185 1964 2222 matribus
1991 2193 2026 2220 ut

1275 2243 1409 2279 fideliter
1432 2243 1660 2291 persolvantur.

1300 2319 1347 2352 De
1368 2318 1554 2362 obliqatione
1579 2322 1789 2351 contentorum
1810 2315 1843 2349 in
1865 2313 1998 2359 Reyula.

1540 2412 1543 2413 ν
1576 2388 1657 2424 ΟΜ).
1685 2388 1724 2423 X.

1326 2463 1443 2498 Omnia
1465 2472 1494 2499 et
1516 2462 1640 2509 singula
1664 2462 1694 2496 in
1719 2460 1874 2509 praesenti
1901 2458 2025 2506 Regula

1279 2526 1423 2554 contenta
1446 2526 1518 2554 sunt
1540 2516 1668 2553 consilia
1691 2516 1728 2551 ad
1756 2515 1878 2551 facilius
1895 2514 2026 2549 salvan-

1279 2573 1335 2608 das
1361 2574 1481 2608 animas
1505 2572 1668 2612 viatorum,
1702 2579 1732 2606 ct
1755 2570 1836 2605 nulla
1860 2577 1935 2605 sunt
1951 2568 2029 2604 obli-

1281 2628 1398 2674 galeria
1420 2627 1457 2662 ad
1482 2634 1643 2674 peccatum
1667 2624 1796 2660 mortale
1819 2623 1865 2658 vel
1892 2623 2027 2668 veniale,

1283 2682 1339 2717 nisi
1363 2683 1502 2717 hnmano
1525 2681 1570 2717 vel
1593 2681 1699 2716 divino
1727 2680 1793 2714 iure
1816 2678 1928 2728 aliquis
1950 2677 2027 2714 alias

2027 275 2076 303 An.
2093 275 2121 303 C.
2142 272 2205 305 1521

2049 1063 2198 1084 netunciorum

2070 1095 2174 1123 exequ'mu

2055 2469 2188 2497 ObIIgattone
2201 2468 2226 2490 nd
2263 2491 2268 2497 ,

2042 2503 2082 2523 tris
2089 2500 2227 2523 votaetcluu-

2043 2540 2118 2555 auram.
