2281 3251
86 304 136 334 Au.
156 303 266 332 (3.1515

94 738 190 762 vomitu
215 739 264 761 ideo

81 771 264 793 “claramonte-

81 807 129 824 oue
144 802 221 828 ttciton.
247 803 263 823 ιὶ

79 833 131 855 ΙιΙΙιΙΙ
147 833 202 855 ultr·
224 839 264 854 ne-

79 869 159 886 etun.
184 864 265 891 impen-

81 900 115 918 ιιι
126 896 248 924 recipiatur.

952 299 1015 324 LEO
1042 299 1063 323 Χ
1092 299 1137 322 PP.

1706 286 1777 321 625

281 355 430 393 nocentio
453 363 578 396 octavo,
607 354 786 390 Alexandro
809 362 938 390 sextoet
954 354 1033 390 lulio
1076 355 1227 390 stisideles
1242 354 1413 390 maioribus
1433 352 1826 401 indulgentiisinvitandos

281 404 447 450 secundo,
475 404 628 440 Romanis
655 404 865 440 Pontificibus
902 405 1033 461 praede-

282 455 461 491 cessoribus
498 455 625 498 nostris,
659 453 846 510 probatam
873 467 887 488 a
917 455 1033 490 sanctis

281 516 409 553 quoque
435 516 470 539 ac
487 503 552 538 Deo
575 503 696 538 (Ιοιοιίε
723 512 751 538 ct
777 505 806 538 in
836 517 966 552 magna,
994 505 1032 538 ol)

280 553 453 590 sanctitatis
475 554 655 599 opinionem
674 580 683 598 ,
719 553 953 589 existimatione
977 554 1032 589 Ιιιι-

279 602 366 648 bitis,
379 603 577 649 evangelicae
592 603 729 637 veritatis
753 603 1031 649 praedicatoribus,

279 653 490 700 praedicatam
510 664 579 687 esse
601 653 783 687 ostendunt.

329 702 349 750 S
370 705 403 737 4.
427 703 491 737 Nos
515 714 610 749 super
627 703 685 736 boc
708 705 812 749 (prout
828 702 918 737 nobis
932 711 977 738 cst
994 714 1029 737 ex

278 752 341 788 alto
367 757 566 796 concessum)
589 760 765 798 opportune
788 752 952 798 providero
976 765 1031 787 ro-

280 802 390 843 lentes,
413 802 541 837 alterius
557 802 683 849 quidem
708 801 804 847 partis
825 801 962 836 iustitiae
978 815 1029 836 ze-

279 852 356 895 lum,
379 863 419 886 ne
442 863 554 897 vorago
569 851 745 897 aperiretur
761 863 940 895 usurarum⁷
959 852 1031 885 alte-

277 902 344 936 rius
373 901 494 948 pictatis
520 909 550 935 et
573 900 710 934 veritatis
729 912 883 944 amorem,
899 909 932 934 ut
949 913 1029 948 pau-

279 950 409 998 peribus
422 950 655 993 subveniretur,
670 950 833 997 utriusque
847 962 918 984 vero
935 951 1030 996 partis

277 1001 417 1036 studium
440 1000 711 1039 commendantes,
728 1011 798 1034 cum
824 999 899 1034 llaec
921 999 959 1033 ad
981 1012 1028 1046 pa-

277 1062 345 1084 cem
369 1058 399 1084 et
421 1049 676 1096 tranquillitatem
707 1049 801 1082 totius
837 1049 1029 1095 reipublicae

277 1099 468 1134 christianae
493 1107 635 1145 spectare
652 1098 802 1142 rideatur,
818 1110 906 1132 sacro
920 1111 1028 1145 appro⁴

277 1147 369 1183 hante
391 1149 526 1184 concilio
542 1174 551 1191 ,
577 1147 775 1182 declaramus
796 1157 825 1182 et
848 1147 1028 1192 delinimus,

277 1206 402 1233 montes
428 1198 550 1244 pietatis
565 1197 742 1231 antedictos
763 1208 817 1242 per
833 1197 1028 1242 respublicas

276 1247 490 1292 institutos,et
504 1247 691 1281 anctoritate
712 1245 805 1281 Sedis
827 1245 1028 1291 Apostolicae

276 1296 429 1331 hactenus
451 1296 599 1343 probatos
620 1303 651 1330 et
677 1296 890 1333 confirmatos,
906 1295 934 1328 iu
955 1297 1028 1342 qui-

274 1345 346 1388 bus,
369 1358 425 1392 pro
447 1357 557 1380 eorum
582 1345 735 1392 impensis
757 1353 787 1379 et
810 1345 1026 1386 indemnitate,

274 1395 391 1443 aliquid
415 1395 613 1430 moderatum
642 1394 680 1428 ad
703 1393 785 1429 solas
808 1394 1025 1429 ministrorum

273 1445 435 1492 impensas
450 1444 620 1480 etaliarum
638 1456 740 1478 rerum
759 1443 796 1478 ad
813 1443 937 1478 illorum
954 1457 1027 1479 cou-

273 1495 495 1534 servationem,
520 1502 551 1528 ut
580 1493 764 1540 praefertur,
788 1494 1025 1538 pertinentium,

274 1556 332 1592 pro
359 1557 469 1579 eorum
506 1543 713 1577 indemnitate
741 1542 914 1583 dumtaxat,
946 1543 1025 1579 ultra

275 1602 407 1633 sortem
422 1593 541 1640 absque
557 1592 644 1627 lucro
660 1592 843 1627 eorumdem
859 1594 1024 1633 montium

274 1643 436 1689 recipitur,
465 1655 567 1690 mque
590 1642 729 1697 speciem
756 1643 826 1676 mali
858 1642 1025 1689 [ιι-ειιοΓιιι-ο,

274 1704 335 1728 nec
351 1692 502 1739 peccandi
527 1692 717 1726 incentivum
737 1699 904 1737 [ιιιιιεειιιο,
923 1705 1024 1738 neque

274 1742 337 1777 ullo
370 1752 460 1789 pacto
488 1741 669 1788 improbari,
697 1742 872 1788 quinimmo
896 1743 1026 1776 merito-

273 1791 355 1826 rium
384 1804 465 1830 esse,
489 1803 523 1825 ac
551 1791 669 1824 laudari
697 1799 726 1825 et
755 1790 878 1837 probati
909 1791 1024 1826 dibeic

273 1841 333 1876 lale
349 1841 691 1879 inutuum,etn1iuinie
716 1852 826 1874 ttstltffat
832 1853 894 1873 tunt
909 1842 1023 1887 [ιιιῑτιιχί

273 1890 430 1938 licereque
458 1891 582 1924 illorum
609 1891 753 1936 pietatem
783 1899 811 1924 et
839 1891 1024 1924 misericor-

272 1939 354 1974 (ilani
381 1941 508 1987 [iopllllS
536 1939 729 1986 ΡΙΠΟΛΙΨἿΓΟ,
756 1940 849 1973 ellani
873 1952 944 1974 Cllssl
970 1940 1024 1973 lt}-

272 1989 443 2036 dulgcntiis
459 2002 475 2024 a
490 1998 593 2024 sancta
609 1989 691 2024 Sede
706 1989 886 2034 Apostolica
901 2002 968 2024 eam
984 1990 1024 2024 ol)

272 2050 399 2074 causam
415 2039 586 2081 concessis.
599 2039 644 2073 Ac
658 2038 821 2084 deinceps,
837 2039 914 2073 alios
928 2041 1021 2073 etiam

272 2089 393 2123 similes
407 2097 529 2123 montes
551 2101 623 2123 cum
643 2088 843 2135 Apostolicae
857 2089 950 2123 Sedis
968 2102 1023 2136 ap-

272 2142 457 2188 probatione
473 2142 550 2188 erigi
575 2154 679 2189 posse.
702 2142 801 2177 Multo
829 2150 931 2177 tamen
949 2155 1023 2190 per-

271 2195 386 2232 sectius
413 2196 577 2244 multoque
592 2196 731 2231 sanctius
755 2197 869 2236 sore,si
893 2197 1023 2232 omniuo

271 2250 348 2286 tales
375 2260 498 2286 montes
512 2251 637 2297 gratuiti
661 2251 939 2291 constituerentur,
963 2251 1023 2286 hoc

270 2313 330 2350 est,
349 2305 375 2339 si
405 2305 475 2340 illos
494 2306 651 2352 erigentes
673 2306 793 2352 aliquos
809 2317 924 2340 census
944 2306 1022 2340 assi-

269 2367 414 2406 gnarent,
437 2359 564 2406 quibus,
579 2360 604 2393 si
633 2372 695 2394 nou
724 2359 823 2404 omni,
840 2360 949 2395 saltem
975 2360 1020 2395 vel

269 2413 374 2449 media
396 2426 434 2448 ex
458 2422 556 2460 parte,
580 2413 765 2449 huiusmodi
790 2414 945 2448 montium
962 2414 1022 2448 mi-

269 2467 439 2503 nistrorum
457 2468 620 2503 solvantur
636 2469 809 2515 impensae,
824 2477 856 2502 ut
871 2468 908 2502 ad
925 2469 1022 2503 levio-

270 2533 333 2556 rem
356 2521 437 2556 aeris
463 2521 604 2556 solvendi
629 2522 803 2569 portionem
827 2522 932 2557 medio
961 2522 1021 2558 boc

269 2586 425 2623 pauperes
446 2576 566 2622 gravari
591 2577 763 2623 contingat,
786 2576 824 2611 ad
841 2589 933 2624 quos,
947 2589 1019 2612 eum

270 2628 450 2665 huiusmodi
479 2642 593 2665 census
620 2631 850 2676 assignatione,
879 2643 934 2678 pro
962 2631 1020 2665 im-

269 2694 436 2730 pensarum
459 2684 698 2733 supportatione
734 2684 912 2731 erigendos,
934 2684 1021 2720 chri-

1075 417 1144 439 esse
1172 404 1384 439 decernimus

1124 454 1143 501 g
1171 456 1203 489 5.
1228 453 1348 488 Omnes
1370 461 1474 488 autem
1491 453 1654 500 religiosos
1676 461 1706 487 et
1728 452 1825 488 eccle-

1075 503 1215 538 siasticas
1237 516 1272 539 ac
1294 503 1470 538 saeculares
1494 515 1654 549 personas
1677 502 1730 550 qui
1746 514 1825 537 con-

1076 561 1118 587 tra
1147 553 1321 600 praesentis
1348 552 1570 587 declarationis
1597 560 1626 586 et
1653 552 1825 587 sanctionis

1076 602 1205 637 formam
1239 603 1277 636 de
1298 611 1402 637 cetero
1427 602 1606 648 praedicare
1629 614 1682 636 seu
1706 601 1825 649 dispu—

1076 661 1138 686 tare
1167 652 1261 687 verbo
1278 652 1322 686 vel
1339 652 1463 698 scriptis
1477 651 1543 686 ausi
1564 650 1689 694 suerint,
1705 663 1825 686 excom-

1075 702 1297 736 municationis
1315 701 1391 736 latae
1410 701 1584 736 sententiae
1600 713 1744 747 poenam,
1759 700 1825 747 pri-

1076 751 1186 797 vilegio
1208 763 1412 799 quocumque
1442 763 1502 785 non
1531 750 1687 789 obstante,
1715 750 1826 785 incur-

1075 813 1142 835 rere
1164 801 1322 834 volumus.

1121 850 1187 896 56.
1202 849 1270 883 Nou
1288 850 1487 885 obstantibus
1507 848 1687 896 praemissis
1704 861 1739 884 ac
1753 861 1825 884 con-

1072 899 1290 934 stitutionibus
1308 908 1337 934 et
1366 898 1628 934 ordinationibus
1646 899 1826 944 apostolicis

1073 950 1249 994 ceterisque
1272 950 1436 984 contrariis
1458 948 1725 996 quibuscumque.

1121 998 1205 1032 Nulli
1235 1010 1308 1045 ergo
1331 999 1461 1033 omnino
1484 998 1648 1033 hominum
1671 1006 1722 1032 etc.

1120 1047 1153 1082 Si
1183 1049 1253 1094 quis
1276 1057 1377 1082 autem
1407 1056 1460 1082 etc.

1122 1096 1190 1130 Dat.
1226 1097 1346 1132 Romae
1387 1098 1417 1132 in
1448 1096 1571 1144 publica
1600 1096 1765 1137 sessione,
1793 1110 1824 1132 in

1070 1145 1258 1181 Lateranen.
1283 1156 1481 1182 sacrosancta
1499 1146 1625 1180 basilica
1641 1145 1826 1181 solemniter

1071 1196 1225 1230 celebrata
1245 1224 1251 1235 ,
1287 1209 1371 1231 anno
1394 1195 1623 1231 Incaruationis
1646 1194 1825 1231 dominicae

1069 1257 1183 1290 iunxv,
1207 1255 1319 1292 quarto
1346 1258 1446 1281 nonas
1473 1245 1559 1285 maii,
1587 1244 1698 1291 pontif.
1727 1246 1824 1281 nostri

1069 1307 1153 1330 anno
1178 1304 1278 1329 tertio.

1129 1356 1189 1387 Dat.
1212 1357 1259 1388 die
1277 1357 1294 1387 4
1314 1357 1383 1387 maii
1399 1357 1485 1394 1515,
1504 1356 1606 1396 pontis.
1626 1365 1702 1386 anno
1721 1364 1762 1387 111.

1372 1523 1430 1559 ΧΠ
1457 1526 1511 1568 (t).

1071 1607 1242 1640 Prolzt'bitt'o
1264 1606 1463 1650 imprimendi
1484 1606 1589 1645 libros,
1617 1607 1730 1652 absque
1744 1619 1821 1641 exa-

1117 1657 1196 1689 mine
1224 1662 1250 1688 ec
1271 1657 1494 1700 approbatione
1523 1657 1636 1690 vicarii
1667 1657 1772 1701 Papae
1797 1665 1822 1690 et

1116 1706 1258 1750 niayistri'
1272 1707 1354 1738 sacri
1367 1706 1664 1750 Palatt't'Apostolt'ct'
1683 1708 1717 1739 i'n
1733 1706 1822 1750 Urbe,

1116 1762 1142 1788 ee
1181 1757 1387 1799 episcoporum
1410 1755 1633 1801 liavrett'caeque
1656 1756 1820 1801 pravitatis

1118 1805 1334 1849 inquisitorum
1361 1806 1394 1837 in
1415 1806 1488 1838 aliis
1514 1806 1598 1838 locis.

1337 1882 1433 1914 SUMM
1439 1883 1523 1914 sumt
1519 1883 1551 1914 M

1066 1944 1819 1977 Exordium.—1.CausaehuiusconstitutioniS.—

1105 1991 1132 2020 02.
1152 1991 1230 2020 Libri
1250 2001 1306 2020 non
1327 1991 1534 2028 imprimantur
1553 1992 1608 2021 nisi
1634 1992 1748 2030 praevia
1769 2001 1819 2021 su-

1106 2036 1254 2073 periorum
1278 2036 1393 2065 licentia
1413 2040 1441 2065 et
1459 2036 1601 2066 exatnine.
1630 2052 1668 2058 —
1690 2036 1717 2066 3.
1746 2034 1818 2065 Con-

1107 2080 1330 2110 travenicntium
1351 2089 1470 2120 poenae.

1064 2157 1115 2187 Leo
1135 2158 1278 2194 episcopus
1299 2164 1395 2186 servus
1422 2163 1561 2186 servorum
1584 2157 1640 2190 nei.
1662 2158 1695 2186 ad
1722 2165 1816 2194 perpe-

1109 2208 1185 2236 tuam
1204 2207 1245 2236 rei
1263 2207 1440 2240 memoriam.
1463 2212 1539 2235 sacro
1565 2207 1731 2242 approbante
1751 2206 1816 2236 Gon·

1108 2257 1180 2286 cilio.

1113 2329 1197 2364 Inter
1219 2329 1438 2364 solicitudines
1461 2330 1576 2365 nostris
1603 2330 1744 2366 humeris
1768 2332 1816 2366 iu-

1064 2380 1250 2414 cumbentes
1276 2380 1393 2425 perpeti
1410 2391 1482 2413 cura
1507 2379 1696 2414 revolvimus
1719 2389 1751 2414 ut
1766 2394 1815 2415 er-

1065 2438 1169 2463 rantes
1184 2430 1213 2463 in
1230 2430 1308 2463 viam
1325 2429 1463 2463 veritatis
1478 2429 1638 2470 reducere,
1664 2430 1814 2478 ipsosque

1065 2478 1247 2514 lucrifacere
1263 2478 1329 2513 Deo
1345 2482 1410 2521 (sua
1435 2478 1524 2514 nobis
1538 2488 1727 2526 cooperante
1741 2493 1814 2525 gra-

1065 2530 1114 2573 tia)
1130 2529 1299 2567 valeamus,
1314 2528 1373 2562 lioc
1396 2536 1441 2562 est
1464 2529 1549 2575 quod
1574 2529 1712 2576 profecto
1729 2529 1814 2564 desi-

1063 2578 1209 2613 derantes
1224 2578 1433 2625 exquirimus,
1456 2578 1493 2613 ad
1512 2579 1539 2613 id
1555 2587 1677 2614 nostrae
1699 2579 1813 2614 mentis

1097 2658 1136 2694 (1)
1153 2658 1209 2686 Sub
1229 2666 1302 2685 num.
1320 2665 1371 2685 xrn
1397 2658 1464 2685 hanc
1484 2658 1566 2686 habes
1589 2658 1811 2686 constitutionem

1062 2698 1087 2725 in
1105 2699 1173 2725 Edit.
1192 2699 1267 2726 Rom.
1287 2698 1324 2734 (n.
1342 2697 1391 2732 τ.).

1843 299 1892 325 An.
1914 297 2024 326 015¹ss

1853 458 1880 478 co
1870 462 1949 479 antrat.
1962 464 2024 485 pue-

1840 491 1869 510 dic
1862 493 1935 510 santes
1944 490 2025 510 velitis-

1840 528 1866 547 pu
1856 524 1912 541 ulan.
1937 527 2023 542 euom-

1839 557 1894 571 muni
1898 553 1975 572 ration.
1984 558 2023 578 pm-

1839 589 1884 604 nam
1906 584 2022 604 incurrant.

1852 856 1968 878 Contrariis
1984 856 2023 878 d·-

1838 892 1930 915 rogatur.

1862 2339 1980 2361 Exordium.
