2281 3251
477 261 496 292 8
506 262 515 291 t
525 259 547 292 ⁶2.
1047 268 1200 292 suumn
1228 268 1354 293 nomm

514 325 595 358 elata
605 334 680 356 voce
688 333 816 362 canere,
826 322 1054 366 integrumque
1067 322 1178 361 Credo,
1313 321 1446 364 eiusque
1457 322 1612 355 ecclesiae
1625 322 1814 366 collegiatae
1830 322 1861 356 in
1875 323 1981 357 cathe-

512 373 597 405 iuxta
608 373 768 405 Romanae
780 371 939 405 Ecclesiae
949 371 1060 409 ritum,
1073 371 1181 405 dicere
1313 370 1448 411 dialem,
1471 371 1546 405 166.

513 422 668 463 obligatos
688 422 755 453 fore
772 420 927 457 decernit,
952 420 1026 454 139.
1225 419 1273 451 XI.
1289 419 1456 463 Privilegia
1473 420 1730 463 congregationis
1746 422 1980 455 monachorum

425 473 472 505 lX.
497 472 621 504 Fratres
641 470 768 504 Ordinis
785 470 818 503 B.
843 469 959 502 Mariae
979 469 1018 501 de
1035 469 1179 502 Mercede
1313 467 1345 500 B.
1369 468 1484 501 Mariae
1502 469 1748 509 Montis-Olizon,
1766 470 1893 504 Ordinis
1904 470 1982 504 San-

513 519 753 563 Redemptionis
768 518 974 562 Captivorum
991 519 1028 551 ad
1047 518 1183 551 Ordines
1314 517 1354 549 cti
1376 517 1552 553 Benedicti,
1576 529 1639 550 uua
1661 529 1735 551 cum
1761 520 1982 552 communica-

512 568 761 602 Mendicantium
783 568 920 601 transire
945 579 1009 601 uon
1042 568 1179 611 possint,
1314 565 1400 598 tione
1427 566 1572 599 omnium
1603 567 1779 607 gratiarum
1806 579 1981 612 congrega-

513 628 600 658 cum,
623 622 771 660 respectu
792 617 898 660 quarti
919 617 997 656 voti,
1021 617 1083 650 illis
1112 617 1183 650 stri-
1313 614 1409 647 tionis
1437 615 1635 648 Cassinensis
1665 616 1808 649 eiusdem
1839 616 1978 654 Ordinis,

512 667 594 699 ctior
615 666 712 709 possit
732 665 870 705 censeri,
893 665 968 699 140.
1320 662 1388 697 169.

1223 711 1288 745 Xll.
1311 712 1504 747 Retractatio
1525 724 1657 754 eorum,
1685 725 1768 759 quae
1788 715 1856 759 ipse
1877 715 1983 749 Ponti-

728 764 814 798 Plus
839 764 874 797 ll.
1316 762 1375 799 fex,
1400 762 1430 795 in
1453 762 1633 796 minoribus
1649 763 1798 803 existens,
1812 764 1985 808 scripserat

1316 822 1373 854 pro
1394 811 1532 845 concilio
1553 812 1726 846 Basileensi
1749 818 1862 846 contra
1881 812 1984 857 Euge-

425 863 446 895 l.
470 862 642 895 Generales
662 862 818 896 Ordiuum
841 861 1091 895 Mendicantium
1113 872 1182 894 oin·
1315 860 1406 892 nium
1427 865 1593 903 quartum,
1621 861 1695 895 1172.

513 912 676 945 uiuiodzuu
706 912 844 946 habeant
874 910 1130 944 iurisdictionem
1151 910 1182 943 in
1227 908 1302 941 Xlll.
1336 909 1511 942 Prohibitio
1539 910 1766 953 praedicandi,
1800 911 1984 955 disputandi

513 972 626 993 omnes
639 961 827 994 Studiorum
844 961 1008 994 scholares
1019 965 1048 993 et
1061 960 1182 993 officia-
1315 964 1367 990 aut
1389 959 1543 992 suadendi
1572 959 1772 993 haereticum
1798 961 1847 994 vel
1872 970 1986 1004 pecca-

515 1010 581 1049 tos,
618 1020 751 1043 suorum
777 1008 933 1043 Ordinum
963 1010 1161 1054 professores
1174 1036 1181 1049 ‚
1317 1012 1382 1040 tum
1400 1018 1467 1041 esse
1480 1009 1615 1042 eredere
1633 1010 1701 1043 lesu
1715 1008 1829 1043 Christi
1852 1010 1986 1054 Sangui-

513 1060 776 1103 quihuscumque
798 1060 985 1093 Studiorum
1011 1059 1184 1103 privilegiis
1315 1066 1389 1089 116¹ss
1405 1083 1412 1096 ‚
1444 1057 1476 1090 in
1498 1057 1605 1091 ll'idUO
1631 1069 1707 1092 suae
1738 1059 1914 1102 passionis,
1946 1059 1985 1092 ab

513 1119 578 1142 nou
600 1109 813 1149 obstantibus,
835 1108 910 1143 1143.
1225 1126 1227 1128 -
1316 1105 1384 1149 ipsa
1403 1106 1571 1140 Divinitatc
1592 1106 1730 1140 divisum
1757 1108 1805 1141 vel
1827 1118 1891 1142 non
1908 1108 1986 1142 divi-

427 1158 464 1192 ll.
488 1157 654 1201 Expeditio
675 1158 782 1191 bullae
803 1158 921 1192 Callisti
942 1158 978 1191 lll
996 1158 1034 1191 de
1055 1158 1186 1191 canoni·
1315 1164 1386 1186 Sum
1408 1155 1519 1195 fuisse,
1542 1156 1617 1189 ‘180-

515 1206 639 1240 zationc
656 1206 687 1240 S.
702 1207 859 1240 vincentii
871 1206 1041 1247 Valentini,
1065 1207 1185 1250 profes-

514 1255 595 1288 soris
615 1255 744 1289 Ordinis
765 1257 899 1288 fratrum
921 1255 1183 1289 Praedicatorum
1497 1253 1648 1287 PAULUS
1674 1254 1709 1286 11.

515 1304 546 1337 S.
563 1304 733 1344 Dominici‚
753 1304 887 1348 eiusque
903 1304 1076 1349 adscriptio
1101 1309 1186 1337 cata-

515 1353 587 1395 logo
617 1352 664 1386 Ss.
698 1354 919 1387 consessorum
935 1381 942 1394 ‚
969 1359 1001 1388 ct
1027 1353 1184 1387 institutio
1227 1350 1248 1383 l.
1272 1350 1455 1384 lurisdictio
1476 1357 1507 1383 et
1523 1352 1689 1385 facultates
1708 1351 1816 1384 vicarii
1837 1352 1940 1395 Papae
1952 1352 1984 1384 in

518 1401 692 1434 festivitatis
714 1413 771 1445 pro
792 1402 842 1435 die
863 1412 890 1435 vi
917 1401 1036 1436 mensis
1060 1401 1182 1445 aprilis,
1318 1399 1401 1433 L'rhe
1422 1400 1557 1443 eiusque
1578 1401 1739 1440 districtu,
1762 1400 1837 1434 482.

519 1450 594 1483 144.
1228 1448 1263 1480 ll.
1287 1447 1329 1480 De
1350 1448 1400 1480 his
1420 1459 1502 1492 quae
1524 1449 1692 1483 observare
1722 1450 1840 1483 debent
1865 1450 1987 1484 iudices

428 1500 477 1532 111.
496 1500 702 1543 Appellautes
722 1511 739 1532 a
760 1501 894 1533 Summo
915 1501 1059 1533 Romano
1080 1500 1186 1534 Ponti·
1203 1503 1207 1530 t
1315 1508 1333 1530 a
1353 1498 1433 1531 Sede
1453 1499 1637 1542 Apostolica
1666 1499 1801 1543 delegati
1823 1500 1854 1533 in
1877 1501 1984 1534 causis

516 1548 575 1582 sice
592 1548 786 1581 adfuturum
799 1549 986 1589 concilium,
1005 1559 1184 1593 eorumque
1316 1547 1547 1581 alienationum
1570 1549 1729 1582 honorum
1752 1549 1986 1584 ecclesiastico-

518 1597 695 1631 cousiliarii
717 1603 746 1630 et
768 1598 908 1631 fautores
928 1599 1040 1642 poenis
1059 1609 1186 1632 excom-
1316 1607 1401 1637 rum,
1424 1597 1499 1631 183.

519 1646 747 1680 munieationis
758 1646 967 1691 criminisque
977 1648 1080 1681 laesae
1094 1648 1186 1681 Maio.-
1228 1645 1276 1678 ΙΙΙ.
1315 1646 1552 1679 Gubernatores
1586 1647 1748 1680 civitatum
1783 1653 1815 1681 et.
1848 1649 1984 1682 aliorum

516 1694 602 1727 statis
622 1694 747 1728 divinae
771 1701 801 1729 et⁴
822 1696 985 1729 humanae
1005 1696 1185 1731 subiiciun-
1317 1695 1462 1728 locorum
1485 1696 1591 1729 Status
1607 1696 1836 1737 Ecclesiastici‚
1850 1708 1987 1731 munera

518 1749 582 1784 tur,
605 1743 680 1777 1149.
1316 1746 1457 1788 (praeter
1478 1746 1642 1779 esculenta
1658 1753 1688 1780 ct
1709 1747 1884 1790 poculenta
1905 1759 1987 1792 quae

430 1792 475 1825 lV.
500 1792 626 1826 Erectio
656 1793 811 1826 ecclesiae
841 1793 1032 1837 episcopalis
1053 1794 1186 1827 civitatis
1316 1793 1425 1827 triduo
1446 1796 1696 1838 consumuntur)
1715 1806 1780 1829 uon
1810 1797 1976 1841 recipiant.

515 1843 686 1883 Sonat-um,
710 1842 742 1875 iu
765 1843 930 1886 provincia
946 1843 1130 1883 Hetruriae‚
1154 1845 1183 1877 iu
1316 1842 1426 1875 Officia
1443 1855 1500 1887 per
1511 1844 1628 1888 Papam
1650 1844 1790 1878 conferri
1801 1846 1903 1887 solita,
1917 1858 1981 1881 non

515 1891 683 1924 ecclesiam
704 1891 1026 1936 archiepiscopalem,
1049 1893 1124 1927 (150.
1319 1894 1496 1925 conterant.
1521 1893 1701 1936 Exulcsque
1721 1894 1769 1926 vel
1785 1905 1917 1937 poenas,
1936 1906 1989 1928 su-

428 1940 459 1972 Υ.
483 1940 710 1973 Praecedeutia
731 1940 959 1984 episcoporum
981 1942 1185 1986 aliorumque
1320 1951 1377 1984 pra
1393 1942 1533 1974 ssorcuos
1549 1954 1613 1982 sex,
1637 1954 1701 1975 uon
1717 1943 1892 1984 remittant,
1907 1944 1984 1978 «184.

517 1990 554 2022 ad
567 1990 768 2023 cathedrales
786 1990 938 2023 ccclesias
955 1991 1133 2024 electorum
1150 2003 1185 2024 ac
1230 1989 1277 2022 lv.
1292 1988 1410 2022 Contra
1421 1991 1848 2026 vindictamtransversalem
1861 1993 1891 2026 iu
1904 1993 1989 2027 Urbe

518 2039 813 2083 protonotarioruiu
830 2041 1094 2083 apostolicorum,
1107 2041 1183 2075 152.
1320 2039 1455 2082 eiusque
1467 2040 1613 2073 districtu
1627 2046 1802 2081 sumentes,
1815 2047 1869 2075 aut
1886 2043 1988 2075 caval-

431 2089 476 2122 Vt.
495 2088 621 2122 Erectio
634 2089 852 2122 Universitatis
867 2089 1090 2126 Nanneteusis.
1109 2090 1182 2123 1153.
1319 2093 1405 2120 catus
1424 2100 1479 2121 seu
1503 2089 1671 2122 homiuum
1698 2091 1849 2124 collectas
1870 2091 1988 2124 facien-

431 2138 490 2170 ΥΠ.
523 2138 639 2171 Contra
665 2137 858 2178 homicidas,
880 2139 927 2171 vel
949 2138 987 2171 dc
1013 2139 1186 2171 homicidio
1319 2141 1382 2177 les,
1406 2137 1615 2181 hrigososque
1636 2145 1662 2171 ct
1686 2151 1798 2172 eorum
1829 2142 1987 2177 fautores,

519 2186 750 2219 condemnatos
775 2192 829 2219 aut
850 2187 1050 2224 ditl'amatos,
1074 2187 1187 2221 ditioni
1319 2186 1394 2219 486.

521 2241 648 2269 sanetae
676 2235 838 2269 Romanae
859 2236 1020 2269 Ecclesiae
1052 2236 1188 2270 mediate
1233 2235 1264 2267 Υ.
1289 2234 1422 2268 Indictio
1444 2236 1524 2269 sacri
1539 2237 1612 2269 belli
1631 2243 1741 2270 contra
1758 2238 1892 2277 Tureas,
1911 2237 1985 2271 181³.

520 2285 566 2317 vel
587 2283 770 2318 immediate
791 2285 964 2325 subiectos,
993 2285 1061 2319 156.
1233 2285 1278 2317 x‘l.
1304 2284 1481 2317 prohibitio
1494 2286 1655 2319 alienandi
1668 2287 1751 2319 hona
1772 2287 1986 2321 ecclesiastica

435 2339 507 2371 l'lll.
539 2338 742 2372 Canouizatio
770 2339 800 2371 S.
824 2340 1014 2373 Cathariuae
1035 2340 1073 2371 de
1099 2340 1189 2373 Senis
1320 2343 1375 2370 aut
1395 2338 1450 2371 itta
1471 2339 1553 2371 ultra
1574 2340 1729 2373 terminos
1745 2341 1885 2381 locandi,
1908 2340 1983 2374 194.

523 2392 655 2435 eiusque
673 2393 784 2425 relatio
806 2392 835 2425 iu
858 2395 1039 2435 catalogum
1061 2394 1107 2427 Ss.
1131 2394 1190 2427 vir·
1234 2392 1293 2425 l'll.
1327 2392 1452 2425 Erectio
1482 2394 1636 2427 ecclcsiae
1669 2394 1862 2428 cathedralis
1895 2395 1988 2429 Vien-

522 2445 632 2485 ‚ainum
648 2472 656 2485 ‚
687 2451 716 2478 et
745 2446 918 2479 festivitatis
944 2447 1101 2481 institutio
1133 2458 1190 2490 pro
1321 2447 1429 2480 nensis
1450 2448 1480 2480 iu
1503 2448 1650 2484 Austria,
1678 2459 1751 2481 cuin
1774 2449 1986 2483 reservatione

525 2499 627 2541 prima
647 2499 808 2532 dominica
831 2501 950 2533 mensis
971 2501 1058 2536 maii.
1081 2500 1155 2534 159,
1321 2500 1592 2543 iurispatronatus
1609 2512 1665 2544 pro
1677 2501 1815 2535 dut-ibus
1829 2502 1989 2543 Austriae,

437 2552 483 2583 lx.
507 2551 624 2585 Contra
640 2553 776 2586 clericos
792 2554 829 2586 ad
847 2564 955 2586 sacros
967 2554 1096 2587 ordines
1108 2554 1190 2586 mals·
1323 2554 1397 2588 195.

526 2611 701 2648 promotos,
725 2606 800 2641 «165.
1235 2607 1308 2640 l'lll.
1332 2608 1423 2648 Quod
1450 2609 1644 2642 monasteria
1659 2636 1666 2649 ,
1694 2609 1855 2652 prioratus
1880 2614 1909 2641 et
1929 2609 1991 2642 alia

438 2658 472 2689 X.
500 2658 624 2694 Erectio
651 2659 759 2703 oppidi
786 2660 923 2694 Pientini
953 2661 983 2693 in
1011 2660 1189 2701 civitatem,
1211 2679 1215 2700 2
1323 2662 1482 2696 beneficia
1493 2663 1720 2702 ecclesiastica,
1734 2668 1890 2707 perpetuo
1903 2663 1992 2696 unita
