2281 3251
114 261 163 290 An.
181 261 210 289 C.
228 263 294 290 ¹5¹5

120 617 196 639 Sacros
206 618 291 638 ordines

109 654 163 669 mon.
185 649 291 675 recipiunt

107 684 239 706 aquocumq⁴
256 686 290 699 an-

107 711 181 735 nstin,
211 711 289 737 alvsqrre

106 741 270 767 altocxanime„
269 743 289 762 nl

106 772 145 793 sol.
171 776 288 799 presentat.

107 803 219 830 praelator.
227 803 290 825 Ordi-

113 1605 225 1627 Generalis
263 1608 284 1626 οι

100 1635 205 1663 praelator.
214 1638 285 1657 aucto-

100 1667 151 1688 titas
161 1667 284 1694 dispensan-

100 1699 119 1718 di
130 1703 176 1719 cum
186 1699 229 1720 sui·
241 1704 284 1719 mo—

100 1728 180 1749 trachis.

97 2168 215 2195 Religioson
236 2175 280 2189 om-

96 2204 135 2220 nes
146 2199 171 2220 ad
181 2199 280 2221 Ordinem

97 2230 220 2252 admittendi
241 2233 277 2252 etc.

623 219 637 236 ἱ

989 261 1047 283 LEO
1069 261 1091 282 Χ
1116 261 1160 282 l‘l'.

1734 251 1798 285 551
1869 262 1917 289 An⁴
1937 262 1964 288 c,
1984 262 2048 288 rurs

308 315 382 351 nuis
408 315 535 355 clausis,
560 314 736 349 interdictis
763 315 897 349 exclusis
924 325 953 351 ct
976 315 1059 350 sub—
1102 315 1266 350 emiserint
1284 322 1326 358 et,
1349 323 1420 350 ante
1443 314 1671 362 professionem
1690 316 1853 362 emissam,

307 365 403 400 missa
429 376 515 405 voce,
539 364 651 399 missas
678 372 707 398 ct
734 364 793 399 alia
821 365 926 400 divina
960 365 1058 399 oflicia

307 414 427 458 audire,
443 420 474 448 et
495 413 706 448 ecclesiastica
733 422 928 448 sacramenta
955 415 1059 449 susci-

308 475 404 510 pere,
440 463 562 510 ipsique
604 462 725 497 monaci
762 463 807 498 sic
841 463 979 510 deputati
1009 464 1056 498 illa

306 512 465 547 celebrare
492 521 523 546 et
545 512 734 547 ministrare.

380 562 399 608 S
434 564 490 596 57.
528 561 568 595 Et
608 561 693 608 quod
729 561 870 596 ciusdem
907 562 946 597 de
978 575 1056 597 novo

304 619 426 646 erectae
449 611 704 657 congregationis
726 613 859 651 monaci,
876 620 1057 658 praesentes

304 668 334 695 et
356 660 465 701 futuri,
488 673 599 696 omnes
622 661 714 695 etiarn
738 673 843 696 sacros
866 662 1054 704 ordines,ad

303 722 385 756 quos
421 721 475 757 per
502 722 610 745 eorum
649 710 832 757 superiores
868 712 1054 757 praesentati

304 759 430 800 fuerint,
453 771 468 793 a
487 772 690 806 quocumque
712 759 880 794 maluerint
903 760 1056 795 'catholico

302 809 451 850 antistite,
471 810 602 855 gratiam
622 817 652 843 et
674 809 931 844 communionem
953 810 1056 844 dictae

301 858 398 893 Sedis
421 858 568 902 habente,
587 859 741 905 recipere,
758 866 787 892 et
808 858 989 892 huiusmodi
1004 871 1056 893 an-

303 908 443 948 tistitem,
468 909 498 942 in
523 907 707 942 huiusmodi
724 908 976 953 congregationis
992 920 1055 942 nro-

302 958 445 993 nasteriis
455 957 569 992 etlocis
583 957 743 992 dumtaxat
756 957 907 992 adnotare
920 960 976 1001 (2),
987 957 1053 1004 ipse

300 1008 430 1042 antistes
458 1019 607 1042 monacos
634 1007 733 1041 dictae
756 1006 795 1041 de
818 1019 899 1041 novo
932 1015 1054 1041 erectae

300 1057 554 1104 congregationis
571 1084 578 1098 ,
613 1069 629 1090 a
662 1057 730 1090 suis
752 1056 970 1103 superioribus
992 1056 1052 1091 sibi

302 1118 358 1152 pro
386 1114 526 1152 tempore
550 1113 774 1152 praesentatos,
803 1106 973 1152 apostolica
996 1118 1054 1140 au-

301 1155 454 1200 ctoritate,
477 1155 595 1202 absque
622 1154 724 1202 aliqua
760 1155 888 1189 licentia
912 1164 943 1190 et
975 1167 1053 1190 con-

302 1205 487 1240 tradictione
510 1205 702 1249 dioecesani,
719 1212 748 1239 et
764 1204 885 1252 absque
908 1216 945 1240 eo
967 1205 1050 1251 qnod

300 1254 427 1301 aliquod
449 1254 524 1288 alias
552 1254 612 1288 illis
635 1262 800 1301 propterea
824 1254 1050 1309 praeiudicium

299 1312 479 1358 generetur,
503 1303 587 1338 nulla
615 1304 847 1338 examinatione
868 1304 1050 1350 praemissa

301 1353 427 1388 statutis
460 1361 562 1388 tamen
590 1365 605 1387 a
642 1353 709 1387 iure
739 1353 936 1399 temporibus
964 1354 1051 1388 ordi-

299 1414 392 1440 nare,
420 1402 532 1437 missas
568 1402 645 1437 inibi
681 1402 852 1444 celebrare,
880 1403 1050 1443 ecclesias,

299 1452 405 1487 altaria
441 1460 471 1486 et
501 1464 570 1487 vasa
599 1464 795 1496 consecrare,
824 1460 924 1487 vestes
952 1452 1049 1488 bene—

299 1501 405 1537 dicere
432 1509 462 1536 et
484 1501 542 1536 alia
566 1502 756 1548 pontificalia
778 1513 948 1536 exercere:

347 1556 362 1595 ἓ
386 1553 443 1586 58.
466 1551 597 1586 Necnon
633 1551 755 1598 quod
741 1551 896 1593 oeneratis
919 1551 1050 1587 Ordinis

299 1608 330 1635 et
350 1600 498 1642 abbates,
529 1601 651 1648 priores
685 1608 716 1635 et
751 1601 879 1648 praelati
908 1601 946 1635 de
970 1613 1049 1636 novo

298 1658 419 1685 erectae
433 1650 877 1697 congregationishuiusmodi
903 1662 958 1697 pro
975 1660 1049 1686 tem-

298 1712 373 1747 pore
401 1700 588 1742 existentes,
613 1713 643 1733 1ss
667 1700 816 1734 OlsssslbUS
847 1700 993 1744 casibus,
1018 1714 1047 1735 ll]

297 1749 414 1796 quibus
437 1749 476 1784 de
499 1750 565 1784 iure
594 1749 756 1784 communi
781 1749 925 1796 praelatis
942 1758 971 1783 et
988 1762 1049 1785 mo-

296 1799 382 1833 nacis
416 1799 516 1833 dictae
544 1799 582 1833 de
611 1811 691 1833 novo
719 1806 840 1833 erectae
876 1810 1049 1845 congrega-

297 1848 389 1883 tionis
416 1848 582 1883 auctoritas
605 1848 670 1883 sive
692 1848 816 1882 licentia
844 1860 899 1883 seu
923 1849 1050 1896 dispen-

295 1897 374 1932 satio
389 1898 636 1942 ordinariorum,
654 1898 679 1932 si
702 1897 740 1932 ab
763 1898 808 1933 eis
830 1899 969 1945 exempti
987 1911 1046 1934 non

296 1956 424 1992 essent,
447 1947 526 1982 foret
549 1948 725 1982 necessaria
742 1975 750 1991 ,
771 1960 842 1982 cum
865 1948 910 1983 eis
937 1956 1046 1984 aucto-

296 2001 385 2036 ritate
403 2001 562 2049 praedicta
583 2002 782 2049 dispensare,
802 2003 933 2049 eiusque
956 2003 1048 2038 licen<

297 2055 369 2090 tiam
393 2063 423 2090 et
445 2056 662 2091 auctoritatem
685 2057 873 2092 concedere:

343 2114 358 2153 ἕ
386 2112 443 2145 59.
467 2110 514 2145 Ac
537 2122 687 2157 personas
722 2111 861 2146 volentes
885 2111 987 2147 eidem
1010 2112 1048 2146 dc

295 2176 376 2199 novo
398 2173 519 2200 erectae
542 2165 777 2211 congregationi
805 2166 931 2211 sociari,
954 2167 1045 2201 etiam

294 2218 319 2253 si
341 2218 555 2265 Religionem,
574 2220 677 2254 locum
702 2220 747 2254 vel
771 2219 925 2265 Ordinem
950 2221 1046 2256 alium

294 2285 528 2321 quemcumque
550 2273 715 2308 arctiorem
741 2274 860 2319 ingredi
878 2274 1046 2316 vovissent,

295 2327 346 2363 tali
377 2335 447 2363 voto
476 2340 538 2363 non
574 2328 740 2368 obstante,
769 2328 805 2362 ad
831 2328 1045 2375 probationem

296 2381 587 2430 professionemque
615 2383 765 2430 recipcre,
794 2391 823 2417 et
857 2395 932 2428 eos,
965 2384 1045 2419 dicta

294 2437 489 2481 auctoritate,
504 2437 542 2472 ab
565 2437 633 2484 ipso
648 2445 718 2472 roto
731 2437 904 2483 absolvere,
927 2447 956 2473 et
972 2452 1045 2474 cunr

295 2490 382 2537 ipsis,
410 2491 585 2526 dummodo
605 2492 635 2526 in
659 2492 709 2526 tali
728 2492 896 2538 Religione
918 2493 966 2528 vel
984 2493 1047 2528 Or-

295 2544 386 2587 dine,
409 2557 502 2593 quem
527 2546 700 2588 vovissent,
729 2546 957 2594 professionem
981 2560 1044 2583 non

331 2615 369 2651 (Ι)
381 2616 435 2643 Hoc
446 2618 582 2644 revocavit
595 2618 693 2644 Concil.
707 2618 779 2644 Trid.
792 2626 857 2645 sess.
870 2627 951 2651 xxrrr,
964 2628 987 2646 c.
1000 2620 1045 2653 12,

296 2657 333 2682 De
348 2656 464 2690 Reform.
502 2657 543 2692 (2)
564 2658 686 2693 Legimus
708 2661 835 2685 advocare
854 2660 892 2694 (ιι.
909 2659 960 2694 Τ.).

1101 365 1139 399 ab
1156 365 1220 411 ipsa
1244 364 1282 400 de
1302 376 1382 400 novo
1404 373 1505 399 erecta
1529 365 1773 412 congregatione
1789 378 1851 400 non

1102 414 1260 453 recedant,
1284 426 1379 461 super
1400 414 1551 449 omnibus
1568 415 1647 450 votis
1661 414 1853 461 (Religionis

1103 471 1172 498 voto
1186 463 1347 498 dumtaxat
1361 467 1504 511 excepto)
1516 464 1708 510 dispensare;
1731 476 1767 499 ac
1783 477 1853 499 om-

1101 513 1195 548 nibus
1216 525 1417 560 quocumque
1438 514 1775 549 excommunicationis
1789 514 1853 549 vin-

1100 562 1171 597 culo
1200 563 1421 603 innodatiS,de
1448 575 1528 598 novo
1555 573 1690 599 erectam
1715 575 1852 609 congre-

1099 614 1258 658 gationem
1276 611 1458 647 huiusmodi
1474 612 1638 648 Altissimo
1656 613 1852 648 famulaturis

1100 662 1220 708 ingredi
1246 661 1434 701 volentibus,
1457 661 1608 697 iniunctis
1629 663 1687 703 eis,
1703 662 1785 697 iuxta
1797 675 1851 698 eo-

1100 723 1168 745 rum
1197 711 1370 751 ficultates,
1387 711 1587 747 restitutione
1605 719 1636 746 ct
1659 712 1849 767 poenitentia

1097 760 1236 801 salutari,
1255 768 1412 807 tamquam
1430 761 1483 795 uni
1506 773 1542 796 ex
1562 762 1702 796 monacis
1716 761 1755 797 de
1770 774 1851 797 novo

1097 818 1219 844 erectae
1252 810 1505 855 congregationis
1537 810 1732 852 huiusmodi,
1755 811 1851 847 abso-

1098 858 1227 893 lutionis
1263 859 1452 894 beneficium
1489 860 1674 906 impendere
1690 887 1697 901 ‚
1731 872 1850 908 eosque

1097 909 1190 942 etiam
1214 907 1250 942 ad
1279 908 1497 955 probationem
1521 909 1672 956 recipere,
1689 910 1729 944 ita
1746 919 1848 945 tamen

1096 957 1195 1003 qnod,
1211 957 1234 992 si
1252 957 1326 992 inde
1339 965 1410 992 ante
1422 958 1628 1005 professionis
1646 959 1847 995 emissionem

1096 1007 1311 1046 discesserint,
1342 1007 1372 1040 in
1401 1007 1544 1042 eamdem
1568 1009 1638 1055 ipso
1660 1008 1741 1044 sacto
1768 1009 1851 1044 rein-

1095 1056 1214 1091 cidant.

1144 1106 1237 1152 340.
1261 1105 1300 1139 Et
1322 1117 1394 1140 cum
1413 1117 1505 1152 saepe
1520 1107 1680 1153 contingat
1694 1107 1792 1154 quod,
1808 1108 1848 1143 ob
1876 1121 1948 1142 »100³
1951 1122 1970 1142 ιι
1993 1129 2045 1143 οη-

1095 1155 1286 1200 singularem
1314 1155 1537 1200 (Ιθιοῑίοιιειιι,
1565 1168 1660 1203 quam
1677 1157 1847 1192 nonnullae
1861 1151 2047 1205 {‚⁹i{,{‡,⁰''⁶u‘ffiw⁰“g}

1096 1216 1249 1251 personae
1271 1204 1309 1239 ad
1334 1217 1484 1240 monacos
1501 1205 1683 1241 huiusmodi
1708 1205 1747 1241 de
1767 1218 1847 1242 novo
1861 1214 1940 1235 2b=0¹
1958 1218 1978 1235 et
1998 1220 2047 1236 vom

1094 1263 1215 1289 erectae
1238 1255 1492 1300 congregationis
1514 1263 1640 1302 gerunt,
1663 1255 1700 1290 ad
1717 1256 1845 1291 eosdem
1862 1248 2046 1296 ,ΞΞΜΜΡΟΞ

1094 1315 1255 1345 monacos,
1273 1316 1328 1350 pro
1342 1316 1450 1339 eorum
1465 1304 1566 1339 salute
1581 1305 1772 1346 animarum,
1791 1318 1848 1340 re—

1092 1362 1230 1397 currant,
1253 1353 1397 1388 eiusdem
1415 1353 1454 1389 de
1478 1366 1558 1389 novo
1573 1362 1694 1389 erectae
1706 1367 1847 1402 cougre-

1091 1403 1225 1448 gationis
1242 1403 1384 1449 praelatis
1402 1403 1465 1438 sive
1493 1404 1647 1448 monacis,
1668 1416 1684 1439 a
1703 1405 1770 1439 suis
1785 1417 1847 1439 su-

1094 1452 1271 1498 perioribus
1293 1452 1331 1487 ad
1354 1452 1549 1488 audiendum
1571 1453 1752 1488 huiusmodi
1773 1466 1847 1502 per-

1092 1513 1239 1537 sonarum
1255 1502 1469 1537 confessiones
1484 1502 1654 1549 deputatis,
1668 1503 1754 1551 quod
1771 1516 1846 1551 per-

1091 1562 1185 1587 sonas
1201 1552 1284 1599 ipsas
1304 1552 1490 1587 accedentes
1503 1552 1611 1588 audire
1621 1580 1630 1597 ,
1643 1565 1679 1588 ac
1692 1565 1844 1600 personae

1093 1600 1179 1647 ipsae
1202 1602 1258 1646 eis,
1274 1601 1393 1648 absque
1415 1602 1473 1636 alia
1497 1602 1698 1649 superiorum
1712 1615 1843 1638 suorum

1092 1649 1227 1692 licentia,
1244 1651 1399 1692 confiteri3
1423 1663 1547 1686 necnon
1579 1652 1671 1687 dictis
1700 1653 1845 1699 praelatis

1091 1700 1156 1734 sive
1184 1701 1326 1736 monacis
1347 1700 1564 1736 confessiones
1586 1701 1768 1736 huiusmodi
1786 1714 1845 1737 au-

1091 1748 1264 1791 dientibus,
1279 1750 1379 1785 dictos
1395 1750 1590 1790 coufitentes
1606 1751 1796 1798 poenitentia
1815 1761 1844 1787 et

1090 1798 1304 1834 satisfactione
1320 1800 1465 1846 praeviis,
1480 1800 1627 1847 quotiens
1643 1813 1725 1847 opus
1739 1800 1845 1846 fuerit,

1090 1847 1129 1882 ab
1143 1849 1290 1884 omnibus
1304 1857 1334 1884 et
1352 1849 1486 1896 singulis
1503 1850 1640 1896 peccatis
1655 1850 1756 1886 dictae
1770 1850 1844 1886 Sedi

1091 1909 1153 1932 non
1171 1899 1349 1939 reservatis,
1364 1907 1419 1934 eta
1435 1899 1691 1947 quibuscumque
1706 1912 1845 1947 suspen-

1090 1947 1229 1992 sionum,
1252 1949 1615 1984 excommunicationum
1638 1958 1669 1984 et
1688 1950 1843 1986 interdicti

1090 1999 1255 2033 sententiis
1289 1999 1423 2046 aliisque
1458 1999 1678 2035 ecclesiasticis
1700 2000 1844 2035 censuris

1090 2054 1119 2082 et
1140 2049 1260 2094 poenis,
1275 2061 1364 2096 quas,
1378 2062 1394 2084 a
1411 2050 1478 2084 iure
1493 2049 1540 2084 vel
1563 2049 1601 2084 ab
1618 2049 1746 2085 homine
1761 2049 1842 2092 latis,

1091 2102 1260 2139 incurrisse
1273 2104 1513 2151 quomodolibet
1528 2105 1718 2150 constiterit,
1730 2105 1843 2140 absol-

1091 2168 1179 2198 vere;
1199 2167 1229 2192 ct
1251 2166 1319 2193 vota
1335 2171 1388 2206 per
1406 2171 1460 2194 eos
1477 2171 1533 2206 pro
1552 2166 1693 2206 tempore
1714 2160 1841 2202 emissa,

1091 2211 1120 2245 in
1143 2212 1292 2247 omnibus
1314 2221 1345 2247 ct
1372 2213 1506 2260 singulis
1533 2213 1671 2259 casibus,
1700 2214 1840 2251 locorum

1090 2265 1255 2302 ordinariis
1288 2268 1380 2307 etiam
1417 2279 1472 2314 per
1500 2268 1666 2316 synodales
1688 2281 1743 2305 seu
1769 2284 1842 2318 pro-

1089 2320 1238 2356 vinciales
1265 2321 1508 2357 constitutiones
1531 2324 1707 2369 reservatis,
1735 2324 1766 2359 in
1781 2325 1841 2360 alia

1091 2375 1212 2422 pietatis
1226 2388 1321 2423 opera
1339 2385 1546 2418 commutare,
1562 2385 1591 2412 et
1607 2377 1744 2425 desuper
1766 2391 1839 2414 cum

1089 2429 1207 2464 eisdem
1244 2430 1431 2466 voventibus
1464 2431 1667 2479 dispensare,
1702 2435 1841 2481 exceptis

1089 2491 1192 2520 tamen
1217 2485 1371 2525 censuris,
1396 2485 1505 2532 poenis
1521 2513 1528 2525 ,
1552 2486 1630 2520 votis
1653 2494 1683 2521 et
1704 2487 1839 2529 casibus,

1088 2551 1184 2586 super
1206 2539 1321 2586 quibus
1344 2547 1426 2575 esset
1447 2539 1546 2575 Sedes
1570 2540 1704 2586 praefata
1727 2542 1839 2578 merito

1088 2593 1293 2629 consulenda.
1309 2593 1452 2642 Ipsisque
1469 2594 1692 2630 confitentibus
1711 2607 1748 2631 ac
1770 2596 1840 2632 aliis

1088 2648 1248 2693 omnibus,
1275 2648 1327 2695 qui
1359 2648 1397 2684 ad
1426 2649 1581 2697 praefatos
1611 2661 1772 2692 monacos,
1799 2650 1839 2686 ob
