2281 3251
127 239 173 266 An.
194 240 222 266 C.
245 241 311 266 msto

975 249 1081 270 (ικτιικν

325 297 393 332 licis
411 299 576 333 contrariis
588 299 856 347 quibuscumque;
880 313 933 336 seu
957 302 982 336 si
1004 315 1070 349 per-

323 347 410 382 sonis
428 348 572 394 praefatis
591 349 636 383 vel
656 348 819 395 quibusvis
834 350 912 391 aliis,
925 363 1069 387 commu-

322 397 402 431 niter
429 396 475 430 vel
499 396 637 437 divisim,
659 410 674 431 3
702 398 785 432 Sede
812 399 995 445 Apostolica
1019 403 1069 436 in-

321 445 443 479 dultum
483 446 594 480 existat
617 447 700 493 quod
731 447 888 493 interdici,
915 451 1066 496 suspendi

321 494 366 528 vel
390 495 658 529 excommunicari
672 507 734 530 non
752 497 872 543 possint
895 511 949 543 per
965 500 1068 534 literas·

319 543 507 589 apostolicas
530 556 592 578 non
625 544 775 580 facientes
803 547 925 592 plenam
954 556 984 582 et
1011 562 1067 583 ex-

319 604 458 637 pressam
482 604 518 627 ac
548 592 587 627 de
621 593 715 628 verbo
738 595 774 628 ad
801 596 930 630 verbum
955 597 993 632 de
1018 599 1067 632 in—

318 640 405 675 dulto
429 641 610 676 huiusmodi
634 643 839 679 mentionem.

366 689 451 725 Nulli
479 702 553 736 ergo
574 698 628 725 etc.

365 739 399 773 Si
422 740 494 786 quis
516 748 620 774 autem
643 749 695 775 etc,

365 787 478 823 Datum
504 788 623 824 Romae
645 790 729 837 apud
755 791 905 827 Sanctum
925 793 1066 837 Petrum,

315 849 397 872 anno
436 838 662 873 lucarnationis
695 840 872 876 dominicae
900 843 1066 878 millesimo

314 886 627 934 quadringentesimo
649 891 886 935 septuagesimo
910 903 993 927 nono
1008 895 1065 936 (l),

313 944 423 982 quarto
438 936 587 971 kalendas
607 938 769 984 februarii,
791 940 993 987 pontificatus
1009 954 1066 976 no-

312 992 366 1019 stri
395 997 479 1020 anno
507 999 600 1021 nono.

356 1045 416 1076 Dat.
433 1047 480 1077 die
496 1047 534 1077 ⁶29
550 1048 675 1078 ianuarii
694 1049 778 1084 1480,
798 1054 876 1088 pont.
893 1060 969 1080 anno
988 1061 1024 1081 lx.

594 1198 701 1233 xxiv
728 1204 782 1244 (2).

311 1271 484 1314 Ampliatio
506 1271 726 1305 iurisdictionis
752 1280 875 1307 sanctae
903 1275 1065 1308 Romanae

359 1320 513 1352 Ecclesiae
530 1322 697 1353 camerarii
711 1328 738 1354 et
752 1323 969 1366 mayistrorum
996 1325 1064 1358 υιά-

359 1379 429 1402 rum
459 1369 558 1407 Urbis,
587 1371 668 1402 circa
695 1372 836 1416 aedificia
864 1374 906 1405 ad
926 1374 989 1406 eius
1011 1386 1064 1406 or-

358 1425 465 1451 natum
487 1420 702 1458 construenda,
727 1432 792 1454 una
813 1433 881 1454 cum
894 1424 1064 1466 privilegiis

359 1468 508 1500 eiusmodi
520 1469 663 1512 aedificia
681 1471 920 1504 construentium
932 1473 978 1505 vel
995 1484 1064 1506 am-

357 1517 524 1560 pliantium
551 1519 606 1560 (ὅ).

576 1595 697 1626 ΞΠΜΜΑ
703 1596 789 1627 PdUM

308 1656 477 1687 Exordium.
501 1674 538 1680 —
559 1659 584 1688 l.
607 1657 718 1688 Causae
737 1660 824 1690 istius
848 1662 963 1691 constit.
978 1679 1017 1685 -
1032 1663 1060 1692 Q,

347 1701 534 1732 Camerarius
557 1707 585 1732 et
603 1704 737 1741 magistri
757 1705 869 1734 viarum
890 1711 994 1744 cogant
1016 1708 1060 1736 vi-

347 1745 429 1775 cinos
448 1756 506 1775 non
529 1747 696 1776 habitantes
716 1748 829 1784 domos,
849 1749 915 1779 illas
935 1751 1061 1781 vendere

345 1790 411 1820 aliis
431 1791 536 1820 vicinis
559 1791 775 1829 habitantibus,
797 1793 964 1824 volentibus
989 1796 1060 1825 refi—

346 1844 413 1865 cere
444 1835 546 1865 clomos
579 1845 679 1866 eorum
708 1837 833 1874 dirutas,
855 1838 891 1867 ob
921 1839 1056 1869 decorem

345 1879 443 1909 Urbis.
462 1897 501 1902 —
519 1880 545 1910 3.
564 1879 597 1910 Et
619 1881 643 1910 si
664 1881 765 1919 plures
784 1883 886 1911 eadem
911 1883 998 1912 domo
1018 1884 1060 1913 in-

345 1923 489 1962 digerent,
516 1924 621 1954 domus
643 1925 761 1964 utrique
784 1927 948 1965 aequaliter
978 1928 1059 1958 indi-

345 1968 422 2005 genti
456 1968 600 1998 vendatur
632 1969 675 1998 vel
698 1970 748 1999 uni
779 1971 873 2008 magis
904 1971 1060 2010 indigenti.

345 2028 384 2033 —
405 2012 433 2041 4.
461 2011 491 2041 Si
519 2013 620 2051 plures
644 2014 704 2043 sint
726 2015 777 2053 qui
807 2015 910 2044 domos
934 2016 1061 2046 habeant

345 2056 458 2085 dirutas
481 2060 509 2085 et
527 2065 578 2095 per
598 2065 648 2086 eos
672 2066 729 2087 non
750 2057 907 2095 habitatas,
927 2064 1060 2090 teneatur

345 2099 483 2129 dominus
506 2100 611 2130 domus
630 2101 729 2131 minus
750 2102 847 2133 laesae
870 2104 990 2134 domino
1009 2106 1060 2134 do-

345 2153 412 2173 mus
445 2145 540 2183 magis
573 2145 671 2175 laesae
704 2147 841 2177 vendere.
874 2165 914 2171 —
945 2149 972 2178 5.
1003 2149 1058 2179 Pro

344 2189 508 2228 platearum
540 2194 568 2219 et
598 2191 802 2221 aedificiorum
837 2194 1058 2224 constructione

344 2237 373 2263 et
391 2233 580 2271 ampliatione
609 2239 668 2268 etc„
693 2235 804 2264 domini
827 2236 981 2266 domorum
1012 2239 1055 2267 lo-

344 2278 403 2308 cari
419 2279 571 2308 solitarum
592 2283 733 2317 cogantur
761 2289 810 2309 eas
837 2282 964 2312 vendere
986 2292 1056 2323 syn-

345 2322 410 2351 dico
436 2321 522 2352 Urbis
554 2323 599 2352 vel
628 2324 733 2353 vicinis
771 2325 927 2355 aedificare
960 2328 1058 2357 volen-

345 2365 434 2396 tibus.
462 2383 502 2388 —
528 2367 555 2396 6.
588 2367 664 2396 lnter
691 2369 791 2407 plures
820 2369 975 2400 aedificare
1004 2380 1056 2401 vo-

340 2427 379 2462 (l)
397 2428 548 2462 Legendum
565 2428 673 2455 forsitan
690 2438 760 2455 anno
771 2432 906 2457 millesimo
922 2434 1057 2463 quadrin-

303 2469 444 2498 gentesimo
460 2471 615 2500 octoyestmo
636 2470 672 2503 (n.
691 2469 740 2503 τ,).
780 2470 818 2504 (9.)
840 2470 909 2496 Haec
933 2471 957 2496 iu
981 2472 1055 2498 Rom.

304 2506 373 2532 Edit.
392 2507 442 2533 sub
454 2515 526 2534 num.
545 2516 601 2534 xxv
619 2508 713 2542 legitur
730 2510 766 2543 (n.
785 2510 835 2544 T.).
875 2511 913 2545 (3)
935 2511 989 2537 Hoc
1005 2520 1056 2538 an-

304 2547 483 2581 tiquissimum
501 2548 627 2580 osticium,
648 2549 698 2575 iam
720 2557 787 2583 pene
803 2549 971 2582 destitutum.
987 2552 1058 2578 rein-

305 2587 416 2621 tegravit
434 2588 510 2614 Mart.
530 2588 562 2620 V,
581 2592 609 2614 ut,
624 2597 697 2623 sup,
715 2589 739 2614 in
756 2590 911 2616 eiusCoust.
925 2598 974 2623 xv,
986 2593 1056 2624 Etsi,

304 2628 368 2652 tom.
387 2634 425 2657 iv,
444 2634 502 2661 pag.
520 2628 580 2653 716.

383 2670 457 2699 Bait.
481 2670 557 2700 Rom.
581 2672 634 2700 t'ot.
663 2672 688 2701 l'.
872 2675 908 2702 37·

1744 243 1813 273 ‘275

1106 251 1134 271 ΙΥ
1166 251 1211 272 l'l'.

1152 304 1254 339 lentes,
1285 304 1351 343 quis
1381 303 1522 342 praeferri
1546 303 1659 334 debeat.
1677 321 1716 327 —
1737 306 1762 335 7.
1785 306 1864 342 Quae

1150 349 1260 378 servari
1280 349 1405 378 debeant
1421 358 1435 377 a
1452 349 1615 378 camerario
1629 354 1657 379 et
1670 358 1745 389 mag.
1763 356 1863 380 contra

1150 394 1275 423 vendere
1288 397 1519 422 recusantes.—
1529 393 1720 423 8.;Editicare
1734 395 1863 425 volentes

1149 442 1263 466 servent
1284 437 1462 475 praescripta
1487 441 1605 466 statuta.
1623 454 1662 460 —
1683 439 1710 467 9.
1732 438 1862 469 Vendere

1149 481 1278 510 volentes
1290 481 1394 511 domus
1407 485 1456 510 etc.
1476 485 1629 510 teneantur
1645 482 1771 512 vendere
1795 483 1864 512 vici—

1149 525 1288 557 nis2a1ins
1308 525 1490 555 venditiones
1510 526 1569 555 sint
1586 525 1695 561 nullae,
1711 531 1738 555 et
1757 536 1808 565 pro
1822 528 1863 556 vi«

1149 569 1224 598 cinis
1247 569 1339 598 factae
1366 574 1552 599 censeantur.
1579 586 1618 591 —-
1641 570 1686 599 10.
1710 569 1862 608 Deputatio

1148 617 1347 642 executor-um.
1370 630 1409 635 —
1440 613 1486 642 11.
1514 612 1666 651 Derogatio
1696 614 1863 644 contrario-

1149 665 1223 685 rum.
1246 673 1285 678 —
1310 657 1354 686 19..
1378 656 1474 686 lussio
1493 656 1603 687 bullam
1627 658 1815 688 describendi
1834 658 1862 688 in

1149 700 1197 729 lib.
1223 704 1375 731 statorum.

1169 775 1264 804 sixtus
1289 776 1429 811 opiscopus
1457 783 1553 805 servus
1581 784 1719 807 servorum
1737 778 1798 812 Del.

1241 826 1274 853 ad
1309 827 1468 860 perpetuam
1491 827 1532 854 rei
1559 827 1726 856 memoriam.

1155 896 1222 931 Etsi
1243 897 1281 931 de
1304 905 1489 932 cunctarum
1513 899 1673 934 civitatum
1693 901 1858 948 temporali

1107 945 1248 981 dominio
1270 946 1433 981 Romanae
1461 947 1623 983 Ecclesiae
1646 949 1857 985 subiectarum

1106 994 1218 1029 decore
1246 1003 1273 1029 et
1299 1005 1460 1030 venustate
1488 997 1626 1043 cogitare
1648 1010 1706 1033 nos
1727 999 1858 1035 deceat:

1106 1044 1142 1077 ad
1171 1054 1309 1079 nostram
1338 1054 1441 1079 tamen
1466 1045 1578 1080 almam
1604 1047 1712 1081 urbem
1734 1057 1859 1095 aposto-

1107 1092 1205 1127 lorum
1240 1093 1323 1128 Petri
1359 1103 1388 1128 et
1422 1094 1510 1128 Pauli
1544 1095 1681 1141 glorioso
1721 1099 1860 1145 martyrii

1107 1154 1218 1176 cruore
1232 1142 1372 1177 Domino
1394 1151 1502 1178 nostro
1528 1143 1597 1179 lesu
1622 1144 1749 1181 Christo
1776 1158 1861 1182 con-

1105 1199 1257 1226 secratam
1274 1220 1282 1231 ‚
1314 1192 1470 1227 civitatem
1498 1194 1724 1229 sacerdotalem
1751 1204 1782 1230 et
1810 1209 1861 1231 re-

1105 1240 1209 1285 giam,
1242 1242 1374 1288 eiusque
1401 1241 1548 1276 decorem
1581 1251 1611 1278 et
1638 1253 1833 1280 venustatem
1851 1273 1859 1289 ,

1107 1298 1191 1324 tanto
1208 1291 1387 1325 accuratius
1409 1291 1510 1326 aciem
1535 1300 1659 1327 nostrae
1681 1294 1861 1328 considera-

1106 1339 1200 1373 tionis
1227 1340 1397 1374 extendere
1420 1353 1477 1375 nos
1492 1343 1651 1384 convenit,
1667 1351 1786 1389 quanto
1809 1343 1857 1378 illa

1104 1397 1198 1434 caput
1222 1398 1265 1423 est
1282 1389 1378 1429 orbis,
1400 1397 1430 1424 et
1446 1390 1629 1425 Altissimus
1644 1392 1674 1425 in
1698 1404 1733 1426 ea
1753 1405 1859 1428 sacer-

1105 1438 1181 1472 dotii
1206 1439 1417 1485 principatum
1435 1447 1465 1474 et
1492 1440 1680 1475 christianae
1697 1441 1859 1488 religionis

1103 1497 1199 1535 caput
1227 1489 1384 1527 institnit,
1407 1498 1437 1523 et
1459 1489 1506 1523 sui
1532 1490 1635 1525 vicarii
1663 1491 1792 1532 Sedem,
1819 1493 1856 1527 ad

1104 1550 1197 1584 quam
1222 1538 1260 1571 dc
1284 1539 1439 1573 universis
1469 1539 1578 1573 mundi
1602 1541 1743 1587 partibus
1773 1541 1858 1576 chri-

1104 1587 1256 1622 stifideles
1284 1588 1448 1622 confluunt
1481 1588 1511 1622 in
1549 1601 1682 1624 numero
1715 1591 1855 1638 copioso,

1105 1636 1199 1671 voluit
1223 1636 1379 1672 collocari.

1152 1687 1172 1733 g
1196 1689 1222 1719 l.
1239 1687 1320 1720 Cum
1338 1687 1442 1733 itaque
1459 1686 1525 1722 viae
1539 1697 1568 1723 et
1582 1696 1696 1724 stratae
1710 1690 1855 1737 publicae

1103 1735 1243 1770 eiusdem
1265 1735 1363 1777 urbis,
1386 1737 1415 1770 in
1438 1736 1596 1784 plerisque
1619 1738 1707 1779 locis,
1727 1751 1857 1774 causan-

1103 1784 1188 1819 tibus
1216 1785 1411 1830 porticibus,
1442 1787 1587 1834 prosellis
1618 1795 1649 1821 et
1670 1789 1740 1823 aliis
1763 1790 1856 1824 variis

1101 1833 1252 1869 aedificiis
1279 1835 1447 1870 domorum
1485 1836 1614 1871 sitarum
1649 1837 1732 1873 iuxta
1765 1839 1855 1880 illas,

1102 1883 1179 1918 adeo
1201 1892 1305 1919 arctae
1327 1885 1472 1927 existant,
1493 1893 1524 1919 ut
1540 1898 1596 1933 per
1610 1898 1663 1922 eas
1684 1888 1855 1924 commode

1101 1932 1308 1976 deambulari,
1324 1942 1353 1968 et
1377 1935 1551 1971 necessaria
1579 1936 1615 1970 ad
1641 1936 1758 1972 victum
1776 1939 1855 1973 mul-

1101 1982 1245 2016 titudiuis
1271 1983 1386 2018 civium
1404 1983 1621 2020 Romanorum
1645 1988 1854 2022 etcurialium

1100 2044 1135 2066 ac
1157 2032 1288 2066 aliorum
1323 2033 1353 2067 in
1385 2034 1452 2080 ipsa
1485 2034 1561 2069 urbe
1589 2035 1796 2070 habitantium
1825 2046 1855 2072 et

1100 2081 1329 2116 confluentium
1345 2083 1382 2117 ad
1400 2084 1557 2124 eamdem,
1581 2086 1763 2130 praesertim
1779 2094 1854 2120 tem-

1101 2130 1230 2176 poribus
1257 2131 1521 2177 indulgentiarum
1551 2134 1622 2167 anni
1659 2133 1788 2170 lubilaei
1824 2144 1854 2170 et

1098 2180 1229 2214 aliarum
1258 2193 1478 2216 concessarum
1511 2195 1565 2229 per
1592 2195 1649 2217 nos
1671 2191 1700 2218 et
1720 2185 1854 2230 praede-

1099 2241 1241 2264 cessores
1258 2239 1382 2265 nostros
1395 2230 1556 2267 Romanos
1578 2231 1763 2277 Pontifices,
1777 2235 1853 2269 visi-

1100 2279 1231 2313 tantium
1259 2281 1472 2326 apostolorum
1503 2281 1711 2328 praefatorum
1747 2283 1854 2318 basili-

1098 2340 1149 2362 cas
1161 2337 1191 2362 et
1206 2329 1280 2363 alias
1295 2330 1436 2364 eiusdem
1455 2331 1542 2365 urbis
1557 2331 1720 2376 ecclesias,
1735 2333 1849 2368 deferri

1098 2378 1264 2413 commode
1286 2388 1455 2425 noqueanu
1471 2388 1501 2414 et
1517 2381 1546 2414 in
1566 2380 1756 2426 quibusdam
1772 2383 1851 2418 locis

1099 2427 1147 2460 vix
1169 2427 1374 2473 singulariter
1394 2429 1509 2473 singuli
1533 2439 1700 2476 equestres
1730 2444 1763 2466 se
1790 2432 1849 2467 ob-

1100 2476 1229 2520 viantes,
1247 2477 1277 2510 in
1293 2477 1337 2511 eis
1349 2478 1482 2512 transire
1501 2479 1621 2525 possint
1641 2492 1695 2526 per
1709 2481 1849 2522 easdem;

1098 2524 1191 2572 idque
1232 2526 1322 2560 cedat
1349 2527 1378 2560 in
1415 2539 1475 2561 non
1506 2528 1661 2563 modicam
1701 2529 1845 2565 eiusdem

1097 2575 1184 2608 urbis
1206 2575 1448 2615 deformitatem,
1471 2589 1506 2611 ac
1529 2578 1658 2618 civium,
1680 2579 1844 2614 curialium

1097 2631 1125 2657 et
1148 2624 1375 2659 confluentium
1400 2626 1633 2672 praedictorum
1664 2627 1848 2664 incommo-

1881 253 1929 279 An.
1949 254 1974 279 C.
1996 253 2063 280 11ιὶὶο

1907 909 2024 930 Exordium.

1883 1698 1962 1719 Causae
1991 1701 2053 1721 istius

1871 1732 2037 1751 ronsttiutinnis.
