2281 3251
75 281 122 308 An.
138 279 167 307 C.
188 279 253 307 1517

946 278 1005 302 LEO
1025 278 1049 302 ‘X
1071 278 1118 301 1³1³.

270 336 298 370 in
327 334 392 370 solo
415 332 562 381 plantavit
584 331 746 367 militantis
772 332 946 375 Ecclesiae,
968 336 1017 369 vi-

270 396 358 419 neam
382 382 563 430 quamdam,
587 391 648 417 tam
672 382 794 418 ardenti
831 393 1016 430 prosecutus

268 442 314 468 est
335 444 454 477 amore,
477 440 509 466 ut
526 444 614 467 suam
631 433 713 467 velut
739 434 895 480 propriam
913 434 1016 469 ubivis

268 483 349 517 illam
373 481 524 529 appellet:
554 482 634 516 hanc
656 482 811 528 siquidem
837 483 955 517 vineam
973 484 1016 519 sic

267 531 419 570 assiduis,
446 531 617 566 solertibus
643 543 679 566 ac
707 531 852 565 fidelibus
879 533 1016 567 excoluit

267 581 421 628 agricoliS,
444 589 476 615 ut
498 581 576 615 alios
599 582 699 628 primo
723 593 824 619 mane,
847 581 924 616 alios
941 582 1014 617 hora

268 631 370 674 tertia,
392 639 490 674 sexta,
515 642 608 673 nona,
631 630 749 665 decima
776 643 846 665 vero
870 638 899 664 et
916 631 1015 665 unde-

266 680 358 719 cima,
382 681 470 726 quasi
501 680 693 714 incessanter
714 680 851 714 cultores
873 682 1016 715 transmi-

267 731 351 764 serit.
379 729 465 764 Haec
492 739 539 764 est
566 742 649 763 sacra
684 730 730 763 illa
759 730 918 764 Minoi-um
948 730 1015 764 fra-

268 787 347 814 trum
372 779 510 825 Religio,
532 791 624 826 quae,
645 778 820 813 virentibus
852 791 1015 814 caeremo-

267 829 389 863 niarum
417 828 510 869 foliis,
535 841 588 874 per
616 828 697 862 viros
719 828 917 874 apostolicos,
935 838 1015 864 tam-

266 891 359 925 quam
377 891 430 925 per
446 878 590 924 palmites
612 886 758 912 extensos
784 891 799 912 a
814 890 898 912 mare
915 891 1014 925 usque

266 928 302 962 ad
327 940 423 972 mare,
438 936 467 961 et
488 940 504 961 a
528 927 658 961 flumine
682 940 782 974 usque
804 928 840 961 ad
865 929 1014 962 terminos

266 978 350 1012 orbis
378 986 544 1019 terrarum,
568 978 638 1010 vino
661 977 832 1023 sapientiae
856 985 884 1011 et
907 978 1014 1012 scien-

266 1028 323 1061 tiae
352 1026 487 1073 irrigavit
513 1034 646 1070 montes,
668 1035 697 1060 et
726 1027 865 1072 implevit
888 1035 1011 1060 terram.

265 1076 350 1112 Haec
366 1084 412 1111 est
427 1075 555 1120 Religio
573 1084 678 1110 sancta
702 1083 732 1109 et
755 1075 966 1115 immaculata,
983 1077 1012 1110 in

265 1138 339 1173 qua,
366 1138 423 1173 per
449 1125 613 1172 speculum
637 1125 704 1159 sine
727 1125 862 1168 macula,
880 1125 1012 1159 Redem-

267 1176 364 1222 ptoris
385 1174 616 1221 contemplatur
631 1174 817 1220 praesentia,
835 1175 911 1208 vitae
925 1173 1013 1209 Chri-

265 1226 301 1260 sti
325 1233 355 1259 et
381 1224 594 1271 apostolorum
624 1223 790 1269 inspicitur
817 1222 933 1264 forma,
958 1236 1014 1270 per

265 1286 358 1321 quam
375 1275 547 1321 primorum
559 1272 718 1306 Ecclesiae
729 1272 930 1307 fundatorum
942 1281 1011 1308 ante

264 1324 373 1357 oculos
395 1323 582 1357 christianae
599 1321 697 1367 plebis
715 1322 873 1356 reducitur
890 1335 1011 1363 norma;

264 1385 343 1419 quae
365 1373 492 1406 demum
521 1371 600 1405 nihil
631 1371 687 1405 nisi
712 1371 868 1411 divinum,
891 1373 1012 1417 angeli-

263 1434 347 1466 cum,
370 1422 455 1456 omni
481 1420 672 1468 perfectione
691 1420 838 1455 refertum
867 1420 1012 1456 Christo-

262 1483 323 1518 que
350 1472 392 1505 nil
416 1471 473 1504 nisi
502 1470 679 1513 conforme,
704 1479 736 1504 nt
764 1483 824 1504 uon
855 1471 1011 1506 immerito

262 1533 317 1554 sua
340 1519 472 1562 dicatur,
496 1527 718 1566 repraesentat.
734 1520 780 1553 Ad
797 1520 877 1555 hanc
890 1521 1009 1555 vineam

262 1569 464 1604 excolendam
481 1570 582 1615 primo
598 1581 700 1609 mane,
718 1570 838 1603 oriente
857 1570 915 1604 iam
933 1571 1010 1611 sole,

263 1619 346 1653 misit
387 1619 453 1665 ipse
483 1618 709 1653 Paterfamilias
742 1618 887 1665 angelum
924 1619 1009 1653 illum

263 1668 484 1703 ascendentem
508 1668 547 1702 ab
575 1676 643 1702 ortu
672 1668 759 1707 solis,
788 1668 956 1703 habentem
973 1670 1010 1703 si-

262 1730 358 1764 gnum
382 1717 439 1752 Dei
465 1719 536 1758 vivi,
557 1717 681 1752 beatum
703 1717 922 1758 Franciscum,
938 1719 1010 1765 qui,

262 1768 486 1802 comitantibus
505 1768 601 1802 mirae
617 1767 790 1802 sanctitatis
810 1768 893 1808 viris,
910 1769 1010 1815 prima

263 1817 333 1852 vitis
355 1817 449 1851 huius
477 1817 604 1851 duceret
626 1816 845 1855 fundamenta;
874 1817 910 1852 iis
937 1831 1011 1852 suc-

262 1875 426 1902 cesserunt
447 1867 502 1901 viri
529 1866 685 1912 religiosi,
713 1866 786 1913 qui,
809 1867 890 1901 duce
919 1867 1010 1902 beato

262 1916 495 1957 Bonaventura,
519 1928 626 1950 muros
649 1916 768 1959 vineae,
782 1917 840 1950 iam
865 1917 1010 1964 utrinque

263 1966 385 2000 ruinam
421 1966 596 2009 minantes,
624 1966 698 2000 hora
722 1966 820 2006 tertia,
849 1965 1011 2002 Trinitatis

263 2023 387 2050 sanctae
403 2016 515 2050 virtute
537 2022 566 2049 et
584 2014 751 2058 adiutorio,
775 2024 1009 2062 reparaverunt.

263 2064 338 2100 Post
372 2065 443 2109 hos,
480 2064 571 2099 veluti
603 2065 678 2098 hora
705 2073 802 2109 sexta,
827 2065 1011 2112 prodierunt

264 2119 372 2166 spiritu
406 2119 564 2154 ferventes
596 2118 704 2153 fratres
732 2119 896 2164 nonnulli,
919 2121 971 2167 qui
994 2133 1009 2155 a

263 2185 350 2208 sacro
373 2172 542 2208 Viennensi
559 2173 702 2212 concilio,
725 2181 884 2221 tamquam
899 2186 914 2208 a
930 2174 1009 2219 Deo,

264 2227 350 2262 missi
373 2236 403 2262 et
425 2228 792 2271 confortati,enervatam
818 2240 896 2273 pene
920 2228 1012 2263 disci-

265 2281 367 2329 plinae
389 2295 567 2325 censuram,
585 2282 622 2316 ad
651 2294 706 2316 sua
737 2283 890 2329 principia
914 2295 1011 2317 revo-

263 2345 422 2371 caverunt.
451 2336 534 2370 Hora
559 2348 631 2370 vero
659 2348 752 2376 nona,
769 2337 921 2370 moriente
942 2336 1010 2371 Do-

265 2391 362 2430 mino,
385 2390 590 2437 surgentibus
618 2390 649 2423 in
673 2389 740 2423 dies
765 2389 855 2424 malis
877 2399 907 2424 et
925 2402 1010 2424 scan-

264 2444 380 2480 datosis
406 2445 500 2479 huius
525 2445 629 2478 vineae
665 2443 828 2489 agricolis,
851 2444 1012 2479 suscitavit

263 2498 418 2535 Dominus
451 2500 596 2547 spiritum
633 2498 864 2533 adolescentiae
893 2511 1011 2546 pauco-

265 2567 332 2589 rum
363 2555 505 2589 videlicet
536 2554 677 2593 frati-nm,
700 2554 764 2599 qui,
788 2553 939 2599 signifero
955 2565 1012 2588 no-

267 2608 358 2642 minis
390 2608 459 2644 Iesu
489 2609 578 2643 beato
605 2607 802 2642 Bernardiuo
830 2607 960 2642 ductore
983 2617 1012 2642 et

266 2663 407 2710 praeside
425 2691 432 2704 ,
466 2663 544 2697 sacri
594 2662 717 2697 concilii
761 2661 1013 2697 Constantiensis

1687 267 1758 302 695

1060 334 1126 368 freti
1156 332 1336 380 praesidiis,
1364 332 1580 380 languentem,
1608 331 1705 367 immo
1729 346 1806 380 pene

1060 391 1231 427 mortuum,
1247 394 1301 430 per
1313 383 1420 417 orbem
1447 383 1630 417 universum
1653 382 1805 417 Ordinem

1060 432 1264 467 vivificarunt.
1289 431 1464 467 Novissime
1487 444 1560 466 vero
1587 431 1699 466 diebus
1728 432 1807 472 istis,

1058 482 1146 528 quasi
1177 482 1249 516 hora
1279 482 1399 521 ultima,
1422 491 1633 528 apparuerunt
1662 482 1715 516 viri
1743 482 1807 526 alii,

1058 532 1122 577 qui,
1147 531 1280 565 zelantes
1300 543 1355 578 pro
1378 531 1471 565 domo
1486 531 1590 573 lsrael,
1606 530 1808 566 succiderunt

1059 580 1158 624 lucos,
1186 590 1215 614 et
1244 581 1384 615 demoliti
1408 588 1482 615 sunt
1510 580 1659 621 delubra;
1682 593 1732 624 ac,
1755 580 1806 615 ubi

1058 629 1237 664 abundabat
1257 638 1439 677 peccatum,
1467 630 1634 664 adiuvante
1659 629 1806 671 Domino,

1057 689 1242 714 curaverunt
1265 693 1320 726 per
1339 680 1550 714 introductam
1576 679 1808 715 reformationis

1059 741 1211 770 normam,
1224 738 1256 763 ut
1270 728 1541 776 superabundaret
1559 738 1589 763 et
1602 729 1711 776 gratia.
1731 728 1806 771 Sed,

1058 777 1151 812 veluti
1173 779 1252 813 inter
1267 778 1463 824 parabolicos
1479 787 1508 813 et
1524 779 1720 825 evangelicos
1737 779 1807 813 illos

1059 827 1208 870 viticolas,
1223 829 1295 875 quia
1319 828 1479 862 novissimi
1495 828 1807 883 aequabanturfflrio-

1058 876 1157 915 ribus,
1181 890 1324 912 murmur
1346 878 1479 911 surrexit
1504 889 1564 911 non
1590 890 1735 923 parvum,
1763 879 1807 913 sic

1057 926 1303 961 acclamantibus
1326 927 1462 973 regibus,
1485 926 1696 973 principibuS,
1724 939 1807 961 com-

1058 976 1262 1010 munitatibus
1291 984 1321 1010 et
1349 977 1498 1023 populis,
1534 988 1643 1022 graves
1678 976 1748 1010 lites
1777 986 1806 1011 et

1057 1024 1155 1071 iurgia
1189 1038 1223 1059 ac
1257 1025 1495 1069 dissensiones,
1518 1026 1683 1061 occasione
1711 1039 1806 1073 supe·

1057 1075 1230 1108 rioritatum
1246 1083 1275 1109 et
1299 1074 1520 1121 prm-fectionis
1542 1075 1710 1121 graduum,
1726 1076 1807 1110 inter

1055 1124 1175 1169 aliquos
1204 1124 1295 1158 buius
1322 1124 1500 1170 Religionis
1529 1124 1721 1172 professores
1753 1138 1806 1172 per

1056 1181 1154 1206 totum
1178 1173 1331 1207 mundum
1348 1201 1356 1217 ,
1381 1174 1477 1220 magis
1507 1186 1544 1209 ac
1577 1175 1676 1221 magis
1698 1175 1805 1222 augeri

1054 1222 1160 1256 dietim
1189 1224 1379 1269 accepimus.

1102 1271 1122 1318 g
1145 1275 1177 1305 1.
1199 1272 1304 1314 Quare
1318 1285 1385 1311 nos,
1402 1273 1495 1306 cuius
1506 1273 1642 1313 animus,
1655 1272 1693 1307 ab
1707 1281 1806 1308 aetate

1055 1329 1158 1355 tenera
1175 1349 1182 1361 ,
1221 1321 1341 1355 ardenti
1376 1322 1543 1357 devotione
1585 1322 1732 1357 efferbuit
1766 1323 1803 1357 ad

1055 1370 1148 1404 huius
1186 1371 1317 1405 Ordinis
1355 1371 1547 1418 professores
1583 1380 1612 1406 et
1649 1370 1803 1407 Ordinem

1055 1420 1156 1467 ipsum
1176 1428 1286 1459 totum,
1309 1433 1395 1455 nunc
1411 1433 1482 1455 vero
1502 1433 1538 1456 ex
1554 1421 1715 1456 communi
1731 1434 1803 1456 cura

1055 1470 1282 1516 procurationis
1297 1479 1326 1504 et
1344 1470 1506 1517 pastoralis
1522 1471 1692 1517 regiminis,
1709 1483 1803 1518 quam

1055 1520 1198 1554 immeriti
1213 1521 1421 1565 sustinemus,
1440 1520 1476 1555 ad
1493 1520 1730 1567 componendas
1747 1521 1805 1555 hu-

1054 1569 1187 1603 iusmodi
1202 1570 1406 1615 agricolarum
1425 1570 1494 1604 lites
1506 1579 1535 1604 et
1550 1569 1707 1604 sedandas
1724 1583 1804 1605 mur·

1054 1620 1257 1659 murationes,
1282 1619 1368 1653 illius
1395 1619 1567 1666 evangelici
1594 1621 1804 1666 procuratoris

1054 1680 1151 1710 more,
1170 1677 1254 1703 tanto
1271 1681 1478 1714 provocamur
1499 1669 1671 1710 ardentius,
1687 1679 1804 1716 quanto

1054 1717 1249 1764 frequentius
1277 1719 1394 1753 intenta
1422 1727 1527 1753 mente
1552 1719 1719 1753 recolimus
1736 1718 1802 1753 fru-

1053 1775 1121 1801 ctus
1139 1767 1263 1812 uberes,
1279 1781 1358 1814 quos
1379 1781 1413 1802 ex
1433 1781 1541 1803 eorum
1558 1769 1728 1816 exemplari
1745 1769 1803 1803 vita

1053 1825 1081 1851 et
1092 1817 1208 1851 salubri
1225 1818 1366 1852 doctrina
1378 1817 1543 1852 universali
1553 1817 1713 1853 Ecclesiae
1727 1830 1804 1853 con-

1055 1867 1143 1901 tinue
1165 1867 1326 1902 cernimus
1350 1868 1523 1913 provenire.

1103 1921 1117 1959 §J
1144 1918 1176 1950 2.
1207 1916 1272 1951 Nec
1301 1917 1406 1951 minus
1433 1917 1593 1952 continuis
1625 1917 1802 1964 principum

1053 1965 1306 2010 christianorum,
1321 1967 1502 2013 praesertim
1519 1967 1753 2002 carissimorum
1774 1967 1802 2002 iu

1052 2014 1181 2050 Christo
1199 2016 1334 2050 liliorum
1360 2025 1537 2051 nostrorum
1553 2016 1757 2050 Maximiliani
1774 2017 1803 2051 iu

1054 2065 1271 2112 imperatorem
1296 2065 1401 2108 electi,
1417 2075 1446 2099 et
1468 2065 1629 2100 Francisci
1658 2066 1804 2100 christia-

1054 2115 1172 2149 nissimi
1187 2114 1394 2157 Francorum,
1417 2128 1451 2149 ac
1470 2115 1572 2150 Caroli
1587 2116 1731 2150 catholici
1746 2115 1804 2149 Hi-

1052 2165 1257 2211 spaniarum,
1292 2164 1420 2199 Henrici
1458 2165 1557 2199 octavi
1591 2165 1741 2211 Angliae,
1769 2177 1804 2200 ac

1052 2214 1233 2248 Emanuelis
1262 2213 1471 2259 Portugalliae
1501 2222 1531 2248 et
1557 2214 1803 2261 Algarbiorum,

1053 2273 1080 2298 et
1098 2263 1249 2298 Ludoviei
1273 2263 1428 2309 Ungariae
1450 2273 1479 2298 et
1502 2263 1684 2305 Boliemiae,
1700 2277 1735 2300 ac
1757 2265 1804 2299 Si-

1052 2313 1211 2359 gismundi
1235 2313 1395 2357 Poloniae,
1418 2326 1541 2348 necnon
1555 2312 1726 2349 Christiani
1746 2314 1803 2349 Da-

1053 2365 1130 2408 ciae,
1163 2376 1272 2410 regum
1299 2362 1486 2404 illustrium,
1509 2376 1545 2398 ae
1578 2364 1802 2399 nonnullorum

1056 2414 1228 2460 principum
1246 2413 1390 2454 aliorum,
1418 2412 1546 2457 ducum,
1566 2414 1729 2458 comitum,
1745 2426 1803 2461 po-

1056 2464 1200 2511 pulorum
1224 2472 1253 2497 et
1276 2463 1552 2506 communitatum,
1577 2463 1636 2509 piis
1652 2476 1803 2510 provoca-

1054 2526 1125 2547 mur
1139 2512 1423 2560 supplicationilms
1445 2520 1474 2546 et
1497 2513 1652 2557 precibus,
1676 2513 1801 2558 quibus,

1057 2576 1111 2608 pro
1144 2561 1291 2609 pacandis
1327 2562 1505 2595 huiusmodi
1535 2562 1742 2596 divisionibus
1769 2562 1800 2596 in

1054 2612 1174 2647 Ordine
1194 2612 1254 2644 divi
1276 2610 1434 2645 Francisci
1458 2612 1585 2650 exortis,
1603 2623 1664 2645 non
1679 2620 1802 2646 cessant

1057 2674 1154 2709 usque
1177 2661 1268 2695 hodie
1291 2660 1374 2707 apud
1397 2673 1454 2696 nos
1474 2660 1644 2708 postulare.

1821 278 1873 306 An.
1892 277 1921 305 C.
1937 278 2004 307 1517

1833 1286 1942 1307 Disrordia
1958 1291 2004 1307 orta

1820 1319 1874 1339 inter
1886 1318 1962 1338 tratres
1978 1320 2002 1339 de

1819 1348 1959 1369 observantia
1982 1353 2003 1370 et.

1819 1379 1934 1401 Conventu,
1953 1381 2003 1401 dicti

1819 1410 1911 1432 Ordinis.

1832 1928 1872 1950 Pro
1888 1931 1946 1951 cuius
1958 1934 2005 1952 ter-

1820 1962 1932 1982 minatione
1944 1963 2005 1989 prin-

1820 1994 1860 2019 cip.
1882 1994 2005 2014 institerunt

1820 2024 1873 2050 apud
1889 2023 1964 2044 Ponut.
