2281 3251
114 261 160 288 tn.
178 260 207 287 C.
224 258 288 286 ¹507

141 1846 206 1866 Causa
221 1846 281 1866 huius

130 1878 294 1897 constitutionis

958 253 1062 276 ll'LH'S
1083 252 1107 275 11
1131 252 1180 274 ΡΙ).

307 319 399 352 tatur,
422 318 451 346 et
473 309 539 345 sani
563 308 744 345 maturitate
773 308 895 344 consilii
920 309 1064 344 circum-

307 361 415 397 scribit
444 359 629 406 diligenter,
659 370 800 393 normam
832 358 986 406 praebens
1023 357 1063 391 illi

308 421 433 457 semper
464 418 493 444 et
516 408 658 444 ordinem
682 420 754 443 cum
779 408 955 449 honestate,
979 407 1065 442 iusti-

309 461 348 495 tia
376 467 406 494 et
427 459 549 494 sincera
574 459 692 493 ratione
714 458 850 502 vivendi,
868 467 912 501 ut,
928 457 1064 492 exclusis

310 509 393 544 vitiis
415 507 640 555 erroribusque
664 507 805 554 undique
829 507 958 551 evulsis,
981 507 1011 541 in
1031 518 1064 541 ea

310 558 495 606 splendidae
519 557 649 593 virtutes
672 557 854 604 plantentur
877 565 907 592 et
930 557 1065 591 inseran-

311 617 370 648 tur,
393 620 472 656 quae
499 607 661 642 assiduum
692 606 827 641 fructum
857 607 983 642 afferant
1007 606 1066 640 lio-

311 658 408 699 noris,
431 657 535 692 laudis
558 664 587 692 et
610 656 723 697 famam
748 656 787 690 ita
804 655 968 691 Romanus
987 654 1068 689 Pou-

311 707 407 752 tifex,
435 708 486 754 qui
516 706 666 742 dominici
690 706 818 753 gregis,
844 717 980 753 superna
1005 704 1064 739 sibi
1085 715 1088 724 .

313 756 588 803 praeordinatione
601 757 763 790 commissi
778 767 884 790 curam
899 766 991 801 agere
1005 762 1065 788 stu-

311 806 374 847 det,
397 805 435 840 ad
452 817 542 853 quae,
559 813 641 840 certa
665 806 786 839 ratione
810 804 951 848 iubente,
977 810 1067 838 actus

312 855 462 902 dirigens,
478 855 507 889 in
532 854 642 901 primis
664 854 840 889 Ecclesiam
856 853 915 888 Dei
940 853 1068 888 univer-

312 917 377 939 sam
392 932 400 946 ,
423 904 516 939 cuius
543 911 638 951 caput
665 902 808 938 Romana
830 902 972 937 Ecclesia
999 913 1067 936 esse
1087 910 1088 914 ’

313 954 525 1000 dignoscitur,
539 952 674 999 legibus,
689 951 984 995 constitutionibus,
1004 963 1068 985 mo-

314 1003 402 1038 ribus
429 1011 459 1038 et
481 1003 628 1046 decretis,
650 1014 774 1036 summa
799 1001 972 1047 diligentia,
995 1000 1068 1045 vigi-

314 1052 407 1087 lantia
431 1051 588 1086 indefessa
611 1059 642 1086 et
654 1051 849 1086 ordinatione
864 1049 1066 1097 irrepreben-

313 1101 396 1136 sibili
417 1113 454 1136 ac
475 1100 592 1142 stabili,
615 1100 762 1147 dirigere,
778 1099 942 1134 instituere
961 1106 1068 1133 etsta-

316 1150 404 1186 bilire
431 1158 583 1190 conatur,
618 1157 652 1183 ut
685 1149 828 1197 prolapsa
856 1148 1068 1190 reducantur,

316 1200 475 1235 excessit-a
498 1199 709 1246 corrigantur,
731 1198 875 1233 defectus
897 1197 1069 1244 supplean-

316 1257 377 1293 tur,
399 1257 499 1284 errata
522 1247 751 1292 emendentur,
778 1256 809 1282 et
837 1247 952 1281 deinde
979 1257 1069 1293 quae·

315 1310 377 1345 que
404 1299 480 1333 aliae
511 1297 684 1337 ecclesiae,
714 1296 898 1344 praesertim
927 1296 959 1330 in
988 1295 1068 1330 beati

315 1347 529 1395 apostolorum
542 1346 712 1394 Principis,
728 1347 817 1380 cuius
831 1357 995 1380 successor
1011 1353 1069 1387 est,

317 1397 468 1432 bonorem
485 1396 617 1440 dicatae,
641 1396 856 1430 instaurentur
870 1402 899 1430 et
916 1394 1070 1429 decoren-

317 1455 390 1487 tur;
418 1458 466 1487 ac,
500 1446 628 1492 expulsa
655 1444 833 1479 infidelium
861 1443 1069 1479 nefandorum

315 1495 490 1531 Turcarum
515 1495 613 1539 rabie,
628 1506 803 1541 eorumque
826 1493 1001 1528 temeritate
1022 1505 1072 1527 re-

319 1557 438 1592 pressa,
465 1544 543 1580 fides
565 1545 740 1579 orthodoxa
768 1544 887 1590 vigeat,
915 1554 1072 1590 propage-

318 1604 379 1636 tur,
401 1595 584 1641 omniaque,
602 1593 650 1628 Eo
671 1593 868 1628 concedente
895 1604 911 1626 a
933 1604 995 1639 quo
1011 1604 1072 1626 om-

320 1656 358 1679 ne
381 1644 488 1679 datum
513 1644 668 1691 optimum
687 1651 717 1677 et
739 1654 833 1678 omne
856 1641 975 1676 donum
999 1653 1071 1688 per-

320 1694 435 1730 fectum
459 1694 568 1734 affluit,
591 1692 628 1727 ad
651 1692 908 1740 probatissimum
928 1691 1071 1726 ordinem

318 1751 349 1778 et
370 1743 514 1778 semitam
544 1751 661 1777 rectam
682 1741 907 1789 perducantur.

368 1793 387 1840 g
412 1795 443 1827 l.
467 1791 562 1833 Sane,
585 1804 647 1827 non
663 1792 731 1827 sine
753 1791 888 1826 maxima
903 1789 997 1825 animi
1014 1789 1075 1823 dis-

321 1842 479 1889 plicentia,
499 1854 537 1876 ex
559 1842 755 1876 diversorum
780 1840 920 1876 fidelium
938 1838 1075 1886 querelis

320 1904 355 1926 ac
372 1891 512 1926 iudicum
528 1899 557 1926 et
572 1891 704 1926 aliorum
719 1889 900 1925 officialium
924 1888 1075 1923 relatione

323 1941 439 1988 pluries
465 1941 645 1987 accepimus
660 1939 747 1987 quod
770 1940 800 1974 in
816 1939 960 1974 Romana
975 1937 1075 1981 Urbe,

322 1990 360 2025 ad
383 2002 477 2037 quam
501 1990 583 2024 velut
601 1989 641 2024 ad
663 2001 866 2024 communem
890 1987 1076 2034 periclitan-

323 2040 398 2074 tium
412 2047 537 2086 portum
551 2039 743 2073 christianus
754 2038 840 2073 orbis
853 2036 994 2078 confluit,
1009 2049 1078 2084 pro-

325 2101 392 2138 pter
405 2093 600 2127 notariorum
612 2099 642 2127 et
653 2092 787 2127 aliorum
800 2092 973 2138 scripturas
983 2091 1076 2126 confi-

323 2147 476 2182 cientium
494 2146 708 2181 diversitatem
722 2146 786 2180 sive
801 2145 910 2180 dolum
926 2153 978 2180 aut
991 2145 1078 2190 igno-

325 2201 456 2236 rantiam
484 2209 514 2235 et
538 2200 719 2244 incuriam,
748 2198 797 2234 vel
824 2210 936 2234 eorum
965 2210 982 2232 a
1004 2197 1078 2232 Ro-

325 2266 418 2289 mana
445 2254 541 2289 Curia
572 2265 732 2289 recessum
755 2280 764 2297 ,
795 2264 891 2299 quam
924 2251 1078 2298 plurimae

327 2308 476 2343 falsitates
509 2315 540 2342 et
574 2307 699 2342 fraudes
735 2305 1002 2350 committuntur,
1030 2317 1078 2339 res

325 2363 414 2398 aliter
440 2362 576 2409 scriptae
602 2374 697 2409 quam
732 2368 818 2395 actae
853 2359 1078 2406 reperiuntur,

327 2415 498 2463 protocolla
513 2423 543 2450 et
565 2414 728 2461 originalia
751 2413 981 2460 deperduntur,
1004 2412 1078 2446 ulti-

326 2481 396 2505 mae
417 2471 594 2505 voluntates
621 2481 683 2504 non
715 2475 938 2514 exequuntur,
967 2466 1080 2501 damna

327 2532 358 2558 et
384 2523 585 2559 incommoda
615 2522 762 2557 fidelibus
785 2523 977 2568 irrogantur,
1005 2520 1081 2555 alia-

328 2590 389 2625 que
403 2578 534 2623 scelera,
550 2577 677 2612 inimico
700 2576 858 2610 humanae
881 2584 1011 2609 naturae
1032 2574 1082 2608 in-

328 2632 460 2678 stigante
476 2661 484 2677 ,
507 2639 746 2680 perpetrantur,
770 2643 804 2665 ac
833 2641 928 2676 super
955 2627 1082 2664 fraudi-

1728 239 1799 271 4529

1106 308 1176 351 bus,
1201 305 1386 341 falsitatibus
1415 305 1696 339 instrumentorum
1726 312 1756 337 et
1780 304 1859 338 alia-

1107 369 1173 391 rum
1212 356 1438 403 scripturarum
1463 353 1644 389 huiusmodi
1668 360 1722 387 aut
1748 365 1858 388 corum

1105 406 1286 453 suspicione
1308 405 1378 439 lites
1412 412 1442 439 et
1464 402 1707 442 controversiae,
1728 402 1758 436 in
1782 401 1860 436 iudi-

1106 456 1164 490 ciis
1178 464 1207 489 et
1224 454 1433 489 tribunalibus
1456 454 1613 488 curiarum
1631 452 1733 487 dictae
1752 451 1860 491 Urbis,

1106 505 1232 540 assidue
1260 512 1448 547 vertuntur,
1472 503 1502 537 in
1531 502 1664 537 Divinae
1688 501 1861 536 Maiestatis

1107 562 1136 589 et
1165 554 1365 601 Apostolicae
1386 552 1479 588 Sedis
1505 552 1681 595 offensam,
1709 551 1861 586 ecclesia-

1107 616 1201 643 rum,
1231 603 1421 650 pupillorum
1450 610 1481 636 et
1503 601 1668 635 viduarum
1697 600 1862 648 spoliatio-

1109 666 1192 692 nem,
1216 652 1424 698 fideliumque
1447 650 1682 698 praedictorum
1714 662 1749 684 ac
1765 650 1862 684 totius

1110 701 1301 749 reipublicae
1330 702 1554 735 detrimentum
1579 707 1609 734 et
1632 700 1793 734 iacturam:

1156 752 1212 794 §2
1225 750 1290 784 Nos
1305 750 1399 796 igitur
1415 749 1557 784 eiusdem
1568 756 1720 795 pastores,
1730 748 1800 783 licet
1810 749 1861 782 im-

1110 800 1222 842 meriti,
1238 799 1342 833 divina
1366 798 1576 845 dispositione
1598 797 1713 841 effecti,
1730 798 1861 844 cupien-

1109 858 1155 883 tes
1171 848 1352 883 huiusmodi
1377 847 1553 891 fraudibus,
1575 847 1699 882 damnis
1721 854 1751 881 et
1773 858 1862 881 erro-

1109 898 1198 932 ribus
1222 897 1361 937 obviare,
1385 896 1588 932 ecclesiarum
1618 895 1863 943 opportunitati-

1110 948 1168 982 bus
1190 947 1357 982 cousulere
1377 954 1406 981 et
1431 945 1604 980 infidelium
1630 945 1861 992 praedictorum

1110 997 1293 1031 immanitati
1317 996 1486 1035 resistere,
1513 994 1750 1029 considerantes
1777 994 1861 1040 quod

1109 1047 1132 1080 si
1156 1045 1270 1092 aliquis
1293 1044 1474 1080 officialium
1499 1052 1605 1078 certus
1620 1055 1786 1087 numerus,
1804 1043 1863 1077 sub

1108 1095 1202 1130 certis
1229 1103 1259 1129 et
1293 1094 1434 1129 honestis
1469 1092 1727 1131 conditionibus,
1758 1091 1862 1126 habita

1111 1156 1316 1191 personarum
1341 1142 1606 1185 consideratione,
1630 1142 1863 1185 institueretur,

1112 1207 1166 1240 per
1188 1206 1269 1240 quos
1292 1194 1499 1228 instrumenta
1522 1200 1551 1225 et
1580 1191 1753 1238 scripturae
1774 1202 1865 1237 prae-

1111 1244 1189 1278 fatae
1218 1242 1452 1277 conficerentur
1483 1253 1539 1275 seu
1571 1240 1646 1275 alias
1673 1239 1867 1286 expediren-

1112 1301 1172 1337 tur,
1201 1300 1231 1326 et
1255 1293 1304 1326 illa
1328 1292 1372 1326 sic
1391 1291 1535 1338 expedita
1560 1288 1683 1336 publice
1706 1289 1736 1323 in
1760 1289 1865 1323 archi-

1112 1342 1161 1376 rio
1192 1350 1222 1376 et
1245 1341 1449 1375 monimentis
1471 1338 1661 1374 authenticis
1684 1338 1867 1384 redigeren-

1113 1400 1182 1435 tur,
1205 1391 1282 1425 ordo
1309 1390 1435 1425 debitus
1464 1389 1493 1423 in
1521 1389 1645 1423 illorum
1669 1387 1867 1422 confectione

1112 1441 1227 1475 rectius
1249 1439 1483 1479 observaretur3
1505 1436 1674 1481 scandalis,
1701 1436 1867 1472 fraudibus

1112 1498 1142 1524 et
1163 1489 1338 1525 sceleribus
1361 1487 1542 1523 huiusmodi
1561 1486 1751 1527 obviaretur,
1775 1493 1804 1521 et
1821 1498 1867 1521 se-

1113 1540 1236 1574 curitati
1260 1538 1538 1581 contrahentium,
1568 1536 1748 1570 testantium
1778 1543 1808 1570 et
1832 1547 1867 1570 a-

1113 1590 1170 1623 lias
1185 1588 1423 1636 disponentium
1442 1599 1477 1622 ac
1492 1586 1684 1631 litigantium
1699 1584 1868 1619 salubriter

1114 1638 1352 1678 consuleretur,
1369 1637 1493 1684 ipsique
1510 1635 1673 1678 officiales,
1695 1634 1816 1669 honore
1837 1643 1867 1668 et

1115 1687 1254 1735 praemio
1277 1687 1391 1729 allecti,
1413 1685 1550 1721 adbibita
1568 1684 1793 1719 exercitatione
1811 1695 1869 1730 pe-

1115 1738 1163 1772 riti
1180 1737 1389 1780 efficerentur,
1404 1743 1435 1770 et
1449 1747 1529 1783 quae
1545 1734 1582 1769 ad
1603 1746 1712 1769 eorum
1730 1733 1867 1767 officium

1115 1794 1314 1833 spectarent,
1347 1785 1514 1832 diligenter
1543 1790 1751 1823 exercerent3
1773 1795 1870 1829 super

1116 1836 1164 1870 his
1197 1848 1269 1871 cum
1292 1835 1440 1869 fratribus
1462 1834 1578 1869 nostris
1601 1840 1728 1867 sanctae
1756 1831 1871 1867 Roma-

1117 1898 1175 1921 nae
1205 1885 1367 1920 Ecclesiae
1394 1882 1608 1919 cardinalibus
1636 1882 1870 1917 communicato

1117 1935 1260 1979 consilio,
1297 1941 1417 1968 matura
1445 1932 1673 1968 deliberatione
1703 1943 1739 1966 ac
1761 1942 1869 1965 eornm

1116 1996 1264 2028 assensu,
1286 1996 1324 2018 ex
1346 1992 1429 2018 certa
1453 1982 1585 2017 scientia
1619 1993 1656 2015 ac
1677 1980 1715 2014 de
1741 1988 1872 2027 aposto-

1118 2034 1195 2069 licae
1209 2033 1374 2081 potestatis
1392 2031 1600 2080 plenitudine,
1617 2029 1785 2075 collegium
1804 2040 1872 2063 cen-

1118 2097 1184 2122 tum
1208 2096 1239 2122 et
1263 2087 1356 2121 unius
1379 2087 1530 2130 virorum,
1553 2084 1604 2131 qui
1627 2084 1797 2130 scriptores
1819 2094 1871 2116 ar-

1118 2142 1210 2176 chivii
1242 2140 1396 2188 praefatae
1418 2139 1581 2174 Romanae
1609 2136 1724 2171 Curiae
1752 2147 1872 2170 nuncu-

1120 2203 1247 2243 pentur,
1264 2202 1415 2241 perpetuo
1431 2204 1587 2236 creamus,
1609 2191 1762 2237 erigimus
1778 2198 1807 2224 et
1822 2189 1872 2223 in-

1119 2250 1293 2288 sumimus,
1315 2248 1369 2296 qui
1398 2247 1581 2282 exercitium
1605 2253 1636 2280 et
1665 2244 1802 2279 officium
1826 2244 1872 2277 eis

1119 2303 1325 2338 commissum
1343 2313 1398 2348 per
1412 2313 1446 2335 se
1465 2301 1550 2347 ipsos
1563 2310 1710 2334 exercere
1725 2297 1873 2340 debeant,

1122 2370 1182 2392 non
1210 2364 1316 2391 autem
1346 2367 1401 2402 per
1423 2354 1623 2397 substitutos,
1645 2365 1716 2387 cum
1745 2351 1870 2386 illorum

1121 2412 1159 2446 sit
1182 2412 1278 2446 electa
1303 2421 1452 2456 persona,
1476 2416 1509 2442 ut
1530 2407 1690 2443 desiderio
1713 2413 1820 2441 nostro
1842 2413 1871 2439 et

1121 2477 1229 2501 eorum
1254 2463 1356 2498 officio
1375 2462 1516 2498 satisfiat.

1171 2520 1191 2566 g
1219 2522 1250 2553 5.
1273 2519 1311 2552 Et
1335 2518 1363 2551 in
1388 2517 1509 2563 primis,
1536 2515 1640 2550 omnia
1664 2513 1874 2549 confessiona—

1123 2574 1174 2617 lia,
1196 2585 1276 2620 quae
1303 2584 1317 2606 a
1343 2570 1432 2605 nobis
1449 2570 1494 2604 vel
1517 2582 1533 2604 a
1557 2566 1797 2604 successoribus
1821 2578 1873 2601 no-

1123 2627 1194 2660 stris
1227 2625 1377 2661 Romanis
1405 2623 1617 2658 Pontificibus
1646 2634 1701 2670 pro
1733 2628 1874 2669 tempore

1872 250 1921 275 An.
1942 249 1971 276 C.
1987 249 2053 276 ¹507

1891 755 1996 775 Institutio
2016 756 2063 773 vot<

1878 785 2062 812 legitur-iptorum

1877 817 1963 836 :ivi-hirii
1986 815 2063 836 Roma<

1877 853 1915 866 tiu*
1933 846 2015 869 (ituriae,

1902 2523 1939 2549 Qui
1956 2521 2073 2543 cuntez÷tw

1889 2553 1943 2572 nulia
1955 2555 2073 2572 conceden-

1890 2585 1913 2603 ιη
1930 2583 2029 2604 mihim,
