<?xml version="1.0" encoding="UTF-8"?>
<!DOCTYPE html PUBLIC "-//W3C//DTD XHTML 1.0 Transitional//EN"
    "http://www.w3.org/TR/xhtml1/DTD/xhtml1-transitional.dtd">
<html xmlns="http://www.w3.org/1999/xhtml" xml:lang="en" lang="en">
 <head>
  <title>
</title>
<meta http-equiv="Content-Type" content="text/html;charset=utf-8" />
  <meta name='ocr-system' content='tesseract 3.04.00' />
  <meta name='ocr-capabilities' content='ocr_page ocr_carea ocr_par ocr_line ocrx_word'/>
</head>
<body>
  <div class='ocr_page' id='page_1' title='image "./bullarumdiplomat05cath/bullarumdiplomat05cath_0041.png"; bbox 0 0 2281 3251; ppageno 0'>
   <div class='ocr_carea' id='block_1_1' title="bbox 124 264 307 293">
    <p class='ocr_par' dir='ltr' id='par_1_1' title="bbox 124 264 307 293">
     <span class='ocr_line' id='line_1_1' title="bbox 124 264 307 293; baseline -0.011 0"><span class='ocrx_word' id='word_1_1' title='bbox 124 264 173 293; x_wconf 86' lang='grc' dir='ltr'><strong>Αη.</strong></span> <span class='ocrx_word' id='word_1_2' title='bbox 192 264 221 292; x_wconf 86' lang='lat' dir='ltr'><strong>C.</strong></span> <span class='ocrx_word' id='word_1_3' title='bbox 241 264 307 292; x_wconf 72' lang='grc'>11136</span> 
     </span>
    </p>
   </div>
   <div class='ocr_carea' id='block_1_2' title="bbox 120 517 306 637">
    <p class='ocr_par' dir='ltr' id='par_1_2' title="bbox 134 517 306 544">
     <span class='ocr_line' id='line_1_2' title="bbox 134 517 306 544; baseline -0.006 -6"><span class='ocrx_word' id='word_1_4' title='bbox 134 517 224 538; x_wconf 70' lang='lat' dir='ltr'><strong>ominus</strong></span> <span class='ocrx_word' id='word_1_5' title='bbox 234 523 245 537; x_wconf 80' lang='lat' dir='ltr'><strong>a</strong></span> <span class='ocrx_word' id='word_1_6' title='bbox 255 522 306 544; x_wconf 81' lang='lat' dir='ltr'><strong>quo-</strong></span> 
     </span>
    </p>

    <p class='ocr_par' dir='ltr' id='par_1_3' title="bbox 120 553 305 637">
     <span class='ocr_line' id='line_1_3' title="bbox 121 553 210 575; baseline 0 -7"><span class='ocrx_word' id='word_1_7' title='bbox 121 553 210 575; x_wconf 76' lang='lat' dir='ltr'><strong>cunique</strong></span> 
     </span>
     <span class='ocr_line' id='line_1_4' title="bbox 120 579 305 606; baseline 0 -7"><span class='ocrx_word' id='word_1_8' title='bbox 120 579 191 605; x_wconf 75' lang='lat' dir='ltr'><strong>piendi</strong></span> <span class='ocrx_word' id='word_1_9' title='bbox 219 580 305 606; x_wconf 75' lang='lat' dir='ltr'><strong>episco-</strong></span> 
     </span>
     <span class='ocr_line' id='line_1_5' title="bbox 120 611 198 637; baseline -0.013 -6"><span class='ocrx_word' id='word_1_10' title='bbox 120 617 146 637; x_wconf 77' lang='lat' dir='ltr'><strong>po</strong></span> <span class='ocrx_word' id='word_1_11' title='bbox 162 611 198 637; x_wconf 79' lang='lat'><strong>(1).</strong></span> 
     </span>
    </p>
   </div>
   <div class='ocr_carea' id='block_1_3' title="bbox 235 549 305 568">
    <p class='ocr_par' dir='ltr' id='par_1_4' title="bbox 235 549 305 568">
     <span class='ocr_line' id='line_1_6' title="bbox 235 549 305 568; baseline 0 0"><span class='ocrx_word' id='word_1_12' title='bbox 235 549 305 568; x_wconf 72' lang='lat' dir='ltr'><strong>susci-</strong></span> 
     </span>
    </p>
   </div>
   <div class='ocr_carea' id='block_1_4' title="bbox 946 260 1233 283">
    <p class='ocr_par' dir='ltr' id='par_1_5' title="bbox 946 260 1233 283">
     <span class='ocr_line' id='line_1_7' title="bbox 946 260 1233 283; baseline -0.007 0"><span class='ocrx_word' id='word_1_13' title='bbox 946 260 1102 283; x_wconf 70' lang='lat' dir='ltr'><strong>Et&#39;GENtUS</strong></span> <span class='ocrx_word' id='word_1_14' title='bbox 1130 260 1162 282; x_wconf 83' lang='lat' dir='ltr'><strong>lv</strong></span> <span class='ocrx_word' id='word_1_15' title='bbox 1187 260 1233 282; x_wconf 80' lang='grc' dir='ltr'><strong>ΡΙ).</strong></span> 
     </span>
    </p>
   </div>
   <div class='ocr_carea' id='block_1_5' title="bbox 1765 253 1811 283">
    <p class='ocr_par' dir='ltr' id='par_1_6' title="bbox 1765 253 1811 283">
     <span class='ocr_line' id='line_1_8' title="bbox 1765 253 1811 283; baseline 0 0"><span class='ocrx_word' id='word_1_16' title='bbox 1765 253 1811 283; x_wconf 72' lang='lat'><strong>⁶23</strong></span> 
     </span>
    </p>
   </div>
   <div class='ocr_carea' id='block_1_6' title="bbox 320 313 1859 360">
    <p class='ocr_par' dir='ltr' id='par_1_7' title="bbox 320 313 1859 360">
     <span class='ocr_line' id='line_1_9' title="bbox 320 313 1859 360; baseline -0.002 -7"><span class='ocrx_word' id='word_1_17' title='bbox 320 325 350 353; x_wconf 90' lang='lat' dir='ltr'><strong>et</strong></span> <span class='ocrx_word' id='word_1_18' title='bbox 381 316 589 352; x_wconf 81' lang='lat' dir='ltr'><strong>ecclesiastica</strong></span> <span class='ocrx_word' id='word_1_19' title='bbox 625 323 818 351; x_wconf 69' lang='lat' dir='ltr'><strong>sacramenta</strong></span> <span class='ocrx_word' id='word_1_20' title='bbox 848 316 932 350; x_wconf 81' lang='lat' dir='ltr'><strong>licite</strong></span> <span class='ocrx_word' id='word_1_21' title='bbox 959 317 1067 349; x_wconf 75' lang='lat' dir='ltr'><strong>susci-</strong></span> <span class='ocrx_word' id='word_1_22' title='bbox 1112 314 1247 348; x_wconf 83' lang='lat' dir='ltr'><strong>lominus</strong></span> <span class='ocrx_word' id='word_1_23' title='bbox 1269 314 1307 348; x_wconf 90' lang='lat' dir='ltr'><strong>de</strong></span> <span class='ocrx_word' id='word_1_24' title='bbox 1336 325 1415 348; x_wconf 86' lang='lat' dir='ltr'><strong>novo</strong></span> <span class='ocrx_word' id='word_1_25' title='bbox 1442 313 1625 352; x_wconf 87' lang='lat' dir='ltr'><strong>statuimus,</strong></span> <span class='ocrx_word' id='word_1_26' title='bbox 1653 314 1735 360; x_wconf 86' lang='lat' dir='ltr'><strong>quod</strong></span> <span class='ocrx_word' id='word_1_27' title='bbox 1760 314 1859 350; x_wconf 88' lang='lat' dir='ltr'><strong>dictae</strong></span> 
     </span>
    </p>
   </div>
   <div class='ocr_carea' id='block_1_7' title="bbox 310 366 1068 1803">
    <p class='ocr_par' dir='ltr' id='par_1_8' title="bbox 319 366 1068 451">
     <span class='ocr_line' id='line_1_10' title="bbox 321 366 1068 415; baseline -0.004 -14"><span class='ocrx_word' id='word_1_28' title='bbox 321 378 395 415; x_wconf 84' lang='lat' dir='ltr'><strong>pere</strong></span> <span class='ocrx_word' id='word_1_29' title='bbox 411 366 544 411; x_wconf 87' lang='lat' dir='ltr'><strong>valeant,</strong></span> <span class='ocrx_word' id='word_1_30' title='bbox 566 366 710 400; x_wconf 86' lang='lat' dir='ltr'><strong>similiter</strong></span> <span class='ocrx_word' id='word_1_31' title='bbox 725 366 935 413; x_wconf 83' lang='lat' dir='ltr'><strong>praesentium</strong></span> <span class='ocrx_word' id='word_1_32' title='bbox 961 373 1068 408; x_wconf 82' lang='lat' dir='ltr'><strong>tenore</strong></span> 
     </span>
     <span class='ocr_line' id='line_1_11' title="bbox 319 417 500 451; baseline -0.006 0"><span class='ocrx_word' id='word_1_33' title='bbox 319 417 500 451; x_wconf 75' lang='lat' dir='ltr'><strong>statuimus.</strong></span> 
     </span>
    </p>

    <p class='ocr_par' dir='ltr' id='par_1_9' title="bbox 310 464 1068 1752">
     <span class='ocr_line' id='line_1_12' title="bbox 368 464 1068 513; baseline -0.006 -12"><span class='ocrx_word' id='word_1_34' title='bbox 368 467 388 513; x_wconf 68' lang='lat' dir='ltr'>S</span> <span class='ocrx_word' id='word_1_35' title='bbox 415 470 447 501; x_wconf 76' lang='lat'><strong>5.</strong></span> <span class='ocrx_word' id='word_1_36' title='bbox 472 465 613 512; x_wconf 75' lang='lat' dir='ltr'><strong>Insuper,</strong></span> <span class='ocrx_word' id='word_1_37' title='bbox 640 477 711 499; x_wconf 88' lang='lat' dir='ltr'><strong>cum</strong></span> <span class='ocrx_word' id='word_1_38' title='bbox 741 464 861 498; x_wconf 80' lang='lat' dir='ltr'><strong>«luduin</strong></span> <span class='ocrx_word' id='word_1_39' title='bbox 894 476 1068 509; x_wconf 84' lang='lat' dir='ltr'><strong>congrega-</strong></span> 
     </span>
     <span class='ocr_line' id='line_1_13' title="bbox 320 514 1068 562; baseline -0.005 -12"><span class='ocrx_word' id='word_1_40' title='bbox 320 515 395 550; x_wconf 87' lang='lat' dir='ltr'><strong>tioni</strong></span> <span class='ocrx_word' id='word_1_41' title='bbox 420 515 618 559; x_wconf 80' lang='lat' dir='ltr'><strong>huiusmodi,</strong></span> <span class='ocrx_word' id='word_1_42' title='bbox 640 514 724 562; x_wconf 86' lang='lat' dir='ltr'><strong>quod</strong></span> <span class='ocrx_word' id='word_1_43' title='bbox 750 515 892 548; x_wconf 70' lang='lat' dir='ltr'><strong>monachi</strong></span> <span class='ocrx_word' id='word_1_44' title='bbox 920 526 1068 560; x_wconf 78' lang='lat' dir='ltr'><strong>praesen—-</strong></span> 
     </span>
     <span class='ocr_line' id='line_1_14' title="bbox 319 564 1066 612; baseline -0.004 -12"><span class='ocrx_word' id='word_1_45' title='bbox 319 575 365 600; x_wconf 89' lang='lat' dir='ltr'><strong>tes</strong></span> <span class='ocrx_word' id='word_1_46' title='bbox 399 573 430 600; x_wconf 89' lang='lat' dir='ltr'><strong>et</strong></span> <span class='ocrx_word' id='word_1_47' title='bbox 458 565 553 600; x_wconf 78' lang='lat' dir='ltr'><strong>futuri</strong></span> <span class='ocrx_word' id='word_1_48' title='bbox 595 564 749 612; x_wconf 70' lang='lat' dir='ltr'>praefatae</span> <span class='ocrx_word' id='word_1_49' title='bbox 790 564 1066 610; x_wconf 78' lang='lat' dir='ltr'><strong>congregationis,</strong></span> 
     </span>
     <span class='ocr_line' id='line_1_15' title="bbox 319 614 1065 661; baseline -0.005 -11"><span class='ocrx_word' id='word_1_50' title='bbox 319 615 504 661; x_wconf 87' lang='lat' dir='ltr'><strong>praesentati</strong></span> <span class='ocrx_word' id='word_1_51' title='bbox 538 627 552 648; x_wconf 90' lang='lat' dir='ltr'><strong>a</strong></span> <span class='ocrx_word' id='word_1_52' title='bbox 580 616 647 649; x_wconf 89' lang='lat' dir='ltr'><strong>suis</strong></span> <span class='ocrx_word' id='word_1_53' title='bbox 675 614 902 660; x_wconf 75' lang='lat' dir='ltr'><strong>superioribus,</strong></span> <span class='ocrx_word' id='word_1_54' title='bbox 930 614 1065 647; x_wconf 86' lang='lat' dir='ltr'><strong>ordinari</strong></span> 
     </span>
     <span class='ocr_line' id='line_1_16' title="bbox 318 664 1066 712; baseline -0.003 -13"><span class='ocrx_word' id='word_1_55' title='bbox 318 665 440 712; x_wconf 84' lang='lat' dir='ltr'><strong>possint</strong></span> <span class='ocrx_word' id='word_1_56' title='bbox 463 677 478 699; x_wconf 87' lang='lat' dir='ltr'><strong>a</strong></span> <span class='ocrx_word' id='word_1_57' title='bbox 501 676 705 712; x_wconf 86' lang='lat' dir='ltr'><strong>quocumque</strong></span> <span class='ocrx_word' id='word_1_58' title='bbox 727 664 881 698; x_wconf 78' lang='lat' dir='ltr'><strong>catholieo</strong></span> <span class='ocrx_word' id='word_1_59' title='bbox 904 664 1066 710; x_wconf 86' lang='lat' dir='ltr'><strong>episcopo,</strong></span> 
     </span>
     <span class='ocr_line' id='line_1_17' title="bbox 317 713 1065 761; baseline -0.005 -12"><span class='ocrx_word' id='word_1_60' title='bbox 317 726 373 761; x_wconf 88' lang='lat' dir='ltr'><strong>per</strong></span> <span class='ocrx_word' id='word_1_61' title='bbox 394 714 548 749; x_wconf 72' lang='lat' dir='ltr'><strong>antefatos</strong></span> <span class='ocrx_word' id='word_1_62' title='bbox 565 721 686 748; x_wconf 83' lang='lat' dir='ltr'><strong>nostras</strong></span> <span class='ocrx_word' id='word_1_63' title='bbox 704 714 809 748; x_wconf 87' lang='lat' dir='ltr'><strong>literas</strong></span> <span class='ocrx_word' id='word_1_64' title='bbox 829 713 1065 753; x_wconf 75' lang='lat' dir='ltr'><strong>indulserimus3</strong></span> 
     </span>
     <span class='ocr_line' id='line_1_18' title="bbox 316 763 1064 809; baseline -0.003 -12"><span class='ocrx_word' id='word_1_65' title='bbox 316 763 458 799; x_wconf 89' lang='lat' dir='ltr'><strong>volentes</strong></span> <span class='ocrx_word' id='word_1_66' title='bbox 485 764 580 798; x_wconf 87' lang='lat' dir='ltr'><strong>etiam</strong></span> <span class='ocrx_word' id='word_1_67' title='bbox 609 763 751 797; x_wconf 84' lang='lat' dir='ltr'><strong>eamdem</strong></span> <span class='ocrx_word' id='word_1_68' title='bbox 788 763 1064 809; x_wconf 69' lang='lat' dir='ltr'>congregationem</span> 
     </span>
     <span class='ocr_line' id='line_1_19' title="bbox 315 811 1066 861; baseline -0.007 -13"><span class='ocrx_word' id='word_1_69' title='bbox 315 813 522 861; x_wconf 77' lang='lat' dir='ltr'><strong>amplioribus</strong></span> <span class='ocrx_word' id='word_1_70' title='bbox 538 813 698 847; x_wconf 85' lang='lat' dir='ltr'><strong>favoribus</strong></span> <span class='ocrx_word' id='word_1_71' title='bbox 715 813 874 860; x_wconf 72' lang='lat' dir='ltr'><strong>prosequi,</strong></span> <span class='ocrx_word' id='word_1_72' title='bbox 890 826 907 858; x_wconf 90' lang='lat' dir='ltr'><strong>q</strong></span> <span class='ocrx_word' id='word_1_73' title='bbox 915 811 987 855; x_wconf 90' lang='lat' dir='ltr'><strong>uod,</strong></span> <span class='ocrx_word' id='word_1_74' title='bbox 999 811 1066 845; x_wconf 88' lang='lat' dir='ltr'><strong>abs-</strong></span> 
     </span>
     <span class='ocr_line' id='line_1_20' title="bbox 314 860 1064 909; baseline -0.007 -12"><span class='ocrx_word' id='word_1_75' title='bbox 314 874 375 909; x_wconf 87' lang='lat' dir='ltr'><strong>que</strong></span> <span class='ocrx_word' id='word_1_76' title='bbox 388 863 448 897; x_wconf 89' lang='lat' dir='ltr'><strong>alio</strong></span> <span class='ocrx_word' id='word_1_77' title='bbox 461 863 615 902; x_wconf 78' lang='lat' dir='ltr'><strong>examine,</strong></span> <span class='ocrx_word' id='word_1_78' title='bbox 634 862 776 896; x_wconf 85' lang='lat' dir='ltr'><strong>monachi</strong></span> <span class='ocrx_word' id='word_1_79' title='bbox 793 861 972 896; x_wconf 79' lang='lat' dir='ltr'><strong>huiusmodi</strong></span> <span class='ocrx_word' id='word_1_80' title='bbox 988 860 1064 893; x_wconf 77' lang='lat' dir='ltr'><strong>orili·</strong></span> 
     </span>
     <span class='ocr_line' id='line_1_21' title="bbox 315 910 1063 959; baseline -0.004 -13"><span class='ocrx_word' id='word_1_81' title='bbox 315 912 380 946; x_wconf 86' lang='lat' dir='ltr'><strong>nari</strong></span> <span class='ocrx_word' id='word_1_82' title='bbox 397 912 530 947; x_wconf 88' lang='lat' dir='ltr'><strong>debeant</strong></span> <span class='ocrx_word' id='word_1_83' title='bbox 546 912 583 946; x_wconf 85' lang='lat' dir='ltr'><strong>de</strong></span> <span class='ocrx_word' id='word_1_84' title='bbox 599 912 864 959; x_wconf 81' lang='lat' dir='ltr'><strong>praesentantium</strong></span> <span class='ocrx_word' id='word_1_85' title='bbox 875 910 1063 945; x_wconf 85' lang='lat' dir='ltr'><strong>conscientia</strong></span> 
     </span>
     <span class='ocr_line' id='line_1_22' title="bbox 313 961 1064 1009; baseline -0.004 -13"><span class='ocrx_word' id='word_1_86' title='bbox 313 962 526 1002; x_wconf 67' lang='lat' dir='ltr'><strong>confidentes,</strong></span> <span class='ocrx_word' id='word_1_87' title='bbox 554 962 703 1009; x_wconf 87' lang='lat' dir='ltr'><strong>quodque</strong></span> <span class='ocrx_word' id='word_1_88' title='bbox 722 961 865 996; x_wconf 69' lang='lat' dir='ltr'><strong>mount-lii</strong></span> <span class='ocrx_word' id='word_1_89' title='bbox 885 971 1064 1005; x_wconf 80' lang='lat' dir='ltr'><strong>congrega-</strong></span> 
     </span>
     <span class='ocr_line' id='line_1_23' title="bbox 315 1009 1062 1058; baseline -0.003 -13"><span class='ocrx_word' id='word_1_90' title='bbox 315 1011 409 1046; x_wconf 87' lang='lat' dir='ltr'><strong>tionis</strong></span> <span class='ocrx_word' id='word_1_91' title='bbox 428 1012 609 1046; x_wconf 85' lang='lat' dir='ltr'><strong>huiusmodi</strong></span> <span class='ocrx_word' id='word_1_92' title='bbox 624 1022 857 1058; x_wconf 85' lang='lat' dir='ltr'><strong>quemcumque</strong></span> <span class='ocrx_word' id='word_1_93' title='bbox 872 1009 1062 1043; x_wconf 81' lang='lat' dir='ltr'><strong>catholicum</strong></span> 
     </span>
     <span class='ocr_line' id='line_1_24' title="bbox 314 1058 1065 1109; baseline -0.001 -14"><span class='ocrx_word' id='word_1_94' title='bbox 314 1061 511 1109; x_wconf 87' lang='lat' dir='ltr'><strong>episcopum,</strong></span> <span class='ocrx_word' id='word_1_95' title='bbox 534 1063 662 1107; x_wconf 75' lang='lat' dir='ltr'><strong>gratiam</strong></span> <span class='ocrx_word' id='word_1_96' title='bbox 687 1069 716 1094; x_wconf 88' lang='lat' dir='ltr'><strong>et</strong></span> <span class='ocrx_word' id='word_1_97' title='bbox 738 1060 994 1094; x_wconf 87' lang='lat' dir='ltr'><strong>communionem</strong></span> <span class='ocrx_word' id='word_1_98' title='bbox 1009 1058 1065 1094; x_wconf 75' lang='lat' dir='ltr'><strong>Se-</strong></span> 
     </span>
     <span class='ocr_line' id='line_1_25' title="bbox 315 1109 1064 1156; baseline -0.003 -12"><span class='ocrx_word' id='word_1_99' title='bbox 315 1110 364 1144; x_wconf 90' lang='lat' dir='ltr'><strong>dis</strong></span> <span class='ocrx_word' id='word_1_100' title='bbox 387 1111 588 1156; x_wconf 83' lang='lat' dir='ltr'><strong>Apostolicae</strong></span> <span class='ocrx_word' id='word_1_101' title='bbox 612 1110 791 1152; x_wconf 75' lang='lat' dir='ltr'><strong>habentem,</strong></span> <span class='ocrx_word' id='word_1_102' title='bbox 815 1109 844 1142; x_wconf 94' lang='lat' dir='ltr'><strong>in</strong></span> <span class='ocrx_word' id='word_1_103' title='bbox 868 1109 971 1143; x_wconf 84' lang='lat' dir='ltr'><strong>dictae</strong></span> <span class='ocrx_word' id='word_1_104' title='bbox 987 1121 1064 1142; x_wconf 90' lang='lat' dir='ltr'><strong>con-</strong></span> 
     </span>
     <span class='ocr_line' id='line_1_26' title="bbox 314 1158 1062 1206; baseline -0.003 -12"><span class='ocrx_word' id='word_1_105' title='bbox 314 1161 504 1206; x_wconf 84' lang='lat' dir='ltr'><strong>gregationis</strong></span> <span class='ocrx_word' id='word_1_106' title='bbox 528 1159 726 1194; x_wconf 88' lang='lat' dir='ltr'><strong>monasteriis</strong></span> <span class='ocrx_word' id='word_1_107' title='bbox 753 1168 783 1193; x_wconf 89' lang='lat' dir='ltr'><strong>et</strong></span> <span class='ocrx_word' id='word_1_108' title='bbox 806 1158 882 1192; x_wconf 82' lang='lat' dir='ltr'><strong>locis</strong></span> <span class='ocrx_word' id='word_1_109' title='bbox 904 1159 1062 1192; x_wconf 84' lang='lat' dir='ltr'><strong>dumtaxat</strong></span> 
     </span>
     <span class='ocr_line' id='line_1_27' title="bbox 313 1208 1061 1255; baseline -0.004 -12"><span class='ocrx_word' id='word_1_110' title='bbox 313 1208 469 1243; x_wconf 82' lang='lat' dir='ltr'><strong>advocare</strong></span> <span class='ocrx_word' id='word_1_111' title='bbox 505 1208 640 1248; x_wconf 72' lang='lat' dir='ltr'><strong>valeant,</strong></span> <span class='ocrx_word' id='word_1_112' title='bbox 680 1209 728 1243; x_wconf 88' lang='lat' dir='ltr'><strong>cui</strong></span> <span class='ocrx_word' id='word_1_113' title='bbox 767 1208 856 1242; x_wconf 87' lang='lat' dir='ltr'><strong>liceat</strong></span> <span class='ocrx_word' id='word_1_114' title='bbox 892 1208 1061 1255; x_wconf 87' lang='lat' dir='ltr'><strong>apostolica</strong></span> 
     </span>
     <span class='ocr_line' id='line_1_28' title="bbox 312 1258 1064 1305; baseline -0.001 -13"><span class='ocrx_word' id='word_1_115' title='bbox 312 1259 509 1297; x_wconf 83' lang='lat' dir='ltr'><strong>auctoritate,</strong></span> <span class='ocrx_word' id='word_1_116' title='bbox 531 1258 650 1305; x_wconf 85' lang='lat' dir='ltr'><strong>absque</strong></span> <span class='ocrx_word' id='word_1_117' title='bbox 671 1258 774 1304; x_wconf 88' lang='lat' dir='ltr'><strong>aliqua</strong></span> <span class='ocrx_word' id='word_1_118' title='bbox 799 1258 920 1292; x_wconf 86' lang='lat' dir='ltr'><strong>licentia</strong></span> <span class='ocrx_word' id='word_1_119' title='bbox 948 1265 978 1291; x_wconf 88' lang='lat' dir='ltr'><strong>et</strong></span> <span class='ocrx_word' id='word_1_120' title='bbox 992 1269 1064 1291; x_wconf 90' lang='lat' dir='ltr'><strong>con-</strong></span> 
     </span>
     <span class='ocr_line' id='line_1_29' title="bbox 313 1306 1063 1353; baseline 0 -12"><span class='ocrx_word' id='word_1_121' title='bbox 313 1306 497 1342; x_wconf 88' lang='lat' dir='ltr'><strong>tradictione</strong></span> <span class='ocrx_word' id='word_1_122' title='bbox 523 1307 722 1346; x_wconf 78' lang='lat' dir='ltr'><strong>dioecesani,</strong></span> <span class='ocrx_word' id='word_1_123' title='bbox 747 1307 831 1342; x_wconf 88' lang='lat' dir='ltr'><strong>nulla</strong></span> <span class='ocrx_word' id='word_1_124' title='bbox 856 1310 901 1351; x_wconf 92' lang='lat' dir='ltr'><strong>(ut</strong></span> <span class='ocrx_word' id='word_1_125' title='bbox 926 1306 1063 1353; x_wconf 83' lang='lat' dir='ltr'><strong>praeser-</strong></span> 
     </span>
     <span class='ocr_line' id='line_1_30' title="bbox 312 1357 1063 1404; baseline 0.001 -14"><span class='ocrx_word' id='word_1_126' title='bbox 312 1359 375 1398; x_wconf 90' lang='lat' dir='ltr'><strong>tur)</strong></span> <span class='ocrx_word' id='word_1_127' title='bbox 409 1358 642 1392; x_wconf 84' lang='lat' dir='ltr'><strong>examinatione</strong></span> <span class='ocrx_word' id='word_1_128' title='bbox 678 1358 867 1404; x_wconf 81' lang='lat' dir='ltr'><strong>praemissa,</strong></span> <span class='ocrx_word' id='word_1_129' title='bbox 891 1357 1063 1391; x_wconf 87' lang='lat' dir='ltr'><strong>monacbos</strong></span> 
     </span>
     <span class='ocr_line' id='line_1_31' title="bbox 311 1405 1064 1449; baseline 0 -9"><span class='ocrx_word' id='word_1_130' title='bbox 311 1405 468 1447; x_wconf 85' lang='lat' dir='ltr'><strong>ordinare,</strong></span> <span class='ocrx_word' id='word_1_131' title='bbox 491 1407 604 1442; x_wconf 89' lang='lat' dir='ltr'><strong>missas</strong></span> <span class='ocrx_word' id='word_1_132' title='bbox 630 1407 801 1447; x_wconf 82' lang='lat' dir='ltr'><strong>celebrare,</strong></span> <span class='ocrx_word' id='word_1_133' title='bbox 824 1406 994 1449; x_wconf 84' lang='lat' dir='ltr'><strong>Ecclesias,</strong></span> <span class='ocrx_word' id='word_1_134' title='bbox 1015 1407 1064 1440; x_wconf 87' lang='lat' dir='ltr'><strong>al-</strong></span> 
     </span>
     <span class='ocr_line' id='line_1_32' title="bbox 313 1455 1063 1496; baseline 0.001 -7"><span class='ocrx_word' id='word_1_135' title='bbox 313 1455 388 1490; x_wconf 86' lang='lat' dir='ltr'><strong>taria</strong></span> <span class='ocrx_word' id='word_1_136' title='bbox 417 1465 446 1491; x_wconf 85' lang='lat' dir='ltr'><strong>et</strong></span> <span class='ocrx_word' id='word_1_137' title='bbox 473 1468 544 1492; x_wconf 88' lang='lat' dir='ltr'><strong>vasa</strong></span> <span class='ocrx_word' id='word_1_138' title='bbox 567 1469 765 1496; x_wconf 76' lang='lat' dir='ltr'><strong>consecrare,</strong></span> <span class='ocrx_word' id='word_1_139' title='bbox 796 1465 897 1491; x_wconf 87' lang='lat' dir='ltr'><strong>vestes</strong></span> <span class='ocrx_word' id='word_1_140' title='bbox 926 1456 1063 1490; x_wconf 84' lang='lat' dir='ltr'><strong>benedi—</strong></span> 
     </span>
     <span class='ocr_line' id='line_1_33' title="bbox 311 1506 1062 1554; baseline 0.003 -15"><span class='ocrx_word' id='word_1_141' title='bbox 311 1517 382 1540; x_wconf 90' lang='lat' dir='ltr'><strong>cere</strong></span> <span class='ocrx_word' id='word_1_142' title='bbox 403 1514 433 1541; x_wconf 87' lang='lat' dir='ltr'><strong>et</strong></span> <span class='ocrx_word' id='word_1_143' title='bbox 460 1506 517 1541; x_wconf 85' lang='lat' dir='ltr'><strong>alia</strong></span> <span class='ocrx_word' id='word_1_144' title='bbox 542 1507 730 1554; x_wconf 81' lang='lat' dir='ltr'><strong>pontificalia</strong></span> <span class='ocrx_word' id='word_1_145' title='bbox 758 1518 915 1547; x_wconf 81' lang='lat' dir='ltr'><strong>exercere,</strong></span> <span class='ocrx_word' id='word_1_146' title='bbox 938 1506 977 1540; x_wconf 93' lang='lat' dir='ltr'><strong>de</strong></span> <span class='ocrx_word' id='word_1_147' title='bbox 999 1519 1062 1553; x_wconf 91' lang='lat' dir='ltr'><strong>quo</strong></span> 
     </span>
     <span class='ocr_line' id='line_1_34' title="bbox 311 1554 1062 1603; baseline 0.001 -15"><span class='ocrx_word' id='word_1_148' title='bbox 311 1554 532 1591; x_wconf 85' lang='lat' dir='ltr'><strong>dioecesanum</strong></span> <span class='ocrx_word' id='word_1_149' title='bbox 572 1557 629 1591; x_wconf 80' lang='lat' dir='ltr'><strong>lori</strong></span> <span class='ocrx_word' id='word_1_150' title='bbox 664 1570 723 1590; x_wconf 69' lang='lat' dir='ltr'><strong>non</strong></span> <span class='ocrx_word' id='word_1_151' title='bbox 753 1565 894 1603; x_wconf 75' lang='lat' dir='ltr'><strong>oporteat</strong></span> <span class='ocrx_word' id='word_1_152' title='bbox 931 1556 1062 1600; x_wconf 79' lang='lat' dir='ltr'><strong>timore,</strong></span> 
     </span>
     <span class='ocr_line' id='line_1_35' title="bbox 311 1605 1062 1651; baseline 0 -12"><span class='ocrx_word' id='word_1_153' title='bbox 311 1606 394 1651; x_wconf 92' lang='lat' dir='ltr'><strong>quod</strong></span> <span class='ocrx_word' id='word_1_154' title='bbox 434 1605 615 1643; x_wconf 84' lang='lat' dir='ltr'><strong>huiusmodi</strong></span> <span class='ocrx_word' id='word_1_155' title='bbox 653 1606 860 1641; x_wconf 82' lang='lat' dir='ltr'><strong>ordinationis</strong></span> <span class='ocrx_word' id='word_1_156' title='bbox 897 1607 1062 1640; x_wconf 86' lang='lat' dir='ltr'><strong>occasione</strong></span> 
     </span>
     <span class='ocr_line' id='line_1_36' title="bbox 311 1654 1059 1703; baseline 0.001 -14"><span class='ocrx_word' id='word_1_157' title='bbox 311 1654 387 1689; x_wconf 87' lang='lat' dir='ltr'><strong>iuris</strong></span> <span class='ocrx_word' id='word_1_158' title='bbox 423 1656 470 1690; x_wconf 90' lang='lat' dir='ltr'><strong>sui</strong></span> <span class='ocrx_word' id='word_1_159' title='bbox 501 1655 731 1703; x_wconf 75' lang='lat' dir='ltr'><strong>praeiudjciuin</strong></span> <span class='ocrx_word' id='word_1_160' title='bbox 766 1657 923 1700; x_wconf 81' lang='lat' dir='ltr'><strong>incurrat,</strong></span> <span class='ocrx_word' id='word_1_161' title='bbox 951 1656 1059 1690; x_wconf 82' lang='lat' dir='ltr'><strong>eadem</strong></span> 
     </span>
     <span class='ocr_line' id='line_1_37' title="bbox 310 1705 730 1752; baseline 0.005 -14"><span class='ocrx_word' id='word_1_162' title='bbox 310 1706 494 1739; x_wconf 88' lang='lat' dir='ltr'><strong>auctoritate</strong></span> <span class='ocrx_word' id='word_1_163' title='bbox 518 1705 730 1752; x_wconf 78' lang='lat' dir='ltr'><strong>indulgemus.</strong></span> 
     </span>
    </p>

    <p class='ocr_par' dir='ltr' id='par_1_10' title="bbox 360 1754 1062 1803">
     <span class='ocr_line' id='line_1_38' title="bbox 360 1754 1062 1803; baseline 0.001 -15"><span class='ocrx_word' id='word_1_164' title='bbox 360 1754 380 1801; x_wconf 64' lang='grc' dir='ltr'><strong>ἓ</strong></span> <span class='ocrx_word' id='word_1_165' title='bbox 399 1756 431 1789; x_wconf 92' lang='grc'><strong>6.</strong></span> <span class='ocrx_word' id='word_1_166' title='bbox 451 1754 598 1803; x_wconf 87' lang='lat' dir='ltr'><strong>Cumque</strong></span> <span class='ocrx_word' id='word_1_167' title='bbox 619 1756 695 1790; x_wconf 83' lang='lat' dir='ltr'><strong>alias</strong></span> <span class='ocrx_word' id='word_1_168' title='bbox 718 1768 773 1803; x_wconf 85' lang='lat' dir='ltr'><strong>per</strong></span> <span class='ocrx_word' id='word_1_169' title='bbox 792 1755 917 1790; x_wconf 82' lang='lat' dir='ltr'><strong>easdem</strong></span> <span class='ocrx_word' id='word_1_170' title='bbox 939 1762 1062 1789; x_wconf 80' lang='lat' dir='ltr'><strong>nostras</strong></span> 
     </span>
    </p>
   </div>
   <div class='ocr_carea' id='block_1_8' title="bbox 1103 363 1860 1799">
    <p class='ocr_par' dir='ltr' id='par_1_11' title="bbox 1105 363 1860 1141">
     <span class='ocr_line' id='line_1_39' title="bbox 1110 363 1858 410; baseline 0.001 -13"><span class='ocrx_word' id='word_1_171' title='bbox 1110 364 1364 410; x_wconf 78' lang='lat' dir='ltr'><strong>congregationis</strong></span> <span class='ocrx_word' id='word_1_172' title='bbox 1392 363 1581 397; x_wconf 77' lang='lat' dir='ltr'><strong>monasteria</strong></span> <span class='ocrx_word' id='word_1_173' title='bbox 1622 375 1687 397; x_wconf 87' lang='lat' dir='ltr'><strong>sive</strong></span> <span class='ocrx_word' id='word_1_174' title='bbox 1723 363 1806 407; x_wconf 85' lang='lat' dir='ltr'><strong>loca,</strong></span> <span class='ocrx_word' id='word_1_175' title='bbox 1844 378 1858 398; x_wconf 88' lang='lat' dir='ltr'><strong>a</strong></span> 
     </span>
     <span class='ocr_line' id='line_1_40' title="bbox 1110 411 1859 460; baseline 0 -13"><span class='ocrx_word' id='word_1_176' title='bbox 1110 414 1159 447; x_wconf 90' lang='lat' dir='ltr'><strong>die</strong></span> <span class='ocrx_word' id='word_1_177' title='bbox 1192 413 1401 460; x_wconf 76' lang='lat' dir='ltr'><strong>exemptionis</strong></span> <span class='ocrx_word' id='word_1_178' title='bbox 1425 412 1619 452; x_wconf 81' lang='lat' dir='ltr'><strong>huiusmodi,</strong></span> <span class='ocrx_word' id='word_1_179' title='bbox 1647 411 1686 446; x_wconf 84' lang='lat' dir='ltr'><strong>ab</strong></span> <span class='ocrx_word' id='word_1_180' title='bbox 1711 413 1859 447; x_wconf 90' lang='lat' dir='ltr'><strong>omuibus</strong></span> 
     </span>
     <span class='ocr_line' id='line_1_41' title="bbox 1109 461 1859 503; baseline 0.001 -7"><span class='ocrx_word' id='word_1_181' title='bbox 1109 463 1271 503; x_wconf 79' lang='lat' dir='ltr'><strong>censibus,</strong></span> <span class='ocrx_word' id='word_1_182' title='bbox 1296 461 1471 497; x_wconf 80' lang='lat' dir='ltr'><strong>redditibus</strong></span> <span class='ocrx_word' id='word_1_183' title='bbox 1494 470 1523 495; x_wconf 86' lang='lat' dir='ltr'><strong>et</strong></span> <span class='ocrx_word' id='word_1_184' title='bbox 1545 461 1774 501; x_wconf 77' lang='lat' dir='ltr'><strong>solutionibus,</strong></span> <span class='ocrx_word' id='word_1_185' title='bbox 1804 476 1859 497; x_wconf 84' lang='lat' dir='ltr'><strong>ra-</strong></span> 
     </span>
     <span class='ocr_line' id='line_1_42' title="bbox 1110 511 1859 558; baseline 0 -12"><span class='ocrx_word' id='word_1_186' title='bbox 1110 513 1192 547; x_wconf 88' lang='lat' dir='ltr'><strong>tione</strong></span> <span class='ocrx_word' id='word_1_187' title='bbox 1227 512 1410 548; x_wconf 75' lang='lat' dir='ltr'><strong>visitationis</strong></span> <span class='ocrx_word' id='word_1_188' title='bbox 1443 520 1495 546; x_wconf 89' lang='lat' dir='ltr'><strong>ant</strong></span> <span class='ocrx_word' id='word_1_189' title='bbox 1534 511 1738 546; x_wconf 81' lang='lat' dir='ltr'><strong>subiectionis</strong></span> <span class='ocrx_word' id='word_1_190' title='bbox 1772 525 1859 558; x_wconf 83' lang='lat' dir='ltr'><strong>quo-</strong></span> 
     </span>
     <span class='ocr_line' id='line_1_43' title="bbox 1109 561 1857 610; baseline 0.001 -15"><span class='ocrx_word' id='word_1_191' title='bbox 1109 575 1245 610; x_wconf 83' lang='lat' dir='ltr'><strong>cumque</strong></span> <span class='ocrx_word' id='word_1_192' title='bbox 1281 563 1348 597; x_wconf 89' lang='lat' dir='ltr'><strong>iure</strong></span> <span class='ocrx_word' id='word_1_193' title='bbox 1389 562 1540 596; x_wconf 80' lang='lat' dir='ltr'><strong>hacteuus</strong></span> <span class='ocrx_word' id='word_1_194' title='bbox 1572 561 1706 604; x_wconf 82' lang='lat' dir='ltr'><strong>debitis,</strong></span> <span class='ocrx_word' id='word_1_195' title='bbox 1739 571 1790 595; x_wconf 90' lang='lat' dir='ltr'><strong>aut</strong></span> <span class='ocrx_word' id='word_1_196' title='bbox 1829 563 1857 596; x_wconf 90' lang='lat' dir='ltr'><strong>iu</strong></span> 
     </span>
     <span class='ocr_line' id='line_1_44' title="bbox 1109 610 1858 659; baseline 0 -14"><span class='ocrx_word' id='word_1_197' title='bbox 1109 612 1248 646; x_wconf 77' lang='lat' dir='ltr'><strong>futurum</strong></span> <span class='ocrx_word' id='word_1_198' title='bbox 1270 612 1438 651; x_wconf 79' lang='lat' dir='ltr'><strong>debenilis,</strong></span> <span class='ocrx_word' id='word_1_199' title='bbox 1461 610 1714 659; x_wconf 89' lang='lat' dir='ltr'><strong>quibuscumque</strong></span> <span class='ocrx_word' id='word_1_200' title='bbox 1737 611 1858 646; x_wconf 82' lang='lat' dir='ltr'><strong>ordina—</strong></span> 
     </span>
     <span class='ocr_line' id='line_1_45' title="bbox 1110 661 1858 708; baseline 0 -14"><span class='ocrx_word' id='word_1_201' title='bbox 1110 662 1174 703; x_wconf 86' lang='lat' dir='ltr'><strong>riis,</strong></span> <span class='ocrx_word' id='word_1_202' title='bbox 1197 662 1355 708; x_wconf 82' lang='lat' dir='ltr'><strong>capitulis,</strong></span> <span class='ocrx_word' id='word_1_203' title='bbox 1371 661 1524 706; x_wconf 80' lang='lat' dir='ltr'><strong>collegiis,</strong></span> <span class='ocrx_word' id='word_1_204' title='bbox 1547 661 1858 706; x_wconf 77' lang='lat' dir='ltr'><strong>congregationibus,</strong></span> 
     </span>
     <span class='ocr_line' id='line_1_46' title="bbox 1109 710 1858 757; baseline 0 -13"><span class='ocrx_word' id='word_1_205' title='bbox 1109 711 1387 749; x_wconf 74' lang='lat' dir='ltr'><strong>universitatibus,</strong></span> <span class='ocrx_word' id='word_1_206' title='bbox 1423 718 1475 744; x_wconf 89' lang='lat' dir='ltr'><strong>ant</strong></span> <span class='ocrx_word' id='word_1_207' title='bbox 1508 710 1577 744; x_wconf 86' lang='lat' dir='ltr'><strong>aliis</strong></span> <span class='ocrx_word' id='word_1_208' title='bbox 1603 710 1858 757; x_wconf 86' lang='lat' dir='ltr'><strong>quibuscumque</strong></span> 
     </span>
     <span class='ocr_line' id='line_1_47' title="bbox 1109 759 1860 809; baseline 0.003 -17"><span class='ocrx_word' id='word_1_209' title='bbox 1109 761 1264 805; x_wconf 86' lang='lat' dir='ltr'><strong>personis,</strong></span> <span class='ocrx_word' id='word_1_210' title='bbox 1283 760 1321 794; x_wconf 86' lang='lat' dir='ltr'><strong>de</strong></span> <span class='ocrx_word' id='word_1_211' title='bbox 1342 760 1536 809; x_wconf 70' lang='lat' dir='ltr'><strong>plenitudine</strong></span> <span class='ocrx_word' id='word_1_212' title='bbox 1554 759 1716 806; x_wconf 88' lang='lat' dir='ltr'><strong>potestatis</strong></span> <span class='ocrx_word' id='word_1_213' title='bbox 1737 770 1860 807; x_wconf 87' lang='lat' dir='ltr'><strong>aposto-</strong></span> 
     </span>
     <span class='ocr_line' id='line_1_48' title="bbox 1108 809 1859 855; baseline 0.001 -13"><span class='ocrx_word' id='word_1_214' title='bbox 1108 809 1198 853; x_wconf 84' lang='lat' dir='ltr'><strong>licae,</strong></span> <span class='ocrx_word' id='word_1_215' title='bbox 1222 810 1352 844; x_wconf 90' lang='lat' dir='ltr'><strong>omnino</strong></span> <span class='ocrx_word' id='word_1_216' title='bbox 1379 809 1605 844; x_wconf 79' lang='lat' dir='ltr'><strong>liberamuset</strong></span> <span class='ocrx_word' id='word_1_217' title='bbox 1641 809 1767 855; x_wconf 79' lang='lat' dir='ltr'><strong>penitus</strong></span> <span class='ocrx_word' id='word_1_218' title='bbox 1798 811 1859 843; x_wconf 89' lang='lat' dir='ltr'><strong>ab-</strong></span> 
     </span>
     <span class='ocr_line' id='line_1_49' title="bbox 1106 858 1859 905; baseline 0.001 -14"><span class='ocrx_word' id='word_1_219' title='bbox 1106 859 1269 893; x_wconf 85' lang='lat' dir='ltr'><strong>solvimus.</strong></span> <span class='ocrx_word' id='word_1_220' title='bbox 1298 859 1366 894; x_wconf 88' lang='lat' dir='ltr'><strong>Non</strong></span> <span class='ocrx_word' id='word_1_221' title='bbox 1402 858 1601 893; x_wconf 75' lang='lat' dir='ltr'><strong>obstantibus</strong></span> <span class='ocrx_word' id='word_1_222' title='bbox 1636 859 1859 905; x_wconf 84' lang='lat' dir='ltr'><strong>praescriptio-</strong></span> 
     </span>
     <span class='ocr_line' id='line_1_50' title="bbox 1108 908 1859 948; baseline 0.003 -7"><span class='ocrx_word' id='word_1_223' title='bbox 1108 908 1212 948; x_wconf 83' lang='lat' dir='ltr'><strong>nibus,</strong></span> <span class='ocrx_word' id='word_1_224' title='bbox 1235 909 1526 947; x_wconf 78' lang='lat' dir='ltr'><strong>constitutiouibus.</strong></span> <span class='ocrx_word' id='word_1_225' title='bbox 1551 908 1837 943; x_wconf 79' lang='lat' dir='ltr'><strong>cousuetudiniluis</strong></span> <span class='ocrx_word' id='word_1_226' title='bbox 1852 936 1859 948; x_wconf 79' lang='grc'>,</span> 
     </span>
     <span class='ocr_line' id='line_1_51' title="bbox 1105 957 1859 1004; baseline 0.003 -13"><span class='ocrx_word' id='word_1_227' title='bbox 1105 959 1242 999; x_wconf 79' lang='lat' dir='ltr'><strong>statutis,</strong></span> <span class='ocrx_word' id='word_1_228' title='bbox 1269 959 1404 993; x_wconf 81' lang='lat' dir='ltr'><strong>decretis</strong></span> <span class='ocrx_word' id='word_1_229' title='bbox 1427 966 1456 991; x_wconf 86' lang='lat' dir='ltr'><strong>et</strong></span> <span class='ocrx_word' id='word_1_230' title='bbox 1481 957 1652 1004; x_wconf 83' lang='lat' dir='ltr'><strong>privilegiis</strong></span> <span class='ocrx_word' id='word_1_231' title='bbox 1679 958 1859 1004; x_wconf 85' lang='lat' dir='ltr'><strong>apostolicis</strong></span> 
     </span>
     <span class='ocr_line' id='line_1_52' title="bbox 1105 1007 1858 1054; baseline 0.001 -13"><span class='ocrx_word' id='word_1_232' title='bbox 1105 1007 1362 1054; x_wconf 84' lang='lat' dir='ltr'><strong>quibuscumque</strong></span> <span class='ocrx_word' id='word_1_233' title='bbox 1386 1009 1415 1041; x_wconf 93' lang='lat' dir='ltr'><strong>in</strong></span> <span class='ocrx_word' id='word_1_234' title='bbox 1438 1008 1631 1042; x_wconf 91' lang='lat' dir='ltr'><strong>contrarium</strong></span> <span class='ocrx_word' id='word_1_235' title='bbox 1656 1008 1858 1048; x_wconf 79' lang='lat' dir='ltr'><strong>facientibus,</strong></span> 
     </span>
     <span class='ocr_line' id='line_1_53' title="bbox 1106 1057 1859 1104; baseline 0.001 -13"><span class='ocrx_word' id='word_1_236' title='bbox 1106 1058 1145 1091; x_wconf 84' lang='lat' dir='ltr'><strong>de</strong></span> <span class='ocrx_word' id='word_1_237' title='bbox 1172 1057 1287 1104; x_wconf 80' lang='lat' dir='ltr'><strong>quibus</strong></span> <span class='ocrx_word' id='word_1_238' title='bbox 1321 1057 1469 1104; x_wconf 83' lang='lat' dir='ltr'><strong>specialis</strong></span> <span class='ocrx_word' id='word_1_239' title='bbox 1508 1065 1537 1091; x_wconf 82' lang='lat' dir='ltr'><strong>et</strong></span> <span class='ocrx_word' id='word_1_240' title='bbox 1563 1069 1723 1104; x_wconf 82' lang='lat' dir='ltr'><strong>expressa,</strong></span> <span class='ocrx_word' id='word_1_241' title='bbox 1750 1070 1786 1092; x_wconf 86' lang='lat' dir='ltr'><strong>ac</strong></span> <span class='ocrx_word' id='word_1_242' title='bbox 1820 1057 1859 1092; x_wconf 85' lang='lat' dir='ltr'><strong>de</strong></span> 
     </span>
     <span class='ocr_line' id='line_1_54' title="bbox 1107 1107 1857 1141; baseline 0 0"><span class='ocrx_word' id='word_1_243' title='bbox 1107 1107 1200 1141; x_wconf 88' lang='lat' dir='ltr'><strong>verbo</strong></span> <span class='ocrx_word' id='word_1_244' title='bbox 1225 1107 1261 1140; x_wconf 91' lang='lat' dir='ltr'><strong>ad</strong></span> <span class='ocrx_word' id='word_1_245' title='bbox 1293 1107 1421 1141; x_wconf 88' lang='lat' dir='ltr'><strong>verbum</strong></span> <span class='ocrx_word' id='word_1_246' title='bbox 1450 1114 1531 1141; x_wconf 82' lang='lat' dir='ltr'><strong>esset</strong></span> <span class='ocrx_word' id='word_1_247' title='bbox 1560 1107 1677 1141; x_wconf 90' lang='lat' dir='ltr'><strong>mentio</strong></span> <span class='ocrx_word' id='word_1_248' title='bbox 1705 1107 1857 1141; x_wconf 77' lang='lat' dir='ltr'><strong>facienda.</strong></span> 
     </span>
    </p>

    <p class='ocr_par' dir='ltr' id='par_1_12' title="bbox 1103 1156 1854 1799">
     <span class='ocr_line' id='line_1_55' title="bbox 1154 1156 1854 1202; baseline 0 -12"><span class='ocrx_word' id='word_1_249' title='bbox 1154 1158 1174 1201; x_wconf 50' lang='grc' dir='ltr'>ᾗ</span> <span class='ocrx_word' id='word_1_250' title='bbox 1203 1161 1232 1190; x_wconf 92' lang='lat'><strong>7.</strong></span> <span class='ocrx_word' id='word_1_251' title='bbox 1262 1156 1302 1191; x_wconf 93' lang='lat' dir='ltr'><strong>Ut</strong></span> <span class='ocrx_word' id='word_1_252' title='bbox 1329 1165 1433 1191; x_wconf 88' lang='lat' dir='ltr'><strong>autem</strong></span> <span class='ocrx_word' id='word_1_253' title='bbox 1473 1156 1652 1190; x_wconf 82' lang='lat' dir='ltr'><strong>huiusmodi</strong></span> <span class='ocrx_word' id='word_1_254' title='bbox 1680 1168 1854 1202; x_wconf 76' lang='lat' dir='ltr'><strong>congrega-</strong></span> 
     </span>
     <span class='ocr_line' id='line_1_56' title="bbox 1105 1205 1854 1251; baseline 0.001 -11"><span class='ocrx_word' id='word_1_255' title='bbox 1105 1206 1198 1240; x_wconf 89' lang='lat' dir='ltr'><strong>tionis</strong></span> <span class='ocrx_word' id='word_1_256' title='bbox 1218 1206 1363 1240; x_wconf 83' lang='lat' dir='ltr'><strong>inonacbi</strong></span> <span class='ocrx_word' id='word_1_257' title='bbox 1386 1205 1558 1241; x_wconf 87' lang='lat' dir='ltr'><strong>liberiusin</strong></span> <span class='ocrx_word' id='word_1_258' title='bbox 1573 1218 1681 1240; x_wconf 87' lang='lat' dir='ltr'><strong>eorum</strong></span> <span class='ocrx_word' id='word_1_259' title='bbox 1705 1206 1854 1251; x_wconf 85' lang='lat' dir='ltr'><strong>regularis</strong></span> 
     </span>
     <span class='ocr_line' id='line_1_57' title="bbox 1107 1255 1854 1302; baseline 0.001 -13"><span class='ocrx_word' id='word_1_260' title='bbox 1107 1256 1186 1290; x_wconf 89' lang='lat' dir='ltr'><strong>vitae</strong></span> <span class='ocrx_word' id='word_1_261' title='bbox 1201 1256 1397 1290; x_wconf 82' lang='lat' dir='ltr'><strong>observantia</strong></span> <span class='ocrx_word' id='word_1_262' title='bbox 1414 1255 1535 1289; x_wconf 78' lang='lat' dir='ltr'><strong>valeant</strong></span> <span class='ocrx_word' id='word_1_263' title='bbox 1549 1255 1731 1302; x_wconf 85' lang='lat' dir='ltr'><strong>perdurare,</strong></span> <span class='ocrx_word' id='word_1_264' title='bbox 1743 1268 1854 1290; x_wconf 85' lang='lat' dir='ltr'><strong>omnes</strong></span> 
     </span>
     <span class='ocr_line' id='line_1_58' title="bbox 1105 1304 1854 1353; baseline 0 -14"><span class='ocrx_word' id='word_1_265' title='bbox 1105 1314 1136 1340; x_wconf 92' lang='lat' dir='ltr'><strong>et</strong></span> <span class='ocrx_word' id='word_1_266' title='bbox 1162 1306 1304 1352; x_wconf 81' lang='lat' dir='ltr'><strong>singulos</strong></span> <span class='ocrx_word' id='word_1_267' title='bbox 1331 1306 1500 1352; x_wconf 79' lang='lat' dir='ltr'><strong>episcopos</strong></span> <span class='ocrx_word' id='word_1_268' title='bbox 1528 1304 1574 1339; x_wconf 81' lang='lat' dir='ltr'><strong>vel</strong></span> <span class='ocrx_word' id='word_1_269' title='bbox 1606 1304 1744 1339; x_wconf 86' lang='lat' dir='ltr'><strong>locorum</strong></span> <span class='ocrx_word' id='word_1_270' title='bbox 1768 1318 1854 1353; x_wconf 89' lang='lat' dir='ltr'><strong>quo-</strong></span> 
     </span>
     <span class='ocr_line' id='line_1_59' title="bbox 1107 1355 1854 1402; baseline 0 -13"><span class='ocrx_word' id='word_1_271' title='bbox 1107 1355 1254 1389; x_wconf 83' lang='lat' dir='ltr'><strong>rumlibet</strong></span> <span class='ocrx_word' id='word_1_272' title='bbox 1292 1355 1482 1398; x_wconf 60' lang='lat' dir='ltr'><strong>ordinarios,</strong></span> <span class='ocrx_word' id='word_1_273' title='bbox 1522 1363 1575 1389; x_wconf 84' lang='lat' dir='ltr'><strong>aut</strong></span> <span class='ocrx_word' id='word_1_274' title='bbox 1615 1355 1691 1389; x_wconf 84' lang='lat' dir='ltr'><strong>alias</strong></span> <span class='ocrx_word' id='word_1_275' title='bbox 1727 1357 1854 1402; x_wconf 84' lang='lat' dir='ltr'><strong>quasvis</strong></span> 
     </span>
     <span class='ocr_line' id='line_1_60' title="bbox 1106 1403 1853 1452; baseline 0.001 -14"><span class='ocrx_word' id='word_1_276' title='bbox 1106 1417 1267 1452; x_wconf 80' lang='lat' dir='ltr'><strong>personas,</strong></span> <span class='ocrx_word' id='word_1_277' title='bbox 1290 1406 1327 1439; x_wconf 90' lang='lat' dir='ltr'><strong>ad</strong></span> <span class='ocrx_word' id='word_1_278' title='bbox 1356 1404 1543 1439; x_wconf 88' lang='lat' dir='ltr'><strong>monasteria</strong></span> <span class='ocrx_word' id='word_1_279' title='bbox 1567 1403 1631 1438; x_wconf 87' lang='lat' dir='ltr'><strong>sive</strong></span> <span class='ocrx_word' id='word_1_280' title='bbox 1659 1403 1725 1439; x_wconf 88' lang='lat' dir='ltr'><strong>loca</strong></span> <span class='ocrx_word' id='word_1_281' title='bbox 1753 1406 1853 1439; x_wconf 88' lang='lat' dir='ltr'><strong>dictae</strong></span> 
     </span>
     <span class='ocr_line' id='line_1_61' title="bbox 1104 1454 1853 1501; baseline 0 -13"><span class='ocrx_word' id='word_1_282' title='bbox 1104 1455 1370 1501; x_wconf 75' lang='lat' dir='ltr'><strong>congregationis,</strong></span> <span class='ocrx_word' id='word_1_283' title='bbox 1398 1467 1489 1489; x_wconf 87' lang='lat' dir='ltr'><strong>cansa</strong></span> <span class='ocrx_word' id='word_1_284' title='bbox 1512 1454 1641 1489; x_wconf 81' lang='lat' dir='ltr'><strong>ordines</strong></span> <span class='ocrx_word' id='word_1_285' title='bbox 1663 1454 1853 1497; x_wconf 82' lang='lat' dir='ltr'><strong>celebrandi,</strong></span> 
     </span>
     <span class='ocr_line' id='line_1_62' title="bbox 1104 1504 1854 1539; baseline 0 -1"><span class='ocrx_word' id='word_1_286' title='bbox 1104 1517 1158 1538; x_wconf 88' lang='lat' dir='ltr'><strong>seu</strong></span> <span class='ocrx_word' id='word_1_287' title='bbox 1174 1517 1283 1539; x_wconf 85' lang='lat' dir='ltr'><strong>causas</strong></span> <span class='ocrx_word' id='word_1_288' title='bbox 1298 1505 1405 1538; x_wconf 88' lang='lat' dir='ltr'><strong>civiles</strong></span> <span class='ocrx_word' id='word_1_289' title='bbox 1431 1513 1482 1538; x_wconf 85' lang='lat' dir='ltr'><strong>aut</strong></span> <span class='ocrx_word' id='word_1_290' title='bbox 1505 1504 1685 1538; x_wconf 74' lang='lat' dir='ltr'><strong>criminales</strong></span> <span class='ocrx_word' id='word_1_291' title='bbox 1703 1516 1854 1538; x_wconf 81' lang='lat' dir='ltr'><strong>exercen-</strong></span> 
     </span>
     <span class='ocr_line' id='line_1_63' title="bbox 1105 1553 1853 1601; baseline 0.001 -14"><span class='ocrx_word' id='word_1_292' title='bbox 1105 1554 1148 1595; x_wconf 80' lang='lat' dir='ltr'><strong>di,</strong></span> <span class='ocrx_word' id='word_1_293' title='bbox 1164 1564 1337 1589; x_wconf 83' lang='lat' dir='ltr'><strong>conventus</strong></span> <span class='ocrx_word' id='word_1_294' title='bbox 1359 1554 1422 1588; x_wconf 88' lang='lat' dir='ltr'><strong>sive</strong></span> <span class='ocrx_word' id='word_1_295' title='bbox 1437 1553 1576 1601; x_wconf 75' lang='lat' dir='ltr'><strong>synodus</strong></span> <span class='ocrx_word' id='word_1_296' title='bbox 1591 1563 1620 1588; x_wconf 87' lang='lat' dir='ltr'><strong>et</strong></span> <span class='ocrx_word' id='word_1_297' title='bbox 1636 1554 1853 1601; x_wconf 84' lang='lat' dir='ltr'><strong>processiones</strong></span> 
     </span>
     <span class='ocr_line' id='line_1_64' title="bbox 1104 1603 1851 1647; baseline 0 -9"><span class='ocrx_word' id='word_1_298' title='bbox 1104 1605 1308 1647; x_wconf 86' lang='lat' dir='ltr'><strong>convocandi,</strong></span> <span class='ocrx_word' id='word_1_299' title='bbox 1319 1605 1429 1638; x_wconf 88' lang='lat' dir='ltr'><strong>missas</strong></span> <span class='ocrx_word' id='word_1_300' title='bbox 1444 1613 1472 1638; x_wconf 87' lang='lat' dir='ltr'><strong>et</strong></span> <span class='ocrx_word' id='word_1_301' title='bbox 1486 1604 1542 1638; x_wconf 86' lang='lat' dir='ltr'><strong>alia</strong></span> <span class='ocrx_word' id='word_1_302' title='bbox 1554 1603 1652 1638; x_wconf 82' lang='lat' dir='ltr'><strong>officia</strong></span> <span class='ocrx_word' id='word_1_303' title='bbox 1663 1603 1851 1644; x_wconf 82' lang='lat' dir='ltr'><strong>celebrandi,</strong></span> 
     </span>
     <span class='ocr_line' id='line_1_65' title="bbox 1104 1654 1852 1700; baseline 0 -12"><span class='ocrx_word' id='word_1_304' title='bbox 1104 1654 1163 1688; x_wconf 88' lang='lat' dir='ltr'><strong>sub</strong></span> <span class='ocrx_word' id='word_1_305' title='bbox 1185 1654 1523 1689; x_wconf 76' lang='lat' dir='ltr'><strong>excommunicationis</strong></span> <span class='ocrx_word' id='word_1_306' title='bbox 1552 1665 1663 1698; x_wconf 84' lang='lat' dir='ltr'><strong>poena,</strong></span> <span class='ocrx_word' id='word_1_307' title='bbox 1686 1665 1779 1700; x_wconf 87' lang='lat' dir='ltr'><strong>qnam</strong></span> <span class='ocrx_word' id='word_1_308' title='bbox 1804 1654 1852 1688; x_wconf 90' lang='lat' dir='ltr'><strong>in-</strong></span> 
     </span>
     <span class='ocr_line' id='line_1_66' title="bbox 1104 1703 1850 1751; baseline -0.001 -13"><span class='ocrx_word' id='word_1_309' title='bbox 1104 1713 1229 1738; x_wconf 85' lang='lat' dir='ltr'><strong>currant</strong></span> <span class='ocrx_word' id='word_1_310' title='bbox 1252 1705 1319 1751; x_wconf 85' lang='lat' dir='ltr'><strong>ipso</strong></span> <span class='ocrx_word' id='word_1_311' title='bbox 1339 1704 1430 1744; x_wconf 76' lang='lat' dir='ltr'><strong>facio,</strong></span> <span class='ocrx_word' id='word_1_312' title='bbox 1456 1705 1481 1738; x_wconf 87' lang='lat' dir='ltr'><strong>si</strong></span> <span class='ocrx_word' id='word_1_313' title='bbox 1509 1703 1598 1737; x_wconf 86' lang='lat' dir='ltr'><strong>aliter</strong></span> <span class='ocrx_word' id='word_1_314' title='bbox 1619 1704 1850 1747; x_wconf 83' lang='lat' dir='ltr'><strong>attentaverint,</strong></span> 
     </span>
     <span class='ocr_line' id='line_1_67' title="bbox 1103 1753 1851 1799; baseline 0 -11"><span class='ocrx_word' id='word_1_315' title='bbox 1103 1754 1252 1789; x_wconf 80' lang='lat' dir='ltr'><strong>accedere</strong></span> <span class='ocrx_word' id='word_1_316' title='bbox 1267 1754 1313 1788; x_wconf 88' lang='lat' dir='ltr'><strong>vel</strong></span> <span class='ocrx_word' id='word_1_317' title='bbox 1328 1754 1498 1797; x_wconf 88' lang='lat' dir='ltr'><strong>immorari,</strong></span> <span class='ocrx_word' id='word_1_318' title='bbox 1514 1753 1591 1799; x_wconf 87' lang='lat' dir='ltr'><strong>ipsis</strong></span> <span class='ocrx_word' id='word_1_319' title='bbox 1611 1753 1727 1797; x_wconf 81' lang='lat' dir='ltr'><strong>invitis,</strong></span> <span class='ocrx_word' id='word_1_320' title='bbox 1742 1762 1851 1788; x_wconf 88' lang='lat' dir='ltr'><strong>tenore</strong></span> 
     </span>
    </p>
   </div>
   <div class='ocr_carea' id='block_1_9' title="bbox 1874 261 2057 288">
    <p class='ocr_par' dir='ltr' id='par_1_13' title="bbox 1874 261 2057 288">
     <span class='ocr_line' id='line_1_68' title="bbox 1874 261 2057 288; baseline 0.011 -2"><span class='ocrx_word' id='word_1_321' title='bbox 1874 262 1924 287; x_wconf 76' lang='lat' dir='ltr'><strong>An.</strong></span> <span class='ocrx_word' id='word_1_322' title='bbox 1943 261 1972 288; x_wconf 91' lang='lat' dir='ltr'><strong>C.</strong></span> <span class='ocrx_word' id='word_1_323' title='bbox 1991 262 2057 288; x_wconf 67' lang='lat' dir='ltr'><strong>lhssfi</strong></span> 
     </span>
    </p>
   </div>
   <div class='ocr_carea' id='block_1_10' title="bbox 1870 1173 2058 1295">
    <p class='ocr_par' dir='ltr' id='par_1_14' title="bbox 1870 1173 2058 1295">
     <span class='ocr_line' id='line_1_69' title="bbox 1873 1173 2058 1196; baseline 0.011 -2"><span class='ocrx_word' id='word_1_324' title='bbox 1873 1173 2015 1195; x_wconf 78' lang='lat' dir='ltr'><strong>Monachiuon</strong></span> <span class='ocrx_word' id='word_1_325' title='bbox 2023 1181 2058 1196; x_wconf 82' lang='lat' dir='ltr'><strong>co-</strong></span> 
     </span>
     <span class='ocr_line' id='line_1_70' title="bbox 1870 1207 2054 1233; baseline 0.005 -7"><span class='ocrx_word' id='word_1_326' title='bbox 1870 1207 1931 1232; x_wconf 72' lang='lat' dir='ltr'><strong>gendi</strong></span> <span class='ocrx_word' id='word_1_327' title='bbox 1955 1208 1979 1226; x_wconf 74' lang='lat' dir='ltr'><strong>ud</strong></span> <span class='ocrx_word' id='word_1_328' title='bbox 2004 1212 2054 1233; x_wconf 78' lang='lat' dir='ltr'><strong>peo-</strong></span> 
     </span>
     <span class='ocr_line' id='line_1_71' title="bbox 1871 1238 2054 1263; baseline 0 -6"><span class='ocrx_word' id='word_1_329' title='bbox 1871 1238 1988 1263; x_wconf 69' lang='lat' dir='ltr'><strong>cessiones,</strong></span> <span class='ocrx_word' id='word_1_330' title='bbox 2000 1238 2054 1258; x_wconf 70' lang='lat' dir='ltr'><strong>alia-</strong></span> 
     </span>
     <span class='ocr_line' id='line_1_72' title="bbox 1871 1268 1961 1295; baseline -0.011 -6"><span class='ocrx_word' id='word_1_331' title='bbox 1871 1274 1909 1295; x_wconf 75' lang='lat' dir='ltr'><strong>que</strong></span> <span class='ocrx_word' id='word_1_332' title='bbox 1926 1268 1961 1294; x_wconf 51' lang='lat' dir='ltr'><strong>(ly.</strong></span> 
     </span>
    </p>
   </div>
   <div class='ocr_carea' id='block_1_11' title="bbox 1103 1803 2050 1954">
    <p class='ocr_par' dir='ltr' id='par_1_15' title="bbox 1103 1803 2050 1954">
     <span class='ocr_line' id='line_1_73' title="bbox 1105 1803 1555 1851; baseline 0.002 -15"><span class='ocrx_word' id='word_1_333' title='bbox 1105 1804 1315 1851; x_wconf 88' lang='lat' dir='ltr'><strong>praesentium</strong></span> <span class='ocrx_word' id='word_1_334' title='bbox 1340 1803 1555 1851; x_wconf 89' lang='lat' dir='ltr'><strong>probibemus.</strong></span> 
     </span>
     <span class='ocr_line' id='line_1_74' title="bbox 1152 1851 1849 1900; baseline 0 -13"><span class='ocrx_word' id='word_1_335' title='bbox 1152 1853 1171 1900; x_wconf 67' lang='lat' dir='ltr'>S</span> <span class='ocrx_word' id='word_1_336' title='bbox 1190 1856 1222 1887; x_wconf 91' lang='lat'><strong>8.</strong></span> <span class='ocrx_word' id='word_1_337' title='bbox 1239 1853 1345 1896; x_wconf 81' lang='lat' dir='ltr'><strong>Plane,</strong></span> <span class='ocrx_word' id='word_1_338' title='bbox 1356 1862 1388 1887; x_wconf 89' lang='lat' dir='ltr'><strong>ut</strong></span> <span class='ocrx_word' id='word_1_339' title='bbox 1404 1851 1849 1898; x_wconf 81' lang='lat' dir='ltr'><strong>liuiusuiodicongregationis</strong></span> 
     </span>
     <span class='ocr_line' id='line_1_75' title="bbox 1103 1899 2050 1954; baseline 0 -17"><span class='ocrx_word' id='word_1_340' title='bbox 1103 1903 1248 1937; x_wconf 83' lang='lat' dir='ltr'><strong>monachi</strong></span> <span class='ocrx_word' id='word_1_341' title='bbox 1269 1903 1298 1937; x_wconf 91' lang='lat' dir='ltr'><strong>in</strong></span> <span class='ocrx_word' id='word_1_342' title='bbox 1316 1904 1384 1937; x_wconf 60' lang='lat' dir='ltr'><strong>vita}</strong></span> <span class='ocrx_word' id='word_1_343' title='bbox 1403 1902 1565 1937; x_wconf 88' lang='lat' dir='ltr'><strong>bonestate</strong></span> <span class='ocrx_word' id='word_1_344' title='bbox 1588 1910 1618 1936; x_wconf 89' lang='lat' dir='ltr'><strong>ct</strong></span> <span class='ocrx_word' id='word_1_345' title='bbox 1631 1903 1726 1936; x_wconf 88' lang='lat' dir='ltr'><strong>odore</strong></span> <span class='ocrx_word' id='word_1_346' title='bbox 1750 1903 1849 1937; x_wconf 87' lang='lat' dir='ltr'><strong>bonae</strong></span> <span class='ocrx_word' id='word_1_347' title='bbox 1865 1899 2050 1954; x_wconf 50' lang='lat' dir='ltr'><strong>{ffssffgssfflffi}</strong></span> 
     </span>
    </p>
   </div>
   <div class='ocr_carea' id='block_1_12' title="bbox 111 1803 1061 1897">
    <p class='ocr_par' dir='ltr' id='par_1_16' title="bbox 111 1803 1061 1897">
     <span class='ocr_line' id='line_1_76' title="bbox 114 1803 1060 1860; baseline -0.002 -20"><span class='ocrx_word' id='word_1_348' title='bbox 114 1807 236 1860; x_wconf 53' lang='lat' dir='ltr'><strong>efstfetssfff</strong></span> <span class='ocrx_word' id='word_1_349' title='bbox 272 1803 418 1839; x_wconf 66' lang='lat' dir='ltr'><strong>abliteras</strong></span> <span class='ocrx_word' id='word_1_350' title='bbox 433 1805 707 1852; x_wconf 79' lang='lat' dir='ltr'><strong>congregationem</strong></span> <span class='ocrx_word' id='word_1_351' title='bbox 729 1804 896 1852; x_wconf 81' lang='lat' dir='ltr'><strong>praelatam</strong></span> <span class='ocrx_word' id='word_1_352' title='bbox 920 1804 959 1839; x_wconf 90' lang='lat' dir='ltr'><strong>ab</strong></span> <span class='ocrx_word' id='word_1_353' title='bbox 974 1805 1060 1839; x_wconf 89' lang='lat' dir='ltr'><strong>omni</strong></span> 
     </span>
     <span class='ocr_line' id='line_1_77' title="bbox 111 1844 1061 1897; baseline -0.001 -7"><span class='ocrx_word' id='word_1_354' title='bbox 111 1844 298 1893; x_wconf 50' lang='grc' dir='ltr'><strong>ιπῖῗαῖἓὲᾏέἷοῗι</strong></span> <span class='ocrx_word' id='word_1_355' title='bbox 310 1853 529 1889; x_wconf 86' lang='lat' dir='ltr'><strong>iurisdictione</strong></span> <span class='ocrx_word' id='word_1_356' title='bbox 547 1855 790 1897; x_wconf 85' lang='lat' dir='ltr'><strong>ordinariorum,</strong></span> <span class='ocrx_word' id='word_1_357' title='bbox 812 1863 840 1888; x_wconf 90' lang='lat' dir='ltr'><strong>et</strong></span> <span class='ocrx_word' id='word_1_358' title='bbox 857 1867 871 1889; x_wconf 87' lang='lat' dir='ltr'><strong>a</strong></span> <span class='ocrx_word' id='word_1_359' title='bbox 891 1854 1061 1889; x_wconf 83' lang='lat' dir='ltr'><strong>caritativis</strong></span> 
     </span>
    </p>
   </div>
   <div class='ocr_carea' id='block_1_13' title="bbox 113 1901 1060 1945">
    <p class='ocr_par' dir='ltr' id='par_1_17' title="bbox 113 1901 1060 1945">
     <span class='ocr_line' id='line_1_78' title="bbox 113 1901 1060 1945; baseline -0.001 -6"><span class='ocrx_word' id='word_1_360' title='bbox 113 1901 241 1924; x_wconf 71' lang='lat'><strong>‘¹⁶⁰⁸‘¹⁰‘¹¹&#39;¹¹</strong></span> <span class='ocrx_word' id='word_1_361' title='bbox 258 1902 296 1930; x_wconf 75' lang='lat'><strong>(²)-</strong></span> <span class='ocrx_word' id='word_1_362' title='bbox 309 1904 461 1939; x_wconf 89' lang='lat' dir='ltr'><strong>subsidiis</strong></span> <span class='ocrx_word' id='word_1_363' title='bbox 479 1916 514 1938; x_wconf 90' lang='lat' dir='ltr'><strong>ac</strong></span> <span class='ocrx_word' id='word_1_364' title='bbox 536 1905 687 1939; x_wconf 90' lang='lat' dir='ltr'><strong>omnibus</strong></span> <span class='ocrx_word' id='word_1_365' title='bbox 702 1904 852 1939; x_wconf 89' lang='lat' dir='ltr'><strong>oneribus</strong></span> <span class='ocrx_word' id='word_1_366' title='bbox 874 1904 1060 1945; x_wconf 85' lang='lat' dir='ltr'><strong>eximentes,</strong></span> 
     </span>
    </p>
   </div>
   <div class='ocr_carea' id='block_1_14' title="bbox 1879 1865 2049 1888">
    <p class='ocr_par' dir='ltr' id='par_1_18' title="bbox 1879 1865 2049 1888">
     <span class='ocr_line' id='line_1_79' title="bbox 1879 1865 2049 1888; baseline 0.012 -2"><span class='ocrx_word' id='word_1_367' title='bbox 1879 1865 1990 1887; x_wconf 61' lang='lat' dir='ltr'><strong>foeminae</strong></span> <span class='ocrx_word' id='word_1_368' title='bbox 2011 1872 2049 1888; x_wconf 80' lang='lat' dir='ltr'><strong>eo-</strong></span> 
     </span>
    </p>
   </div>
   <div class='ocr_carea' id='block_1_15' title="bbox 0 0 17 3251">
    <p class='ocr_par' dir='ltr' id='par_1_19' title="bbox 0 0 17 3251">
     <span class='ocr_line' id='line_1_80' title="bbox 0 0 17 3251; baseline 0 0"><span class='ocrx_word' id='word_1_369' title='bbox 0 0 17 3251; x_wconf 95' lang='lat' dir='ltr'><strong> </strong></span> 
     </span>
    </p>
   </div>
   <div class='ocr_carea' id='block_1_16' title="bbox 306 1953 1061 2549">
    <p class='ocr_par' dir='ltr' id='par_1_20' title="bbox 306 1953 1061 2549">
     <span class='ocr_line' id='line_1_81' title="bbox 309 1953 1061 2002; baseline 0 -14"><span class='ocrx_word' id='word_1_370' title='bbox 309 1953 369 1988; x_wconf 89' lang='lat' dir='ltr'><strong>sub</strong></span> <span class='ocrx_word' id='word_1_371' title='bbox 391 1961 496 1988; x_wconf 88' lang='lat' dir='ltr'><strong>nostra</strong></span> <span class='ocrx_word' id='word_1_372' title='bbox 519 1965 547 1989; x_wconf 90' lang='lat' dir='ltr'><strong>ct</strong></span> <span class='ocrx_word' id='word_1_373' title='bbox 570 1953 607 1988; x_wconf 92' lang='lat' dir='ltr'><strong>B.</strong></span> <span class='ocrx_word' id='word_1_374' title='bbox 633 1954 714 1989; x_wconf 83' lang='lat' dir='ltr'><strong>Petri</strong></span> <span class='ocrx_word' id='word_1_375' title='bbox 739 1954 933 2002; x_wconf 87' lang='lat' dir='ltr'><strong>protectione</strong></span> <span class='ocrx_word' id='word_1_376' title='bbox 956 1966 1061 1989; x_wconf 92' lang='lat' dir='ltr'><strong>susce-</strong></span> 
     </span>
     <span class='ocr_line' id='line_1_82' title="bbox 311 2002 1060 2051; baseline 0 -13"><span class='ocrx_word' id='word_1_377' title='bbox 311 2003 468 2050; x_wconf 83' lang='lat' dir='ltr'><strong>perimus,</strong></span> <span class='ocrx_word' id='word_1_378' title='bbox 495 2013 587 2051; x_wconf 87' lang='lat' dir='ltr'><strong>prout</strong></span> <span class='ocrx_word' id='word_1_379' title='bbox 623 2003 652 2038; x_wconf 91' lang='lat' dir='ltr'><strong>iu</strong></span> <span class='ocrx_word' id='word_1_380' title='bbox 689 2004 780 2039; x_wconf 89' lang='lat' dir='ltr'><strong>dictis</strong></span> <span class='ocrx_word' id='word_1_381' title='bbox 811 2003 907 2038; x_wconf 86' lang='lat' dir='ltr'><strong>literis</strong></span> <span class='ocrx_word' id='word_1_382' title='bbox 935 2002 1060 2050; x_wconf 85' lang='lat' dir='ltr'><strong>plenius</strong></span> 
     </span>
     <span class='ocr_line' id='line_1_83' title="bbox 308 2053 1060 2100; baseline 0.003 -14"><span class='ocrx_word' id='word_1_383' title='bbox 308 2053 501 2093; x_wconf 79' lang='lat' dir='ltr'><strong>continetur,</strong></span> <span class='ocrx_word' id='word_1_384' title='bbox 520 2066 652 2100; x_wconf 85' lang='lat' dir='ltr'><strong>quartun</strong></span> <span class='ocrx_word' id='word_1_385' title='bbox 677 2062 817 2088; x_wconf 83' lang='lat' dir='ltr'><strong>tenorem</strong></span> <span class='ocrx_word' id='word_1_386' title='bbox 839 2054 889 2088; x_wconf 83' lang='lat' dir='ltr'><strong>liic</strong></span> <span class='ocrx_word' id='word_1_387' title='bbox 913 2053 1060 2088; x_wconf 86' lang='lat' dir='ltr'><strong>volumus</strong></span> 
     </span>
     <span class='ocr_line' id='line_1_84' title="bbox 308 2101 1060 2150; baseline 0.001 -14"><span class='ocrx_word' id='word_1_388' title='bbox 308 2101 414 2137; x_wconf 87' lang='lat' dir='ltr'><strong>haberi</strong></span> <span class='ocrx_word' id='word_1_389' title='bbox 445 2114 500 2149; x_wconf 90' lang='lat' dir='ltr'><strong>pro</strong></span> <span class='ocrx_word' id='word_1_390' title='bbox 527 2102 720 2138; x_wconf 84' lang='lat' dir='ltr'><strong>sufficienter</strong></span> <span class='ocrx_word' id='word_1_391' title='bbox 746 2116 906 2150; x_wconf 80' lang='lat' dir='ltr'><strong>expresso,</strong></span> <span class='ocrx_word' id='word_1_392' title='bbox 935 2103 965 2137; x_wconf 92' lang='lat' dir='ltr'><strong>in</strong></span> <span class='ocrx_word' id='word_1_393' title='bbox 993 2103 1060 2137; x_wconf 88' lang='lat' dir='ltr'><strong>du-</strong></span> 
     </span>
     <span class='ocr_line' id='line_1_85' title="bbox 309 2151 1060 2200; baseline 0.003 -15"><span class='ocrx_word' id='word_1_394' title='bbox 309 2151 397 2186; x_wconf 90' lang='lat' dir='ltr'><strong>bium</strong></span> <span class='ocrx_word' id='word_1_395' title='bbox 421 2161 527 2198; x_wconf 81' lang='lat' dir='ltr'><strong>postea</strong></span> <span class='ocrx_word' id='word_1_396' title='bbox 543 2165 666 2187; x_wconf 74' lang='lat' dir='ltr'><strong>versum</strong></span> <span class='ocrx_word' id='word_1_397' title='bbox 689 2161 736 2187; x_wconf 82' lang='lat' dir='ltr'><strong>est</strong></span> <span class='ocrx_word' id='word_1_398' title='bbox 759 2157 871 2200; x_wconf 86' lang='lat' dir='ltr'><strong>(prout</strong></span> <span class='ocrx_word' id='word_1_399' title='bbox 894 2152 985 2188; x_wconf 90' lang='lat' dir='ltr'><strong>nobis</strong></span> <span class='ocrx_word' id='word_1_400' title='bbox 1008 2166 1060 2188; x_wconf 89' lang='lat' dir='ltr'><strong>re-</strong></span> 
     </span>
     <span class='ocr_line' id='line_1_86' title="bbox 308 2199 1059 2249; baseline 0.004 -14"><span class='ocrx_word' id='word_1_401' title='bbox 308 2199 403 2235; x_wconf 86' lang='lat' dir='ltr'><strong>latum</strong></span> <span class='ocrx_word' id='word_1_402' title='bbox 420 2202 536 2245; x_wconf 84' lang='lat' dir='ltr'><strong>extitit)</strong></span> <span class='ocrx_word' id='word_1_403' title='bbox 560 2215 598 2236; x_wconf 89' lang='lat' dir='ltr'><strong>an</strong></span> <span class='ocrx_word' id='word_1_404' title='bbox 622 2203 769 2249; x_wconf 85' lang='lat' dir='ltr'><strong>antiquos</strong></span> <span class='ocrx_word' id='word_1_405' title='bbox 793 2216 919 2243; x_wconf 77' lang='lat' dir='ltr'><strong>census,</strong></span> <span class='ocrx_word' id='word_1_406' title='bbox 940 2204 1059 2238; x_wconf 86' lang='lat' dir='ltr'><strong>ratione</strong></span> 
     </span>
     <span class='ocr_line' id='line_1_87' title="bbox 308 2251 1057 2288; baseline 0.004 -4"><span class='ocrx_word' id='word_1_407' title='bbox 308 2251 493 2286; x_wconf 78' lang='lat' dir='ltr'><strong>visitationis</strong></span> <span class='ocrx_word' id='word_1_408' title='bbox 536 2261 589 2287; x_wconf 87' lang='lat' dir='ltr'><strong>aut</strong></span> <span class='ocrx_word' id='word_1_409' title='bbox 636 2253 841 2287; x_wconf 76' lang='lat' dir='ltr'><strong>subiectionis</strong></span> <span class='ocrx_word' id='word_1_410' title='bbox 875 2253 1057 2288; x_wconf 81' lang='lat' dir='ltr'><strong>huiusmodi</strong></span> 
     </span>
     <span class='ocr_line' id='line_1_88' title="bbox 307 2300 1058 2348; baseline 0.004 -14"><span class='ocrx_word' id='word_1_411' title='bbox 307 2300 488 2346; x_wconf 86' lang='lat' dir='ltr'><strong>ordinariis,</strong></span> <span class='ocrx_word' id='word_1_412' title='bbox 517 2302 730 2345; x_wconf 80' lang='lat' dir='ltr'><strong>universitati,</strong></span> <span class='ocrx_word' id='word_1_413' title='bbox 756 2302 894 2348; x_wconf 80' lang='lat' dir='ltr'><strong>collegiis</strong></span> <span class='ocrx_word' id='word_1_414' title='bbox 916 2305 982 2337; x_wconf 85' lang='lat' dir='ltr'><strong>sive</strong></span> <span class='ocrx_word' id='word_1_415' title='bbox 1005 2316 1058 2337; x_wconf 86' lang='lat' dir='ltr'><strong>ca-</strong></span> 
     </span>
     <span class='ocr_line' id='line_1_89' title="bbox 307 2351 1058 2397; baseline 0.004 -13"><span class='ocrx_word' id='word_1_416' title='bbox 307 2351 424 2397; x_wconf 88' lang='lat' dir='ltr'><strong>pitulis,</strong></span> <span class='ocrx_word' id='word_1_417' title='bbox 441 2352 592 2387; x_wconf 86' lang='lat' dir='ltr'><strong>liactenus</strong></span> <span class='ocrx_word' id='word_1_418' title='bbox 606 2352 740 2396; x_wconf 80' lang='lat' dir='ltr'><strong>debitoS,</strong></span> <span class='ocrx_word' id='word_1_419' title='bbox 756 2353 942 2388; x_wconf 84' lang='lat' dir='ltr'><strong>monasteria</strong></span> <span class='ocrx_word' id='word_1_420' title='bbox 956 2352 1058 2387; x_wconf 88' lang='lat' dir='ltr'><strong>dictae</strong></span> 
     </span>
     <span class='ocr_line' id='line_1_90' title="bbox 306 2402 1058 2448; baseline 0.004 -14"><span class='ocrx_word' id='word_1_421' title='bbox 306 2402 558 2448; x_wconf 82' lang='lat' dir='ltr'><strong>congregationis</strong></span> <span class='ocrx_word' id='word_1_422' title='bbox 579 2403 617 2436; x_wconf 86' lang='lat' dir='ltr'><strong>de</strong></span> <span class='ocrx_word' id='word_1_423' title='bbox 635 2411 758 2436; x_wconf 76' lang='lat' dir='ltr'><strong>caetero</strong></span> <span class='ocrx_word' id='word_1_424' title='bbox 786 2403 905 2437; x_wconf 90' lang='lat' dir='ltr'><strong>solvere</strong></span> <span class='ocrx_word' id='word_1_425' title='bbox 927 2411 1058 2438; x_wconf 89' lang='lat' dir='ltr'><strong>tenean-</strong></span> 
     </span>
     <span class='ocr_line' id='line_1_91' title="bbox 308 2452 1057 2500; baseline 0.003 -15"><span class='ocrx_word' id='word_1_426' title='bbox 308 2458 370 2492; x_wconf 85' lang='lat' dir='ltr'><strong>tur;</strong></span> <span class='ocrx_word' id='word_1_427' title='bbox 385 2463 455 2497; x_wconf 88' lang='lat' dir='ltr'><strong>nos,</strong></span> <span class='ocrx_word' id='word_1_428' title='bbox 472 2452 610 2486; x_wconf 85' lang='lat' dir='ltr'><strong>volentes</strong></span> <span class='ocrx_word' id='word_1_429' title='bbox 628 2465 724 2499; x_wconf 84' lang='lat' dir='ltr'><strong>snper</strong></span> <span class='ocrx_word' id='word_1_430' title='bbox 741 2452 798 2486; x_wconf 86' lang='lat' dir='ltr'><strong>boc</strong></span> <span class='ocrx_word' id='word_1_431' title='bbox 821 2452 861 2486; x_wconf 89' lang='lat' dir='ltr'><strong>de</strong></span> <span class='ocrx_word' id='word_1_432' title='bbox 879 2460 1057 2500; x_wconf 90' lang='lat' dir='ltr'><strong>opportuno</strong></span> 
     </span>
     <span class='ocr_line' id='line_1_92' title="bbox 308 2501 1059 2549; baseline 0.001 -14"><span class='ocrx_word' id='word_1_433' title='bbox 308 2502 446 2537; x_wconf 89' lang='lat' dir='ltr'><strong>remedio</strong></span> <span class='ocrx_word' id='word_1_434' title='bbox 473 2501 658 2549; x_wconf 85' lang='lat' dir='ltr'><strong>providere,</strong></span> <span class='ocrx_word' id='word_1_435' title='bbox 685 2502 883 2537; x_wconf 85' lang='lat' dir='ltr'><strong>declaramus</strong></span> <span class='ocrx_word' id='word_1_436' title='bbox 914 2510 946 2537; x_wconf 86' lang='lat' dir='ltr'><strong>et</strong></span> <span class='ocrx_word' id='word_1_437' title='bbox 972 2503 1059 2536; x_wconf 86' lang='lat' dir='ltr'><strong>nibi-</strong></span> 
     </span>
    </p>
   </div>
   <div class='ocr_carea' id='block_1_17' title="bbox 306 2572 1055 2691">
    <p class='ocr_par' dir='ltr' id='par_1_21' title="bbox 306 2572 1055 2691">
     <span class='ocr_line' id='line_1_93' title="bbox 341 2572 1055 2609; baseline 0.001 -9"><span class='ocrx_word' id='word_1_438' title='bbox 341 2573 381 2609; x_wconf 81' lang='grc' dir='ltr'><strong>(ί)</strong></span> <span class='ocrx_word' id='word_1_439' title='bbox 397 2572 496 2601; x_wconf 88' lang='lat' dir='ltr'><strong>Concil.</strong></span> <span class='ocrx_word' id='word_1_440' title='bbox 513 2573 646 2605; x_wconf 60' lang='lat' dir='ltr'><strong>Trident„</strong></span> <span class='ocrx_word' id='word_1_441' title='bbox 665 2581 731 2600; x_wconf 82' lang='lat' dir='ltr'><strong>sess.</strong></span> <span class='ocrx_word' id='word_1_442' title='bbox 749 2581 778 2605; x_wconf 90' lang='lat' dir='ltr'><strong>n,</strong></span> <span class='ocrx_word' id='word_1_443' title='bbox 795 2581 854 2608; x_wconf 85' lang='lat' dir='ltr'><strong>cap.</strong></span> <span class='ocrx_word' id='word_1_444' title='bbox 874 2573 915 2606; x_wconf 85' lang='lat' dir='ltr'><strong>ll,</strong></span> <span class='ocrx_word' id='word_1_445' title='bbox 942 2577 968 2600; x_wconf 87' lang='lat' dir='ltr'><strong>et.</strong></span> <span class='ocrx_word' id='word_1_446' title='bbox 989 2582 1055 2601; x_wconf 87' lang='lat' dir='ltr'><strong>sess.</strong></span> 
     </span>
     <span class='ocr_line' id='line_1_94' title="bbox 306 2617 1055 2654; baseline 0 -9"><span class='ocrx_word' id='word_1_447' title='bbox 306 2625 455 2654; x_wconf 58' lang='lat' dir='ltr'><strong>nnnc-ap.</strong></span> <span class='ocrx_word' id='word_1_448' title='bbox 469 2619 510 2645; x_wconf 74' lang='lat'><strong>¹2.</strong></span> <span class='ocrx_word' id='word_1_449' title='bbox 531 2618 570 2654; x_wconf 74' lang='lat'><strong>(2)</strong></span> <span class='ocrx_word' id='word_1_450' title='bbox 583 2618 647 2646; x_wconf 84' lang='lat' dir='ltr'><strong>Vide</strong></span> <span class='ocrx_word' id='word_1_451' title='bbox 658 2618 754 2645; x_wconf 89' lang='lat' dir='ltr'><strong>Concil.</strong></span> <span class='ocrx_word' id='word_1_452' title='bbox 765 2617 895 2650; x_wconf 81' lang='lat' dir='ltr'><strong>Trident.,</strong></span> <span class='ocrx_word' id='word_1_453' title='bbox 907 2625 972 2646; x_wconf 82' lang='lat' dir='ltr'><strong>sess.</strong></span> <span class='ocrx_word' id='word_1_454' title='bbox 986 2626 1055 2651; x_wconf 79' lang='lat' dir='ltr'><strong>xxv,</strong></span> 
     </span>
     <span class='ocr_line' id='line_1_95' title="bbox 307 2664 487 2691; baseline 0.006 -1"><span class='ocrx_word' id='word_1_455' title='bbox 307 2670 330 2690; x_wconf 87' lang='lat' dir='ltr'><strong>c.</strong></span> <span class='ocrx_word' id='word_1_456' title='bbox 351 2664 378 2690; x_wconf 80' lang='lat' dir='ltr'><strong>tt</strong></span> <span class='ocrx_word' id='word_1_457' title='bbox 401 2667 428 2690; x_wconf 83' lang='lat' dir='ltr'><strong>et</strong></span> <span class='ocrx_word' id='word_1_458' title='bbox 445 2664 487 2691; x_wconf 76' lang='lat'><strong>¹4.</strong></span> 
     </span>
    </p>
   </div>
   <div class='ocr_carea' id='block_1_18' title="bbox 1099 1952 1905 2599">
    <p class='ocr_par' dir='ltr' id='par_1_22' title="bbox 1099 1952 1905 2599">
     <span class='ocr_line' id='line_1_96' title="bbox 1103 1952 1905 1999; baseline 0.001 -13"><span class='ocrx_word' id='word_1_459' title='bbox 1103 1952 1202 1986; x_wconf 84' lang='lat' dir='ltr'><strong>famae</strong></span> <span class='ocrx_word' id='word_1_460' title='bbox 1228 1952 1309 1999; x_wconf 86' lang='lat' dir='ltr'><strong>apud</strong></span> <span class='ocrx_word' id='word_1_461' title='bbox 1340 1952 1440 1987; x_wconf 88' lang='lat' dir='ltr'><strong>Deutn</strong></span> <span class='ocrx_word' id='word_1_462' title='bbox 1475 1961 1504 1987; x_wconf 90' lang='lat' dir='ltr'><strong>et</strong></span> <span class='ocrx_word' id='word_1_463' title='bbox 1537 1952 1681 1986; x_wconf 84' lang='lat' dir='ltr'><strong>homines</strong></span> <span class='ocrx_word' id='word_1_464' title='bbox 1719 1962 1905 1987; x_wconf 65' lang='lat' dir='ltr'><strong>consor-*ur-</strong></span> 
     </span>
     <span class='ocr_line' id='line_1_97' title="bbox 1103 2001 1848 2049; baseline 0 -13"><span class='ocrx_word' id='word_1_465' title='bbox 1103 2011 1227 2044; x_wconf 85' lang='lat' dir='ltr'><strong>veutur,</strong></span> <span class='ocrx_word' id='word_1_466' title='bbox 1249 2010 1276 2036; x_wconf 86' lang='lat' dir='ltr'><strong>et</strong></span> <span class='ocrx_word' id='word_1_467' title='bbox 1300 2003 1373 2049; x_wconf 91' lang='lat' dir='ltr'><strong>quia</strong></span> <span class='ocrx_word' id='word_1_468' title='bbox 1404 2002 1445 2037; x_wconf 89' lang='lat' dir='ltr'><strong>ibi</strong></span> <span class='ocrx_word' id='word_1_469' title='bbox 1467 2002 1590 2037; x_wconf 88' lang='lat' dir='ltr'><strong>cautius</strong></span> <span class='ocrx_word' id='word_1_470' title='bbox 1611 2010 1658 2036; x_wconf 82' lang='lat' dir='ltr'><strong>est</strong></span> <span class='ocrx_word' id='word_1_471' title='bbox 1679 2001 1848 2047; x_wconf 76' lang='lat' dir='ltr'><strong>agendum,</strong></span> 
     </span>
     <span class='ocr_line' id='line_1_98' title="bbox 1104 2051 1848 2099; baseline 0.001 -14"><span class='ocrx_word' id='word_1_472' title='bbox 1104 2051 1155 2086; x_wconf 92' lang='lat' dir='ltr'><strong>ubi</strong></span> <span class='ocrx_word' id='word_1_473' title='bbox 1182 2052 1282 2087; x_wconf 89' lang='lat' dir='ltr'><strong>maius</strong></span> <span class='ocrx_word' id='word_1_474' title='bbox 1299 2052 1440 2087; x_wconf 87' lang='lat' dir='ltr'><strong>imminet</strong></span> <span class='ocrx_word' id='word_1_475' title='bbox 1464 2051 1638 2099; x_wconf 83' lang='lat' dir='ltr'><strong>periculum</strong></span> <span class='ocrx_word' id='word_1_476' title='bbox 1661 2052 1848 2091; x_wconf 83' lang='lat' dir='ltr'><strong>animarum,</strong></span> 
     </span>
     <span class='ocr_line' id='line_1_99' title="bbox 1102 2100 1848 2148; baseline -0.001 -12"><span class='ocrx_word' id='word_1_477' title='bbox 1102 2101 1211 2136; x_wconf 86' lang='lat' dir='ltr'><strong>eadem</strong></span> <span class='ocrx_word' id='word_1_478' title='bbox 1246 2103 1430 2137; x_wconf 86' lang='lat' dir='ltr'><strong>anctoritate</strong></span> <span class='ocrx_word' id='word_1_479' title='bbox 1457 2103 1636 2139; x_wconf 74' lang='lat' dir='ltr'><strong>statuimus.</strong></span> <span class='ocrx_word' id='word_1_480' title='bbox 1658 2100 1742 2148; x_wconf 90' lang='lat' dir='ltr'><strong>quod</strong></span> <span class='ocrx_word' id='word_1_481' title='bbox 1772 2101 1848 2135; x_wconf 89' lang='lat' dir='ltr'><strong>nulli</strong></span> 
     </span>
     <span class='ocr_line' id='line_1_100' title="bbox 1103 2151 1848 2199; baseline 0.001 -14"><span class='ocrx_word' id='word_1_482' title='bbox 1103 2152 1267 2186; x_wconf 85' lang='lat' dir='ltr'><strong>bominum</strong></span> <span class='ocrx_word' id='word_1_483' title='bbox 1313 2151 1403 2187; x_wconf 89' lang='lat' dir='ltr'><strong>liceat</strong></span> <span class='ocrx_word' id='word_1_484' title='bbox 1445 2163 1662 2199; x_wconf 87' lang='lat' dir='ltr'><strong>quascumque</strong></span> <span class='ocrx_word' id='word_1_485' title='bbox 1700 2151 1848 2186; x_wconf 86' lang='lat' dir='ltr'><strong>mulieres</strong></span> 
     </span>
     <span class='ocr_line' id='line_1_101' title="bbox 1103 2202 1846 2249; baseline 0 -14"><span class='ocrx_word' id='word_1_486' title='bbox 1103 2202 1273 2243; x_wconf 85' lang='lat' dir='ltr'><strong>laicas,seu</strong></span> <span class='ocrx_word' id='word_1_487' title='bbox 1292 2202 1466 2249; x_wconf 85' lang='lat' dir='ltr'><strong>religiosas,</strong></span> <span class='ocrx_word' id='word_1_488' title='bbox 1481 2203 1710 2248; x_wconf 83' lang='lat' dir='ltr'><strong>cuiuscumque</strong></span> <span class='ocrx_word' id='word_1_489' title='bbox 1728 2202 1846 2241; x_wconf 84' lang='lat' dir='ltr'><strong>aetatis,</strong></span> 
     </span>
     <span class='ocr_line' id='line_1_102' title="bbox 1100 2251 1847 2299; baseline 0 -14"><span class='ocrx_word' id='word_1_490' title='bbox 1100 2260 1211 2292; x_wconf 83' lang='lat' dir='ltr'><strong>status,</strong></span> <span class='ocrx_word' id='word_1_491' title='bbox 1233 2252 1565 2299; x_wconf 80' lang='lat' dir='ltr'><strong>gradus,auctoritatis</strong></span> <span class='ocrx_word' id='word_1_492' title='bbox 1588 2251 1633 2285; x_wconf 89' lang='lat' dir='ltr'><strong>vel</strong></span> <span class='ocrx_word' id='word_1_493' title='bbox 1656 2251 1847 2286; x_wconf 86' lang='lat' dir='ltr'><strong>conditionis</strong></span> 
     </span>
     <span class='ocr_line' id='line_1_103' title="bbox 1100 2301 1846 2349; baseline -0.001 -14"><span class='ocrx_word' id='word_1_494' title='bbox 1100 2303 1253 2342; x_wconf 84' lang='lat' dir='ltr'><strong>existant,</strong></span> <span class='ocrx_word' id='word_1_495' title='bbox 1281 2303 1391 2349; x_wconf 84' lang='lat' dir='ltr'><strong>quavis</strong></span> <span class='ocrx_word' id='word_1_496' title='bbox 1427 2302 1592 2337; x_wconf 85' lang='lat' dir='ltr'><strong>occasione</strong></span> <span class='ocrx_word' id='word_1_497' title='bbox 1626 2301 1755 2343; x_wconf 80' lang='lat' dir='ltr'><strong>ducere,</strong></span> <span class='ocrx_word' id='word_1_498' title='bbox 1783 2301 1846 2335; x_wconf 90' lang='lat' dir='ltr'><strong>sive</strong></span> 
     </span>
     <span class='ocr_line' id='line_1_104' title="bbox 1101 2350 1845 2398; baseline -0.001 -13"><span class='ocrx_word' id='word_1_499' title='bbox 1101 2352 1178 2398; x_wconf 87' lang='lat' dir='ltr'><strong>ipsis</strong></span> <span class='ocrx_word' id='word_1_500' title='bbox 1201 2352 1387 2387; x_wconf 88' lang='lat' dir='ltr'><strong>mulieribus</strong></span> <span class='ocrx_word' id='word_1_501' title='bbox 1414 2351 1548 2397; x_wconf 76' lang='lat' dir='ltr'><strong>ingredi,</strong></span> <span class='ocrx_word' id='word_1_502' title='bbox 1576 2363 1631 2386; x_wconf 88' lang='lat' dir='ltr'><strong>seu</strong></span> <span class='ocrx_word' id='word_1_503' title='bbox 1659 2350 1845 2386; x_wconf 89' lang='lat' dir='ltr'><strong>commorari</strong></span> 
     </span>
     <span class='ocr_line' id='line_1_105' title="bbox 1102 2400 1846 2449; baseline -0.003 -13"><span class='ocrx_word' id='word_1_504' title='bbox 1102 2401 1179 2437; x_wconf 85' lang='lat' dir='ltr'><strong>inl&#39;ra</strong></span> <span class='ocrx_word' id='word_1_505' title='bbox 1196 2410 1283 2449; x_wconf 83' lang='lat' dir='ltr'><strong>septa</strong></span> <span class='ocrx_word' id='word_1_506' title='bbox 1307 2403 1567 2437; x_wconf 85' lang='lat' dir='ltr'><strong>monasteriorum</strong></span> <span class='ocrx_word' id='word_1_507' title='bbox 1592 2400 1747 2449; x_wconf 86' lang='lat' dir='ltr'><strong>praefatae</strong></span> <span class='ocrx_word' id='word_1_508' title='bbox 1769 2412 1846 2434; x_wconf 90' lang='lat' dir='ltr'><strong>con·</strong></span> 
     </span>
     <span class='ocr_line' id='line_1_106' title="bbox 1100 2452 1846 2499; baseline -0.004 -13"><span class='ocrx_word' id='word_1_509' title='bbox 1100 2452 1301 2498; x_wconf 82' lang='lat' dir='ltr'><strong>gregationis;</strong></span> <span class='ocrx_word' id='word_1_510' title='bbox 1329 2452 1414 2499; x_wconf 91' lang='lat' dir='ltr'><strong>quod</strong></span> <span class='ocrx_word' id='word_1_511' title='bbox 1437 2452 1461 2486; x_wconf 90' lang='lat' dir='ltr'><strong>si</strong></span> <span class='ocrx_word' id='word_1_512' title='bbox 1481 2453 1572 2486; x_wconf 89' lang='lat' dir='ltr'><strong>aliter</strong></span> <span class='ocrx_word' id='word_1_513' title='bbox 1588 2452 1722 2486; x_wconf 85' lang='lat' dir='ltr'><strong>scienter</strong></span> <span class='ocrx_word' id='word_1_514' title='bbox 1743 2458 1846 2484; x_wconf 90' lang='lat' dir='ltr'><strong>atten-</strong></span> 
     </span>
     <span class='ocr_line' id='line_1_107' title="bbox 1100 2500 1843 2548; baseline -0.005 -12"><span class='ocrx_word' id='word_1_515' title='bbox 1100 2509 1197 2536; x_wconf 86' lang='lat' dir='ltr'><strong>tatum</strong></span> <span class='ocrx_word' id='word_1_516' title='bbox 1226 2502 1330 2542; x_wconf 82' lang='lat' dir='ltr'><strong>l&#39;uerit,</strong></span> <span class='ocrx_word' id='word_1_517' title='bbox 1357 2505 1418 2536; x_wconf 84' lang='lat' dir='ltr'><strong>tam</strong></span> <span class='ocrx_word' id='word_1_518' title='bbox 1448 2502 1532 2548; x_wconf 87' lang='lat' dir='ltr'><strong>ipsae</strong></span> <span class='ocrx_word' id='word_1_519' title='bbox 1560 2500 1722 2538; x_wconf 79' lang='lat' dir='ltr'><strong>mulieres,</strong></span> <span class='ocrx_word' id='word_1_520' title='bbox 1749 2511 1843 2546; x_wconf 88' lang='lat' dir='ltr'><strong>quam</strong></span> 
     </span>
     <span class='ocr_line' id='line_1_108' title="bbox 1099 2551 1844 2599; baseline -0.008 -12"><span class='ocrx_word' id='word_1_521' title='bbox 1099 2564 1205 2586; x_wconf 87' lang='lat' dir='ltr'><strong>earum</strong></span> <span class='ocrx_word' id='word_1_522' title='bbox 1229 2551 1389 2592; x_wconf 88' lang='lat' dir='ltr'><strong>ductores,</strong></span> <span class='ocrx_word' id='word_1_523' title='bbox 1404 2552 1459 2586; x_wconf 87' lang='lat' dir='ltr'><strong>sed</strong></span> <span class='ocrx_word' id='word_1_524' title='bbox 1483 2560 1513 2586; x_wconf 90' lang='lat' dir='ltr'><strong>et</strong></span> <span class='ocrx_word' id='word_1_525' title='bbox 1540 2551 1597 2599; x_wconf 88' lang='lat' dir='ltr'><strong>ipsi</strong></span> <span class='ocrx_word' id='word_1_526' title='bbox 1621 2557 1844 2596; x_wconf 84' lang='lat' dir='ltr'><strong>receptatores,</strong></span> 
     </span>
    </p>
   </div>
   <div class='ocr_carea' id='block_1_19' title="bbox 1097 2617 1842 2698">
    <p class='ocr_par' dir='ltr' id='par_1_23' title="bbox 1097 2617 1842 2698">
     <span class='ocr_line' id='line_1_109' title="bbox 1134 2617 1842 2658; baseline -0.008 -8"><span class='ocrx_word' id='word_1_527' title='bbox 1134 2623 1173 2658; x_wconf 91' lang='lat' dir='ltr'><strong>(l)</strong></span> <span class='ocrx_word' id='word_1_528' title='bbox 1189 2622 1282 2656; x_wconf 88' lang='lat' dir='ltr'><strong>Quoad</strong></span> <span class='ocrx_word' id='word_1_529' title='bbox 1302 2623 1496 2658; x_wconf 86' lang='lat' dir='ltr'><strong>processiones,</strong></span> <span class='ocrx_word' id='word_1_530' title='bbox 1516 2621 1571 2648; x_wconf 81' lang='lat' dir='ltr'><strong>vid.</strong></span> <span class='ocrx_word' id='word_1_531' title='bbox 1594 2619 1692 2647; x_wconf 88' lang='lat' dir='ltr'><strong>Concil.</strong></span> <span class='ocrx_word' id='word_1_532' title='bbox 1710 2617 1842 2650; x_wconf 86' lang='lat' dir='ltr'><strong>Trident.‚</strong></span> 
     </span>
     <span class='ocr_line' id='line_1_110' title="bbox 1097 2664 1386 2698; baseline -0.003 -8"><span class='ocrx_word' id='word_1_533' title='bbox 1097 2671 1162 2690; x_wconf 87' lang='lat' dir='ltr'><strong>sess.</strong></span> <span class='ocrx_word' id='word_1_534' title='bbox 1180 2671 1251 2694; x_wconf 79' lang='lat' dir='ltr'><strong>xxv,</strong></span> <span class='ocrx_word' id='word_1_535' title='bbox 1268 2671 1325 2698; x_wconf 82' lang='lat' dir='ltr'><strong>cap.</strong></span> <span class='ocrx_word' id='word_1_536' title='bbox 1346 2664 1386 2689; x_wconf 78' lang='lat'><strong>¹3.</strong></span> 
     </span>
    </p>
   </div>
  </div>
 </body>
</html>
