2281 3251
106 278 171 306 VAn.
190 273 220 302 C.
240 273 305 301 ttt36

319 328 474 373 residere,
500 327 537 363 ad
572 327 768 363 audiendum
806 329 933 364 verbum
973 330 1067 370 illius,

318 390 484 413 causarum
507 377 687 412 turbinibus
702 378 934 424 perturbentur.
951 379 975 412 si
997 392 1069 413 con-

320 429 420 474 tingat
454 427 590 473 aliquem
619 426 726 461 literas
756 428 944 474 apostoliens
978 441 1068 462 com-

319 477 480 512 missorias
501 476 540 511 de
569 475 817 510 administranda
842 478 970 516 iustitia,
994 490 1069 511 exc-

318 525 448 561 cutione
483 524 641 565 facienda,
677 525 854 560 visitatione
881 527 1068 565 exercenda,

318 582 371 609 aut
385 576 444 609 alia
459 575 568 621 quavis
581 587 672 609 cansa
687 575 724 607 ad
739 574 874 622 aliquem
895 575 1067 621 praelatum

320 623 369 657 vel
391 623 581 658 ttionarltttm
597 623 687 658 dictae
709 626 965 670 congregationis
984 626 1069 659 dire·

319 681 396 712 ctas,
408 674 604 719 impetrasse,
621 671 678 706 nisi
695 671 1003 720 huicimlnltoexpre
1024 686 1068 710 se,

318 721 496 769 specialiter
533 729 563 755 et
598 722 782 756 nominatim
822 722 1003 767 derogetur,
1030 722 1068 756 ad

320 769 503 805 huiusmodi
524 782 646 810 causas,
671 771 777 804 talium
803 772 933 805 obtentu
960 771 1072 804 litera-

319 832 401 863 rum,
433 827 554 865 praeter
580 818 708 853 liberam
731 831 840 854 eorum
861 820 1070 858 voluntatem,

321 868 489 915 procedere
505 868 550 902 vel
564 869 738 910 casexequi
750 869 877 902 mininie
894 877 1068 902 teneantur.

321 917 432 951 indulti
461 917 642 951 liuiusmodi
672 925 779 951 tenore
807 916 1018 951 deceruimus.

368 966 388 1014 S
416 967 471 1000 44.
496 966 605 1009 Plane,
628 978 666 1000 ue
684 967 836 1012 praelatos
851 975 878 999 et
896 966 1071 999 mon-aelios

133 1022 304 1058 mmmm·
321 1015 501 1050 huiusmodi
535 1026 699 1050 causarum
728 1014 878 1060 strepitus
906 1015 1070 1061 inquit-tw,

121 1052 200 1106 2:22⁰
212 1052 347 1099 qu‘mmet
368 1064 407 1099 ab
429 1066 493 1100 otio
516 1073 625 1099 sancto
646 1064 795 1106 deducat,
820 1076 857 1098 ue
880 1064 951 1110 quis
986 1077 1072 1110 prae-

321 1113 410 1156 latos,
427 1113 598 1148 monachos
613 1121 643 1147 et
661 1125 810 1159 personas
831 1112 869 1146 (lc
890 1113 1069 1146 huiusmodi

320 1164 565 1209 congregatione
593 1161 697 1197 subire
720 1161 759 1196 de
780 1161 936 1196 calunniia
952 1170 982 1196 et
996 1163 1072 1196 veri-

322 1221 382 1247 tate
398 1211 530 1246 dicenda
547 1213 770 1251 iuramentum,
785 1210 889 1245 autad
905 1210 1070 1245 ferendum

321 1261 549 1300 testinnonium,
572 1272 774 1307 quacumque
798 1271 836 1294 ex
864 1272 958 1295 causa
981 1272 1073 1294 flom-

322 1310 413 1357 pellat
437 1310 561 1347 invitos..
584 1311 648 1344 sire
671 1319 754 1344 extra
778 1310 921 1344 civitates
936 1318 967 1343 et
989 1309 1073 1344 dioe-

322 1371 409 1394 ceses
430 1371 502 1394 suas
521 1359 635 1397 trabat,
657 1372 712 1393 seu
745 1359 775 1393 in
811 1371 865 1393 ens
888 1358 934 1392 vel
962 1370 1071 1393 eorum

322 1408 470 1455 aliquem,
518 1417 680 1455 propterea
723 1407 1072 1450 excommunicationis,

322 1458 369 1492 vel
392 1458 470 1493 alias
495 1470 647 1492 censurae
678 1470 733 1492 seu
759 1469 877 1504 poenae
900 1457 1073 1491 sententias

323 1506 461 1553 proferat
488 1519 543 1554 per
565 1507 671 1542 literas
686 1507 888 1554 Apo-tulicae
903 1505 1010 1546 Sedis,
1026 1507 1072 1541 vel

324 1557 497 1602 legatorum
521 1556 604 1600 eius,
629 1556 687 1590 nisi
713 1557 742 1590 in
765 1555 886 1591 eisdem
911 1556 1008 1590 literis
1035 1556 1074 1590 de

325 1605 506 1640 huiusmodi
535 1606 726 1652 indulgentia
745 1607 834 1652 plena
862 1614 891 1639 et
913 1617 1074 1653 expressa,

325 1666 361 1689 ac
382 1655 420 1690 de
438 1654 531 1690 verbo
549 1654 588 1690 ,td
603 1659 733 1690 vei-bum
751 1654 829 1690 facta
846 1655 938 1690 fucrit
959 1655 1075 1690 mentio

326 1703 485 1751 specialiae',
511 1704 621 1740 eadem
650 1706 836 1740 auctoritate
860 1705 1075 1750 indulgemus3

325 1754 676 1798 excommunicationis,
690 1754 911 1800 suspensionis
936 1763 966 1788 et
984 1755 1075 1788 inter·

326 1802 415 1842 dieti,
438 1811 468 1838 et
489 1802 566 1838 alias
591 1802 776 1847 sententias,
797 1805 822 1837 si
850 1815 929 1849 quas
963 1803 993 1836 in
1022 1815 1076 1838 eos

328 1851 373 1886 vel
402 1852 538 1899 aliquem
567 1864 676 1886 eorum
699 1860 808 1887 contra
830 1852 990 1886 indultum
1015 1851 1076 1887 hu-

328 1900 462 1935 iusmodi
475 1901 665 1948 promulgari
677 1901 857 1948 contigerit,
866 1901 1077 1937 decernentes

328 1952 540 1996 praesentium
564 1960 672 1986 tenore
689 1950 792 1985 irritas
809 1950 971 1985 etinaues.
987 1950 1078 1985 Prae-

329 1998 398 2033 latis
412 2008 441 2034 et
455 2000 618 2035 monacbis
631 2000 887 2047 congregationis
897 1999 1077 2047 praedictae,

329 2051 569 2091 monachorum,
591 2061 815 2085 conversorum
839 2057 869 2084 et
888 2050 1078 2085 commisso-

329 2114 397 2136 rum
412 2103 514 2150 ipsius
526 2103 781 2150 congregationis
795 2103 826 2138 in
840 2103 943 2138 causis
957 2115 1079 2138 eorum·

328 2155 399 2190 dem
426 2155 572 2192 civilibus
593 2165 624 2192 et
645 2157 864 2193 criminalibus
896 2157 1079 2193 testimonio

328 2207 427 2245 libere.
441 2218 471 2245 et
500 2209 582 2246 licite
598 2211 642 2246 uti
659 2222 764 2259 posse,
784 2219 893 2246 tenore
922 2223 1078 2259 praesen-

327 2262 404 2298 tium
429 2263 638 2300 declaramus.

377 2316 463 2365 515.
477 2317 638 2367 Quodque
651 2318 806 2366 praefatae
821 2319 1079 2366 congregationis

142 2379 179 2416 t·-
192 2385 245 2404 vno
267 2386 315 2402 mn·
330 2374 531 2414 monasteria,
546 2372 629 2408 bona
652 2372 778 2408 mobilia
800 2380 830 2407 et
850 2372 1034 2415 immobilia,
1050 2373 1078 2407 in

129 2412 315 2471 :iehlepliil'iiiii'f
329 2426 584 2474 quibuscumque
606 2426 785 2462 civitatibus
806 2434 836 2461 et
858 2427 948 2468 locis,
969 2427 1080 2474 quovis

130 2475 420 2531 2¹:1⁸5'0:‚'‚¹,¹,J³,⁰,‘,titulo
446 2482 611 2530 acquirere
637 2481 770 2528 possint·‚
790 2480 915 2528 petendi
933 2481 1027 2516 etiam
1052 2489 1082 2516 et

130 2538 206 2588 ¹:25¹·
231 2536 316 2563 ΡΜ·-
330 2534 477 2582 exigendi
500 2535 663 2571 monachis
685 2544 714 2570 et
731 2534 876 2582 personis
900 2534 1080 2570 huiusmodi

332 2590 467 2637 praefata
494 2589 574 2625 bona
603 2588 828 2636 undecumque
855 2588 901 2622 vel
930 2588 1083 2635 qualiter-

330 2655 467 2692 cumque
488 2644 535 2679 eis
560 2642 678 2688 debita,
696 2650 727 2678 et
745 2654 844 2690 quae,
859 2642 884 2677 si
904 2642 935 2676 in
958 2642 1083 2678 saeculo

411 2700 485 2731 Bull.
503 2699 578 2731 nom.
605 2699 658 2730 vol.
680 2699 709 2730 V.
945 2699 964 2729 4

950 275 1108 300 EUGENlUS
1135 276 1168 299 tv
1196 277 1243 300 l'l‘.

1763 271 1809 303 25

1110 334 1350 377 remansissent,
1366 333 1414 367 ius
1429 333 1553 380 petendi
1565 334 1748 381 etexigtendi
1767 335 1859 370 liabe-

1111 390 1197 426 rcut,
1213 383 1289 428 ipsis
1301 395 1409 417 eorum
1433 384 1630 417 monasteriis
1652 385 1857 431 acquirenda;

1111 444 1171 465 non
1200 432 1399 467 obstantibus
1432 432 1686 479 quibuscumque
1720 435 1858 474 statutis,

1110 481 1360 516 ordinationibus
1380 489 1409 516 et
1431 481 1566 515 decretis
1588 482 1728 516 cuiusvis
1756 484 1859 518 ecele-

1110 530 1252 565 siasticae
1291 530 1356 565 sive
1379 530 1550 565 saecularis
1579 542 1741 577 personae,
1765 543 1860 566 corn-

1111 579 1282 619 munitatis,
1305 580 1428 626 collegii
1464 580 1529 614 sive
1558 581 1779 624 universitatis,
1807 589 1859 615 aut

1110 627 1249 673 alterius,
1272 629 1504 676 cuiuscumque
1533 629 1661 675 gradus,
1683 638 1793 674 status,
1809 630 1859 664 di-

1110 677 1249 722 gnitatis,
1263 678 1354 712 ollicii
1370 686 1399 712 et
1421 678 1615 713 auctoritatis
1631 679 1752 718 existat,
1769 691 1860 726 prae-

1110 725 1247 759 sentium
1272 726 1432 761 literarum
1460 728 1540 762 serie
1561 728 1740 762 statuimus.

1160 773 1180 820 S
1204 777 1259 809 16.
1282 774 1460 815 Praeterea,
1483 788 1556 811 cum
1579 788 1673 824 saepe
1688 777 1860 823 contingat,
1888 791 2038 812 Confessionos

1111 822 1151 855 ob
1172 824 1372 858 devotionem
1396 838 1489 871 quam
1517 826 1554 859 ad
1576 825 1748 860 monachos
1776 838 1861 873 prae·
1875 823 2060 873 {ssdffifw'ssss'jgffi

1112 870 1190 906 fatae
1212 875 1467 919 congregationis
1503 875 1673 909 nonnullae
1707 886 1861 922 personae
1876 884 1960 919 oniba}
1975 890 2016 904 non
2028 889 2061 904 re—

1113 919 1225 955 liabent
1239 922 1444 967 singularem,
1455 923 1493 957 ad
1510 923 1662 969 praefatos
1678 924 1861 968 monachos,
1876 917 1974 934 ³⁴³''‘²¹¹⁵'

1113 981 1169 1016 pro
1204 982 1312 1004 earum
1337 971 1437 1006 salute
1464 974 1654 1013 animarum,
1687 985 1861 1015 recurrere3

1114 1031 1170 1052 nos
1195 1019 1333 1054 volentes
1356 1033 1465 1055 corum
1488 1021 1646 1056 devotioni
1670 1022 1861 1067 satisfacere,

1111 1076 1141 1102 et
1168 1068 1198 1101 in
1222 1067 1358 1103 favorem
1387 1069 1560 1115 Religionis
1587 1083 1623 1105 ac
1645 1071 1863 1106 observantiae

1113 1117 1276 1163 regularis,
1295 1119 1380 1165 quod
1399 1118 1489 1153 liceat
1506 1119 1688 1154 huiusmodi
1709 1122 1863 1167 personis,

1112 1166 1214 1201 dictae
1241 1169 1496 1214 congregationis
1522 1170 1690 1215 praelatos,
1705 1170 1772 1204 sive
1794 1182 1865 1205 mo-

1113 1216 1232 1250 naclios
1255 1216 1423 1264 deputatos
1444 1229 1460 1252 a
1483 1218 1552 1252 suis
1579 1218 1799 1265 superioribus
1826 1218 1863 1253 ad

1113 1265 1174 1299 aud
1190 1265 1308 1300 endum
1345 1267 1574 1311 confessiones,
1597 1267 1759 1311 accedere,
1787 1279 1866 1315 quas

1115 1316 1235 1361 possint
1269 1315 1379 1350 audire
1413 1316 1533 1363 absque
1567 1316 1670 1364 aliqua
1709 1317 1864 1351 dictarum

1115 1375 1322 1409 personarum
1357 1366 1559 1412 superiorum
1582 1365 1709 1400 licentia
1733 1375 1764 1401 et
1786 1378 1866 1401 con-

1114 1413 1315 1458 tradctioue,
1330 1426 1366 1449 ac
1380 1415 1425 1449 eis
1443 1415 1653 1450 absolutionis
1676 1415 1866 1450 beneficium

1115 1462 1296 1508 impendere
1311 1464 1350 1498 ab
1364 1464 1513 1499 omnibus
1531 1465 1679 1512 peccatiS,
1695 1473 1725 1499 et
1739 1464 1868 1512 dispen-

1115 1524 1184 1547 sare
1205 1525 1303 1559 super
1329 1525 1440 1548 ornnes
1463 1526 1567 1555 casus,
1592 1522 1714 1560 praeter
1736 1525 1770 1548 ea
1791 1526 1868 1561 pec-

1115 1570 1181 1596 cata
1205 1572 1235 1597 et
1257 1574 1312 1597 eos
1338 1574 1441 1603 casus,
1469 1563 1508 1598 de
1536 1563 1650 1610 quibus
1685 1563 1761 1610 ipsis
1783 1575 1868 1598 con-

1117 1611 1288 1646 fessoribus
1310 1612 1346 1647 ad
1371 1624 1482 1647 eorum
1506 1612 1684 1648 ordinarios
1712 1612 1869 1648 videbitur

1117 1662 1357 1706 recurrendum,
1379 1670 1432 1696 aut
1454 1662 1493 1697 de
1515 1662 1631 1710 quibus
1658 1671 1742 1697 esset
1768 1661 1868 1697 Sedes

1117 1711 1296 1757 Apostolica
1325 1712 1439 1746 merito
1460 1712 1668 1751 consulenda,
1694 1720 1723 1746 et
1745 1714 1792 1746 eis
1814 1712 1869 1746 mi-

1117 1761 1248 1795 nistrare
1290 1760 1507 1796 Eucharistiae
1549 1769 1795 1802 sam-amentum,
1830 1761 1869 1795 de

1117 1810 1263 1855 specialis
1286 1810 1371 1845 dono
1399 1811 1518 1856 gratiae
1539 1810 1719 1856 elargimur.

1165 1858 1186 1905 S
1204 1858 1353 1900 17.Quin
1363 1861 1471 1899 etiam,
1487 1872 1557 1894 cum
1574 1858 1749 1906 Religionis
1765 1859 1868 1894 favore
1896 1871 2005 1892 aefectum
2029 1877 2068 1891 na-

1117 1907 1269 1942 nonnulla
1288 1908 1513 1950 concedantur,
1532 1921 1613 1955 quae
1635 1909 1710 1943 alias
1727 1908 1868 1943 interdici
1882 1902 2067 1929 ⁸¹¹¹¹¹ffl¹³³¹¹⁰”¹⁰³

1883 1933 1907 1953 nd
1924 1938 1996 1953 sacros
2012 1933 2070 1952 ordi-

1118 1955 1230 2001 solent,
1245 1957 1342 2004 qnod,
1359 1958 1384 1992 si
1401 1959 1453 2004 qui
1470 1970 1506 1993 ex
1523 1958 1686 1993 monacbis
1697 1969 1869 2004 congrega·
1882 1968 1921 1983 ¹¹0³
1941 1966 1961 1983 0¹
1984 1963 2069 1998 ⁹¹³⁰&

1807 2008 1812 2012 ·
1883 1997 2069 2019 ΙΙΠΒΕΡΓΟΠῚΟὙὲΙῚ

1118 2005 1213 2041 tionis
1231 2007 1387 2054 praefatae
1404 2007 1561 2042 defectum
1582 2008 1730 2042 natalium
1751 2015 1871 2053 pattau—
1883 2028 1980 2052 „omna

1119 2062 1181 2099 tur,
1203 2056 1233 2089 in
1254 2057 1445 2091 monasterio
1459 2065 1561 2092 tamen
1578 2057 1654 2091 alias
1669 2055 1870 2091 laudabiliter

1118 2106 1306 2146 conversati,
1315 2106 1497 2141 liuiusmodi
1507 2106 1629 2141 defectu
1640 2118 1703 2142 non
1715 2105 1871 2145 obstante,

1119 2158 1156 2193 ad
1179 2170 1286 2194 sacros
1307 2159 1435 2195 ordines
1457 2168 1488 2194 et
1510 2159 1623 2205 officia,
1651 2159 1871 2207 praelationes,

1119 2211 1289 2260 dignitates
1301 2220 1331 2248 et
1343 2213 1480 2249 honores
1490 2213 1520 2248 in
1534 2225 1643 2249 eorum
1660 2213 1871 2254 monasteriis.

1121 2267 1203 2303 iuxta
1220 2267 1466 2303 constitutiones
1488 2278 1612 2309 eorum,
1628 2267 1725 2303 libere
1739 2276 1768 2302 et
1788 2267 1872 2302 licite

1120 2321 1242 2367 valeant
1271 2321 1460 2369 promoveri,
1484 2321 1719 2368 congregationi
1749 2333 1873 2356 memo·

1122 2384 1219 2417 ratae,
1247 2384 1355 2410 tenore
1379 2376 1603 2422 praesentium,
1632 2375 1846 2421 indulgemus.

1170 2430 1190 2477 S
1214 2432 1272 2465 18.
1294 2429 1443 2464 Volentes
1466 2430 1608 2476 insuper,
1631 2429 1715 2476 quod
1745 2427 1871 2475 praelati
1890 2439 2071 2468 praenimia„-

1121 2484 1375 2530 congregationis
1399 2482 1566 2530 praefatae,
1581 2483 1654 2517 licet
1677 2494 1793 2516 munus
1816 2481 1872 2515 be—
1884 2474 2071 2525 {{{„f'‘}‡,¹02f¹fj}fij

1124 2537 1313 2572 nedictionis
1330 2550 1391 2572 non
1408 2537 1599 2584 acceperint,
1619 2535 1748 2583 perinde
1767 2543 1870 2568 tamen
1886 2537 2019 2591 {ffrff‘fflfl‘
2034 2540 2071 2554 η’·

1124 2592 1312 2627 monasteria
1348 2591 1449 2638 ipsius
1480 2590 1732 2636 congregationis
1765 2599 1873 2634 regere

1123 2654 1154 2680 et
1176 2645 1407 2689 administrare,
1443 2656 1479 2679 ac
1501 2655 1611 2678 omnes
1633 2650 1720 2677 actus
1743 2642 1772 2676 in
1796 2642 1874 2689 ipsis

1876 283 1925 310 An.
1944 284 1972 311 C.
1985 285 2053 312 1436
