2281 3251
71 312 120 340 An.
137 312 165 339 C.
185 312 250 339 ¹:5¹8

80 914 178 936 namnum
193 914 250 941 passi

67 948 142 967 eontra
156 945 250 965 dominos

67 979 88 998 ει
112 977 251 996 communita-

67 1011 100 1029 tes
114 1007 208 1028 locorum
226 1013 251 1027 a-

69 1044 118 1066 gere
133 1039 221 1065 possint.

49 1653 52 1656 ’
80 1655 131 1676 Viae
163 1658 185 1675 ut
209 1655 251 1675 sint

67 1693 163 1711 securae,
177 1687 252 1707 latibu-

67 1718 87 1739 Ιι
101 1718 149 1738 huic
165 1718 214 1738 inde
231 1724 251 1737 a·

66 1751 197 1771 moveantur.

99 2485 210 2508 Decretum
224 2487 256 2508 ir-

71 2518 146 2538 ritans.

947 309 1008 332 LEO
1030 310 1052 332 X
1075 310 1123 332 PP-

265 365 404 410 stolicae,
423 364 487 412 qui,
507 364 675 411 diligenter
696 364 889 400 considerata
913 365 1011 412 quali-

267 423 326 451 tate
354 426 558 469 personarum
587 414 789 469 spoliitarnm
821 424 849 449 et
877 415 1010 450 ‹leroba-

266 475 391 507 tarum,
414 464 552 511 exposita
585 465 758 511 quantitate
793 464 945 499 furtorum
981 474 1010 500 et

264 514 333 549 aliis
354 514 599 548 circumstantiis
621 522 650 547 et
669 514 869 555 coniecturis,
885 522 1011 561 recepto

265 565 438 598 iuramento
461 563 598 610 ipsarum
622 575 824 609 personarum
852 543 1011 598 ‹leiobita-

265 626 334 648 rum
357 625 413 647 scu
441 621 667 653 mercatorum,
690 625 824 660 quorum
854 613 932 647 bona
956 613 1011 647 ab-

265 663 323 697 lata
345 662 531 706 existebant,
554 675 648 709 super
666 663 782 709 quibus
802 663 1009 709 praefatorum

265 712 509 759 praesidentium
529 720 557 746 et
579 712 765 747 clericorum
785 713 1009 747 conscientiam

264 774 444 805 oneramus,
471 761 588 796 furtum
613 770 642 796 et
665 762 733 797 eius
756 761 889 796 valorem
914 762 1012 796 decla-

265 823 332 846 rare
350 811 495 846 debeant.

312 861 332 908 S
355 863 387 895 4.
414 861 455 895 Et
477 860 560 908 quod
588 860 612 895 si
643 860 804 895 derobatio
824 873 878 896 seu
896 861 1010 894 furtum

265 911 295 945 in
337 910 515 945 confinibus
555 911 751 945 diversorum
784 911 1010 945 territoriorum

264 961 457 995 diversarum
486 961 747 995 communitatum
771 972 824 995 seu
853 960 1011 994 dominio-

264 1023 346 1050 rum,
370 1010 416 1044 vel
443 1011 528 1045 iuxta
563 1009 745 1044 huiusmodi
773 1009 914 1044 contines
948 1008 1011 1051 fiat,

264 1059 433 1095 derobatns
463 1068 571 1094 contra
598 1060 762 1095 dominum
787 1059 1010 1093 territoriorum

264 1109 493 1157 praedictorum
537 1118 566 1144 et
593 1109 872 1152 communitatem,
917 1120 1009 1155 quam

264 1167 294 1194 et
312 1171 405 1206 quem
425 1158 554 1205 elegerit
572 1159 610 1193 ad
624 1158 892 1205 recuperationem
904 1170 1009 1192 rerum

264 1208 324 1243 sibi
346 1208 537 1248 ablatarum,
559 1220 650 1254 agere
668 1207 777 1254 possit;
800 1215 830 1242 et
853 1207 950 1241 valeat
972 1206 1011 1241 ab

265 1258 398 1298 actione,
414 1270 507 1304 quam
531 1258 596 1304 ipse
618 1256 786 1292 ‹lerobatus
802 1256 1010 1295 intentaverit,

265 1307 438 1347 discedere,
461 1307 485 1341 si
514 1307 541 1340 ei
570 1306 732 1353 placuerit,
745 1315 774 1341 et
790 1314 897 1340 contra
914 1305 1010 1340 alium

264 1368 356 1403 agere
375 1356 458 1390 licite
477 1357 574 1402 possit
597 1359 680 1400 (cum
703 1355 821 1389 domini
837 1355 1009 1389 confinium

265 1404 507 1452 praedictorum,
534 1405 604 1440 illos
627 1418 688 1440 non
730 1404 952 1445 custodiendo,
981 1405 1010 1438 in

265 1454 446 1501 praemissis
467 1454 558 1502 culpa
584 1467 645 1490 non
674 1457 823 1497 careant),
855 1462 1011 1489 reservato

264 1513 368 1539 tamen
404 1504 536 1539 solventi
573 1505 640 1540 iure
667 1504 779 1552 agendi
803 1512 909 1539 contra
934 1516 1012 1539 con-

264 1562 426 1589 terminos.

313 1603 333 1651 S
353 1607 384 1638 5.
400 1603 441 1638 Et
463 1612 510 1648 ut,
525 1611 676 1651 quantum
693 1603 756 1638 fieri
781 1611 894 1650 potest,
910 1603 1013 1638 omnis

265 1653 390 1688 occasio
401 1655 560 1688 crassandi
577 1663 607 1689 et
622 1653 794 1689 derobandi
811 1653 932 1688 sublata
945 1666 1013 1688 esse

266 1702 419 1747 videatur,
443 1703 562 1738 eisdem
576 1713 661 1738 motu
675 1711 704 1738 et
716 1703 842 1737 scientia
857 1715 892 1738 ac
906 1712 1013 1738 tenore

266 1753 477 1800 praecipimus
499 1761 529 1788 et
555 1753 763 1793 mandamus,
790 1753 849 1787 sub
876 1752 1013 1787 duorum

266 1803 399 1837 millium
427 1802 614 1838 ducatorum
637 1802 789 1838 Gamerae
816 1802 1015 1849 Apostolicae

264 1852 524 1900 applicandorum
543 1853 652 1900 poenis
674 1852 843 1891 similibus,
866 1851 1015 1886 omnibus

265 1910 296 1937 et
322 1902 456 1948 singulis
483 1902 665 1943 antedictis,
690 1914 728 1936 ne
755 1901 856 1942 fures,
879 1901 1016 1936 latrones

265 1961 495 1987 etcrassatores
525 1953 554 1986 in
571 1952 663 2000 sylvis
683 1960 713 1986 et
735 1951 865 1998 sepibus
888 1951 1015 1986 latibula

267 2001 393 2041 saciant,
416 2013 455 2036 ne.
477 2002 517 2036 ibi
541 2015 574 2037 se
600 2001 792 2036 abscondere
815 2001 955 2048 possint,
984 2010 1016 2035 ut

268 2063 365 2098 prope
381 2051 444 2086 vias
468 2051 621 2097 publicas,
642 2052 788 2098 utrinque
809 2050 847 2085 ad
877 2051 1014 2085 medium

266 2100 411 2141 milliare,
430 2100 559 2135 arbores
581 2109 611 2135 et
633 2113 725 2148 sepes
751 2109 782 2135 et
797 2113 1017 2148 quaecumque

266 2154 394 2189 latibula
418 2154 556 2190 incidere
581 2167 636 2191 seu
668 2155 786 2199 incidi,
814 2168 848 2189 ac
872 2167 1018 2189 amovere

266 2221 322 2244 seu
336 2209 471 2244 amoveri
488 2216 518 2243 et
540 2210 689 2256 extirpari
714 2209 816 2244 facere
841 2209 918 2243 insi-a
940 2209 1019 2244 duos

268 2274 395 2297 menses
422 2274 438 2297 a
473 2262 524 2297 die
553 2263 774 2309 publicationis
802 2264 1018 2311 praesentium

267 2316 511 2363 computandos,
534 2327 564 2352 et
586 2318 629 2352 sic
650 2318 765 2352 incisas
787 2330 974 2353 conservare
990 2326 1021 2352 et

268 2378 474 2405 manutenere
496 2372 626 2406 omnino
642 2380 807 2406 teneantur
822 2381 852 2406 et
873 2371 1018 2406 debeant.

318 2428 333 2468 g
357 2425 390 2458 6.
413 2424 531 2472 Sit-que
560 2438 614 2472 per
636 2426 768 2460 elerii-os
790 2426 892 2460 dictae
906 2424 1020 2460 Came-

269 2491 320 2514 rae
344 2491 379 2514 ac
398 2492 618 2526 quoscumque
637 2480 714 2514 alios
744 2480 863 2515 iudices
885 2488 915 2514 et
933 2492 1021 2514 com-

271 2533 442 2574 missarios,
470 2534 561 2568 etiam
590 2534 623 2568 S.
652 2534 690 2568 R.
728 2534 763 2568 E.
792 2534 966 2568 cardinales
993 2543 1021 2568 et

271 2588 349 2622 sacri
378 2587 488 2622 Palatii
511 2587 685 2634 Apostolici
707 2600 872 2622 causarum
897 2588 1022 2622 audito-

273 2653 335 2686 res,
357 2641 485 2676 iudicari
509 2653 543 2675 ac
566 2640 690 2675 deliniri
714 2650 743 2675 et
770 2641 881 2688 exequi
911 2641 1022 2686 facere,

273 2696 393 2731 sublata
416 2696 461 2729 eis
483 2704 512 2729 et
547 2707 655 2729 eorum
679 2695 806 2730 cuilibet
834 2696 922 2730 aliter
945 2696 1024 2730 iudi-

352 2752 426 2782 Ball.
449 2752 525 2782 Rom.
548 2752 602 2782 Vol.
625 2752 652 2781 V.
864 2752 903 2783 90

1683 299 1753 331 715

1052 365 1142 400 caudi
1165 373 1195 400 et
1223 364 1445 412 interpretandi
1472 364 1631 407 facultate,
1655 363 1802 399 decerni-

1054 428 1124 449 mus
1147 415 1317 449 summaric
1339 423 1369 449 et
1387 414 1506 461 absque
1529 414 1632 449 iudicii
1657 414 1726 448 tela.

1102 464 1121 511 g
1145 468 1175 498 7.
1200 464 1384 499 Mandantes
1408 473 1572 510 propterca
1596 463 1714 498 eisdem
1738 462 1803 497 Ra-

1055 513 1175 560 pbaeli,
1198 515 1346 561 episcopo
1363 522 1392 548 ct
1409 514 1593 553 camerario,
1617 525 1652 547 ac
1676 513 1803 559 praesi-

1054 563 1201 597 dentibus
1220 572 1250 597 et
1273 564 1395 598 clericis
1420 575 1475 610 pro
1504 572 1646 610 tempore
1668 562 1803 597 existen-

1056 612 1151 652 tibus,
1182 620 1214 647 nt
1238 614 1407 658 praemissa
1431 613 1534 647 omnia
1558 620 1588 646 et
1610 612 1732 658 singula
1765 612 1804 646 ab

1055 662 1203 697 omnibus
1225 663 1448 697 inviolabiliter
1461 662 1617 697 observari
1635 661 1758 705 faciant,
1774 669 1804 696 et

1055 712 1315 746 contrafacientes
1341 712 1379 746 ad
1404 712 1527 746 illorum
1551 711 1801 746 observationem

1056 774 1109 808 per
1122 762 1317 808 supradictas
1335 774 1463 808 poenas,
1477 761 1560 796 iuxta
1575 761 1690 810 stylum
1704 761 1803 807 ipsius

1054 810 1216 851 Gamerae,
1232 811 1431 857 compellant.

1102 860 1122 907 g
1151 864 1180 894 7.
1209 860 1363 894 Volumus
1385 870 1488 896 autem
1524 859 1609 908 qnod
1646 872 1802 907 praesen-

1055 909 1130 943 tium
1160 910 1376 956 transumptis,
1410 923 1504 945 mann
1532 910 1624 944 unius
1652 910 1756 944 clerici
1773 918 1804 944 et

1056 960 1148 993 nnius
1161 960 1269 993 notarii
1284 960 1425 995 eiusdem
1441 960 1592 995 Gamerae
1604 959 1802 1005 subscriptis,

1054 1010 1162 1043 eadem
1193 1022 1320 1056 prorsus
1345 1010 1421 1044 tides
1451 1010 1578 1044 indubia
1602 1009 1804 1048 adhibeatur,

1053 1071 1132 1105 qnae
1157 1059 1373 1105 praesentibus
1403 1059 1629 1102 adhiberetur,
1652 1059 1676 1093 si
1699 1067 1805 1093 essent

1053 1107 1211 1143 exhibitae
1241 1109 1284 1142 vel
1308 1117 1462 1143 ostensae.

1103 1157 1185 1191 Nulli
1209 1170 1283 1201 ergo
1305 1166 1358 1192 etc.

1104 1207 1216 1241 Datum
1239 1206 1360 1242 Romae
1382 1207 1464 1254 apud
1492 1207 1526 1241 S.
1557 1207 1699 1246 Petrum,
1722 1218 1805 1241 anno

1053 1256 1279 1291 lucarnationis
1307 1256 1481 1291 dominicae
1518 1256 1683 1291 millesimo
1709 1256 1806 1303 quin-

1053 1306 1228 1352 gentesimo
1254 1306 1377 1340 decimo
1405 1314 1531 1349 octavo,
1560 1305 1702 1340 kalendis
1725 1318 1806 1352 sep-

1055 1355 1195 1397 tembris,
1221 1356 1420 1402 pontificatus
1443 1355 1540 1391 nostri
1563 1367 1645 1389 anno
1668 1366 1710 1389 vt.

1094 1418 1155 1448 Dat.
1172 1418 1219 1448 die
1235 1419 1248 1448 1
1269 1418 1443 1458 septembris
1460 1418 1546 1456 1518,
1563 1422 1638 1457 pont.
1655 1426 1732 1447 anno
1749 1425 1786 1446 vi.

1365 1569 1497 1605 XXXll.

1056 1655 1276 1699 Inquisitorum
1300 1653 1466 1686 haereticae
1483 1652 1649 1697 pravitatis
1674 1652 1808 1696 facultas

1105 1717 1158 1737 suo
1196 1704 1326 1737 arbitrio
1350 1703 1501 1748 puniendi
1525 1709 1550 1735 et
1576 1701 1679 1735 curiae
1704 1713 1808 1734 saecu-

1105 1754 1167 1787 lari
1187 1754 1330 1787 tradendi
1356 1759 1437 1786 testes
1474 1753 1630 1796 falsidicos
1654 1753 1688 1785 in
1708 1752 1808 1785 causis

1104 1804 1186 1849 fidei.

1326 1873 1541 1904 SUMMARIUM

1058 1936 1150 1968 Causa
1170 1937 1400 1968 constitutionis.
1426 1953 1465 1958 —
1487 1937 1513 1966 1.
1535 1936 1749 1975 Inquisitorum
1769 1936 1812 1966 sa-

1099 1982 1221 2012 cultates
1249 1981 1404 2011 coercendi
1433 1990 1533 2010 eorum
1559 1981 1680 2011 arbitrio
1713 1985 1741 2010 et
1762 1991 1812 2010 cu-

1098 2027 1160 2056 riae
1185 2025 1330 2056 saeculari
1351 2025 1483 2055 tradendi
1505 2030 1592 2055 testes
1612 2025 1762 2056 falsidicos
1781 2026 1811 2055 in

1100 2071 1198 2100 causis
1219 2070 1296 2100 fidei.
1312 2086 1351 2091 —
1368 2070 1395 2099 2.
1418 2069 1570 2108 Derogatio
1587 2071 1811 2100 contrariorum.

1059 2147 1109 2176 Leo
1130 2147 1201 2182 Papa
1215 2146 1238 2175 X
1255 2146 1356 2175 dilecto
1368 2145 1423 2174 filio
1439 2145 1572 2174 Hadriano
1589 2145 1668 2175 tituli
1681 2147 1720 2175 ss.
1734 2146 1812 2175 loan-

1103 2197 1147 2226 nis
1162 2198 1191 2225 οἵ
1208 2196 1292 2230 Pauli,
1312 2197 1470 2232 presbytero
1489 2196 1632 2224 cardinali.

1111 2264 1328 2300 Intelleximus
1346 2263 1431 2310 qnod
1460 2263 1490 2297 in
1508 2263 1660 2310 Hispania
1681 2263 1811 2298 ceteris-

1062 2332 1124 2367 que
1138 2320 1244 2366 reguis
1258 2318 1444 2354 etdomiuiis
1456 2317 1635 2353 carissimae
1646 2318 1674 2352 in
1685 2316 1811 2354 Christo

1063 2374 1145 2409 filiae
1160 2381 1284 2408 nostrae
1306 2372 1442 2407 loannae
1465 2372 1590 2417 reginae
1612 2381 1643 2407 et
1658 2373 1810 2407 carissimi

1064 2428 1096 2462 in
1123 2427 1250 2463 Christo
1277 2426 1332 2461 filii
1361 2425 1458 2460 nostri
1488 2425 1592 2461 Caroli
1621 2426 1706 2473 regis
1733 2426 1814 2461 His-

1064 2483 1174 2530 paniae
1197 2481 1419 2517 catholicorum
1448 2480 1559 2515 ditioni
1584 2481 1752 2525 subiectis,
1780 2482 1811 2516 iu

1064 2537 1180 2584 quibus
1204 2544 1235 2570 tu
1260 2535 1432 2570 baereticae
1458 2535 1617 2582 pravitatis
1645 2535 1812 2582 inquisitor

1065 2591 1231 2638 generalis.
1247 2602 1300 2637 per
1317 2589 1432 2624 Sedem
1452 2589 1664 2635 Apostolicam
1684 2589 1813 2636 deputa-

1067 2653 1128 2686 tus,
1151 2645 1270 2687 existh,
1288 2644 1374 2678 multi
1399 2644 1509 2691 perditi
1530 2643 1646 2689 ingenii
1669 2643 1813 2678 homines

1068 2699 1098 2733 in
1129 2699 1328 2743 testimoniis,
1355 2710 1433 2745 quae
1454 2697 1619 2745 perbibent
1641 2709 1736 2745 super
1751 2697 1814 2733 dic-

1818 309 1870 335 An.
1888 308 1916 334 C.
1934 308 2000 335 ¹5¹8

1843 480 1980 502 Executores.

1829 874 1889 895 fides
1901 877 2003 894 transum-

1820 909 1909 933 pteram.

1838 2273 1903 2294 Causa
1926 2273 2010 2293 consti-

1825 2306 1921 2326 tutionis.
