2281 3251
119 260 217 288 An.C.

236 261 302 287 ¹085

902 257 1113 282 INNOCENTH'S
1135 258 1195 281 vm
1216 258 1264 281 PP.

316 314 420 359 sonis,
442 313 636 349 diversorum
665 320 774 353 status,
796 312 914 359 gradus
935 322 965 347 et
988 326 1066 348 con-

317 363 458 407 ditionis,
493 362 648 409 aliquibus
675 374 783 397 eorum
817 362 1000 409 simpliciter
1036 371 1064 396 et

316 412 434 459 alisque
456 411 514 446 alia
538 423 642 456 causa,
661 419 691 446 et
705 411 875 457 aliquibus,
891 411 950 446 sub
972 413 1065 446 certis

316 460 552 497 conditionibus
579 469 652 495 tunc
685 461 840 507 expressis
868 464 955 508 (quas
988 473 1064 507 per-

316 522 410 546 sonae
433 518 462 545 et
489 510 538 545 alii
561 509 735 557 supradicti
758 510 930 556 adimplere
954 511 1065 556 promi-

315 568 432 604 serant,
456 559 501 594 vel
529 571 609 606 quae
633 571 687 606 per
708 571 762 594 eos
784 559 948 606 adimpleri
974 571 1064 593 man—

315 609 497 653 dabantur),
531 609 765 655 iuspatronatus
787 617 816 643 et
846 608 1062 656 praesentandi

314 670 369 694 seu
406 658 588 693 nominandi
618 670 767 704 personas
798 657 928 693 idoneas
949 657 986 692 ad
1017 658 1063 692 di-

315 720 401 743 versa
417 707 616 751 monasteria,
632 708 800 754 prioratus,
819 708 1063 754 praeposituras,

314 757 547 804 praepositatus
580 769 616 791 ac
637 757 714 791 alias
740 757 910 803 dignitates
930 768 1064 792 conven-

314 807 425 847 tuales,
448 819 483 841 ac
506 807 535 840 in
559 806 803 850 cathedralibus,
826 807 917 841 etiam
946 815 1063 841 metro-

312 856 474 903 politanis,
497 864 567 903 post
586 855 780 903 pontificales
794 856 939 895 maiores,
954 864 983 890 et
998 855 1062 890 col-

312 905 433 952 legiatis
468 905 609 940 ecclesiis
642 905 831 952 principales
857 913 1063 952 personatus,

312 955 613 994 administrationes
641 954 760 998 officia,
795 955 999 989 canonicatus
1034 961 1061 988 et

311 1004 519 1051 praebendas,
541 1013 726 1058 caeteraque
747 1003 899 1038 beneficia
918 1003 1063 1038 ecclesia-

311 1054 399 1098 stica,
422 1066 493 1088 cum
521 1065 595 1088 cura
618 1061 649 1088 et
675 1065 742 1088 sine
769 1064 858 1092 cura,
890 1051 1060 1087 saecularia

311 1112 341 1138 et
364 1103 528 1149 regularia,
547 1115 583 1138 ac
604 1102 769 1149 hospitalia
788 1111 819 1136 et
840 1101 897 1136 alia
916 1101 965 1155 pia
982 1101 1060 1145 loca,

311 1164 350 1187 ex
378 1161 452 1187 tunc
480 1151 631 1198 deinceps
659 1158 815 1194 vacatura,
839 1163 895 1198 pro
922 1162 967 1184 eis
1008 1162 1062 1186 eo-

312 1213 447 1249 rumque
478 1201 667 1236 haeredibus
695 1208 725 1235 et
758 1199 999 1234 successoribus
1032 1208 1062 1234 et

310 1251 386 1285 alias
401 1263 457 1286 seu
472 1251 541 1285 aliis
555 1250 658 1285 modis
673 1259 703 1285 et
718 1249 839 1289 formis,
854 1261 909 1295 per
922 1249 1062 1284 diversas

310 1311 417 1335 eorum
434 1300 552 1344 literas,
571 1300 600 1333 in
618 1307 805 1346 perpetuum
822 1299 869 1333 vel
885 1298 922 1332 ad
939 1307 1059 1334 certum

310 1357 437 1396 tempus
453 1356 701 1392 reservaverunt,
723 1355 947 1383 concesserunt
963 1355 992 1381 et
1014 1360 1061 1382 as-

310 1398 486 1444 signarunt.
501 1398 644 1440 Quorum
671 1398 765 1444 aliqui
789 1397 988 1432 conditiones
1010 1409 1061 1431 au-

309 1448 403 1494 gendi
426 1447 562 1483 valorem
584 1459 724 1482 annuum
752 1446 924 1486 fructuum,
948 1446 1060 1480 reddi-

311 1505 399 1531 tuum
414 1504 445 1532 et
460 1505 668 1544 proventuum
686 1496 817 1531 benefic.
836 1495 1058 1542 praedictorum

308 1546 347 1580 ad
369 1554 484 1581 certam
508 1558 666 1580 summam
689 1554 764 1580 tunc
785 1556 980 1591 expressam,
1003 1557 1057 1579 seu

309 1596 493 1642 reparandi,
516 1595 709 1630 instaurandi
727 1603 757 1629 et
776 1593 986 1629 reaedificandi
1012 1606 1060 1628 ec-

307 1644 430 1686 clesias,
454 1644 644 1691 illarumque
666 1652 842 1679 structuras
864 1651 895 1678 et
916 1642 1058 1678 aedificia

307 1693 345 1728 ad
380 1695 502 1728 ruinam
536 1693 720 1737 tendentia,
750 1693 796 1727 vel
826 1694 886 1727 iam
916 1692 1059 1727 funditus

307 1742 409 1778 diruta
433 1752 463 1778 et
483 1743 652 1782 destructa,
681 1743 718 1777 ad
747 1754 839 1789 quas,
862 1741 981 1776 ratione
1006 1754 1058 1776 re—

306 1793 503 1837 servationis,
530 1792 747 1827 concessionis
774 1799 804 1826 et
837 1791 1058 1837 assignationis

307 1841 536 1888 praedictarum
565 1841 765 1885 tenebantur,
793 1840 974 1875 nullatenus
1002 1853 1059 1875 cx-

306 1892 444 1925 ecutioni
479 1891 601 1926 debitae
639 1890 891 1930 demandarunt,
927 1897 958 1923 et
989 1890 1058 1924 aliis

307 1940 505 1975 conditiones
533 1939 712 1975 huiusmodi
748 1939 824 1973 adeo
847 1947 958 1973 tenues
992 1939 1058 1972 iiu-

308 1990 428 2036 positae
450 1989 589 2033 suerunt,
616 1989 699 2036 quod
728 1989 944 2027 monasteriis,
978 1989 1059 2034 prio-

308 2039 437 2079 ratibus,
458 2038 695 2086 praeposituris,
716 2037 992 2084 praepijisitatibus,
1013 2037 1059 2071 di-

306 2093 489 2139 gnitathus,
517 2092 754 2141 personatibus,
781 2092 1059 2126 administrationi-

306 2146 366 2182 bus
378 2155 408 2181 et
424 2147 544 2191 officiis,
563 2145 802 2181 canonicatibus
821 2153 852 2180 et
867 2145 1056 2192 praebendis,

306 2200 439 2247 aliisque
461 2200 623 2235 beneficiis
649 2212 686 2234 ac
711 2199 918 2246 hospitalibus
939 2206 969 2233 et
996 2199 1058 2246 piis

306 2253 384 2288 locis
411 2254 590 2302 praedictiS,
619 2265 711 2300 parva
736 2253 836 2300 potuit
862 2252 976 2287 exinde
1000 2253 1057 2287 uti-

307 2306 377 2343 litas
400 2308 574 2355 provenire3
597 2307 786 2354 quinimmo,
810 2305 895 2352 quod
918 2305 1057 2340 deterius

306 2368 365 2402 est,
388 2361 532 2396 nonnulli
552 2373 591 2396 ex
613 2360 755 2408 personis
771 2359 972 2406 supradictis,
990 2360 1058 2406 qui-

306 2414 367 2451 hus
401 2417 633 2464 iuspatronatus
668 2414 868 2458 huiusmodi,
900 2422 931 2448 ut
962 2426 1057 2460 prae-

306 2469 456 2515 mittitur,
481 2481 666 2505 concessum
689 2476 753 2510 est,
777 2467 1055 2508 monasteriorum,

307 2521 510 2569 prioratuum,
531 2523 833 2571 praepositurarum,
854 2521 1056 2568 dignitatum,

306 2586 552 2623 personatuum,
586 2576 907 2616 administrationum,
937 2575 1056 2610 officio-

308 2641 454 2678 rumque,
477 2632 718 2667 canonicatuum
741 2638 772 2664 οι
795 2628 1056 2677 praebendarum,

1738 248 1806 280 ΞΠ

1107 313 1303 360 aliorumque
1327 312 1554 347 beneficiorum
1582 323 1618 347 ac
1652 311 1855 359 hospitalium

1106 370 1136 397 et
1158 363 1282 409 piorum
1306 363 1446 397 locorum
1471 361 1700 408 praedictorum
1723 361 1855 402 fructus,

1108 412 1248 446 redditus
1271 420 1301 447 et
1328 419 1498 458 proventus
1519 422 1574 445 seu
1597 422 1705 445 eorum
1735 419 1854 457 partem

1108 462 1294 508 plerumque
1322 468 1487 507 usurpant,
1514 468 1544 494 et
1567 460 1596 494 iu
1624 471 1698 494 suos
1723 460 1856 495 damna-

1107 510 1184 544 biles
1223 523 1298 545 usus
1330 517 1539 551 convertunt,
1573 509 1656 556 quod
1695 517 1727 543 ut
1761 522 1854 544 corn-

1107 560 1230 594 modius
1264 560 1365 595 facere
1400 560 1536 607 possint,
1572 558 1610 593 ad
1643 560 1854 599 monasteria,

1107 609 1281 654 prioratus,
1316 609 1568 656 praeposituras,
1606 609 1854 654 praepositatus,

1105 658 1283 703 dignitates,
1321 666 1526 705 personatuS,
1553 657 1854 701 administrationes,

1105 707 1224 751 officia,
1247 708 1450 743 canonicatus
1482 715 1513 742 et
1535 706 1745 754 praebendas,
1779 707 1854 742 alia-

1105 768 1167 803 que
1191 756 1362 795 beneficia,
1391 769 1514 799 necnon
1549 755 1715 803 hospitalia
1744 764 1774 791 et
1803 757 1853 804 pia

1105 805 1171 840 loca
1195 806 1392 847 huiusmodi,
1416 817 1565 853 personas
1592 806 1700 840 minus
1724 805 1855 841 idoneas

1104 863 1134 889 et
1156 855 1195 890 de
1217 855 1345 901 quibuS,
1360 867 1415 901 pro
1429 867 1539 889 eorum
1564 854 1652 889 libito
1675 854 1855 899 voluntatis,

1104 904 1273 950 disponere
1307 912 1452 951 possunt,
1476 916 1570 951 saepe
1596 915 1729 939 numero
1763 916 1856 950 prae-

1104 961 1241 991 sentant,
1264 962 1294 988 et
1322 954 1351 988 in
1377 953 1438 988 illis
1461 953 1581 988 institui
1611 963 1793 1000 procurant,
1823 954 1853 987 in

1103 1014 1196 1048 grave
1229 1003 1519 1042 monasteriorum,
1548 1002 1738 1048 dignitatum
1770 1002 1856 1037 alio-

1104 1063 1237 1098 rumque
1266 1051 1493 1086 beneficiorum
1524 1062 1561 1085 ac
1591 1051 1792 1097 hospitalium
1825 1060 1855 1086 et

1104 1101 1225 1146 piorum
1267 1101 1409 1135 locorum
1451 1100 1681 1147 praedictorum
1722 1100 1854 1146 praeiu-

1103 1150 1218 1184 dicium
1258 1158 1288 1184 et
1326 1150 1575 1193 detrimentum,
1613 1150 1854 1197 animarumque

1102 1211 1231 1233 suarum
1255 1200 1454 1246 periculum,
1485 1199 1698 1246 perniciosum
1725 1211 1854 1246 quoque

1102 1248 1284 1295 exemplum
1314 1257 1343 1284 et
1369 1248 1552 1283 scandalum
1582 1247 1804 1303 plurimorum.

1151 1298 1218 1353 ἕρ..
1238 1297 1303 1332 Nos
1325 1297 1420 1343 igitur
1441 1296 1639 1332 attendentes
1655 1297 1752 1344 quod,
1768 1297 1853 1332 iuxta

1102 1347 1272 1382 canonicas
1294 1348 1489 1387 sanctiones,
1512 1347 1748 1401 iuspatronatus
1770 1358 1856 1401 prae-

1102 1396 1247 1431 sentandi
1264 1396 1300 1431 ad
1317 1396 1469 1442 regimina
1484 1396 1759 1435 monasteriorum,
1774 1395 1853 1442 prio-

1102 1454 1199 1489 ratus,
1223 1448 1456 1493 praeposituras
1471 1454 1500 1480 et
1522 1446 1598 1480 alias
1620 1445 1853 1489 conventuales

1869 1345 1885 1358 rt

1845 267 1850 272 ⁸
1877 258 1919 283 ln,
1939 258 1966 283 C.
1989 258 2052 284 {7⁸85

1883 1307 1996 1327 Revocatio
2020 1308 2053 1326 iu-

1889 1342 1981 1365 spatron.
2003 1344 2052 1358 con-

1870 1370 1990 1389 cessionum
2005 1376 2016 1389 a
2027 1369 2051 1389 25

1869 1406 1901 1420 an
1897 1401 1929 1420 iis
1951 1401 2004 1420 citra
2023 1400 2051 1420 la-

1869 1434 1959 1455 etarum,
1984 1432 2051 1457 quoad

1868 1462 1972 1482 beneficia
1981 1462 2052 1482 electi-

1101 1507 1222 1530 necnon
1246 1495 1277 1529 in
1300 1494 1534 1530 cathedralibus
1555 1502 1586 1529 et
1605 1494 1854 1541 metropolitanis
1869 1499 1899 1512 ’Ἣ-

1101 1552 1129 1578 et
1142 1544 1315 1590 collegiatis
1327 1544 1482 1585 ecclesiis,
1492 1543 1674 1579 huiusmodi
1687 1543 1853 1589 dignitates

1101 1593 1148 1636 (ad
1172 1606 1250 1640 quas
1278 1605 1430 1640 personae
1453 1593 1574 1628 idoneae
1596 1605 1652 1639 per
1678 1601 1852 1627 conventus

1100 1651 1129 1677 et
1152 1643 1285 1689 capitula
1310 1643 1432 1678 illarum
1455 1654 1509 1677 seu
1534 1642 1672 1681 illorum,
1695 1641 1771 1676 dum
1796 1654 1851 1689 pro

1101 1700 1243 1739 tempore
1268 1700 1389 1733 vacant,
1427 1692 1498 1738 eligi
1533 1694 1783 1733 consueverunt)
1821 1692 1850 1725 in

1101 1741 1214 1775 laicum
1238 1741 1325 1776 nullo
1347 1741 1441 1776 modo
1463 1740 1575 1776 cadere
1600 1748 1713 1787 potest,
1736 1740 1794 1774 nisi
1814 1752 1850 1774 ex

1100 1790 1226 1846 speciali
1250 1790 1344 1825 Sedis
1367 1790 1544 1837 praedictae
1566 1790 1745 1837 privilegio,
1767 1789 1850 1845 quod

1100 1840 1224 1874 nonnisi
1247 1851 1285 1874 ex
1313 1839 1458 1874 maximis
1479 1848 1509 1874 et
1536 1839 1723 1885 urgentibus
1748 1840 1852 1873 causis

1099 1889 1189 1923 alicui
1221 1901 1277 1935 per
1297 1888 1413 1923 Sedem
1438 1866 1593 1923 eamdemD
1609 1888 1740 1923 concedi
1767 1900 1851 1923 con—

1099 1939 1223 1979 suevit,
1257 1938 1408 1985 quodque
1441 1938 1534 1973 etiam
1562 1938 1756 1973 conveniens
1787 1949 1848 1972 non

1100 1987 1222 2023 videtur
1256 1987 1340 2034 quod
1367 1988 1603 2034 iuspatronatus
1629 1987 1666 2021 ad
1696 1986 1848 2021 beneficia

1099 2037 1309 2072 ecclesiastica
1340 2049 1397 2084 pro
1424 2036 1507 2071 nulla
1544 2048 1598 2071 seu
1625 2036 1683 2071 levi
1713 2044 1743 2070 et
1769 2035 1848 2070 facili

1099 2102 1193 2125 causa
1209 2091 1398 2137 acquiratur,
1420 2097 1450 2124 et
1473 2089 1656 2136 praesertim
1678 2101 1750 2124 cum
1774 2088 1852 2123 iuris

1098 2145 1189 2180 alieni
1205 2144 1416 2191 praeiudicio:
1433 2143 1583 2187 volentes,
1598 2154 1638 2177 ne
1659 2142 1752 2177 Sedis
1767 2154 1852 2189 prae-

1098 2198 1200 2234 dictae
1219 2199 1389 2233 auctoritas
1408 2205 1438 2232 et
1457 2197 1598 2232 locorum
1619 2196 1849 2231 ordinariorum

1098 2251 1296 2299 aliorumque
1318 2251 1502 2287 collatorum
1526 2258 1556 2285 et
1583 2250 1776 2285 collatricum
1800 2250 1850 2284 iu-

1099 2306 1238 2341 risdictio
1261 2314 1425 2353 propterea
1453 2305 1485 2339 in
1509 2304 1577 2339 dies
1600 2304 1792 2344 minuantur;
1814 2315 1849 2338 ac

1098 2361 1308 2400 monasteria,
1334 2359 1501 2405 dignitates
1537 2366 1569 2394 et
1599 2358 1657 2393 alia
1687 2358 1849 2398 beneficia,

1098 2414 1263 2461 hospitalia
1285 2421 1315 2448 et
1338 2413 1384 2459 pia
1413 2413 1480 2447 loca
1507 2412 1686 2459 supradicta
1710 2424 1746 2446 ex
1769 2423 1849 2446 con—

1097 2467 1294 2503 cessionibus
1316 2474 1347 2501 et
1368 2465 1634 2501 reservationibus
1657 2465 1848 2512 iurispatro-

1098 2529 1190 2556 uatus
1216 2520 1396 2556 huiusmodi
1425 2519 1613 2555 detrimenta
1641 2522 1744 2566 (prout
1775 2531 1848 2566 pro-

1098 2583 1203 2622 pterea
1219 2575 1388 2621 contingit)
1404 2574 1571 2621 patiantur3
1588 2585 1641 2608 seu
1658 2572 1846 2607 monasteria

1098 2637 1127 2666 et
1149 2629 1226 2664 aliae
1243 2628 1408 2674 dignitates
1426 2627 1586 2668 electivae,
1609 2639 1644 2662 ac
1660 2627 1704 2671 (in
1720 2625 1847 2674 quibus-
