2281 3251
231 262 280 288 Διι.
297 260 326 288 C.
345 260 411 288 15¹5

475 252 546 285 648

426 316 533 352 busvis
560 314 723 351 verborum
753 314 861 349 formis
887 321 916 348 et
950 311 1116 352 clausulis,
1138 323 1172 346 e-

426 368 499 402 tiam
519 366 784 412 derogatoriarum
808 363 1024 410 ‹lerogatoriis,
1051 370 1080 396 et
1106 360 1175 396 aliis

426 424 718 464 quantumcumque
757 413 934 448 fortissimis
968 420 997 446 et
1039 411 1175 446 insolitis

427 466 575 502 clausulis
609 477 663 511 per
697 476 755 498 nos
789 472 819 498 et
847 463 1108 509 praedecessores
1139 473 1176 496 ac

427 526 626 551 successores
657 522 780 548 nostros
816 512 977 547 Romanos
1005 510 1176 546 Pontifices

427 575 457 601 et
478 565 592 600 Sedem
615 564 757 598 eamdem
786 562 939 597 hactenus
962 561 1124 596 concessis
1146 569 1176 595 et

429 629 458 650 ιιι
482 623 641 662 posterum
669 612 900 653 concedendis;
927 611 1044 659 quibus
1071 611 1177 645 omni-

430 667 499 705 bus,
521 664 611 699 etiam
639 663 663 698 si
694 675 750 709 pro
777 662 900 697 illorum
929 660 1096 696 sufficienti
1119 660 1177 695 de-

430 714 589 762 rogatione
613 712 652 747 de
675 712 735 747 illis
769 723 944 759 eorumque
968 711 1040 745 totis
1064 710 1177 746 tenori-

429 765 487 800 bus
508 762 674 810 specialis,
695 762 841 810 specifica
857 789 864 802 ,
887 773 1036 808 expressa
1067 769 1097 796 et
1127 761 1172 795 in-

428 813 554 848 dividua
589 825 625 847 ac
660 814 699 847 de
734 812 830 847 verbo
853 811 891 846 ad
928 812 1088 855 verbum,
1116 823 1176 845 non

428 872 530 899 autem
553 875 607 910 per
620 861 777 897 clausulas
808 861 974 908 generales
1005 861 1087 896 idem
1118 861 1177 895 im-

429 921 610 961 portantes,
646 912 763 947 mentio
785 924 841 947 seu
863 912 993 959 quaevis
1025 912 1085 946 alia
1124 923 1179 945 ex-

429 963 548 1011 pressio
571 962 715 997 habenda
738 970 790 996 aut
817 962 921 1009 aliqua
949 961 1101 1009 exquisita
1122 960 1181 995 for-

431 1026 477 1048 ma
499 1012 537 1048 ad
560 1012 636 1048 haee
663 1012 816 1047 servanda
839 1011 935 1051 soret3
969 1021 998 1046 et
1028 1011 1088 1045 illis
1111 1010 1182 1045 nul-

430 1065 568 1108 latenus,
591 1070 643 1097 aut
687 1062 812 1096 nonnisi
835 1061 875 1096 de
897 1060 1088 1108 apostolicae
1117 1073 1181 1107 po-

432 1113 551 1149 testatis
573 1111 771 1160 plenitudiue
794 1111 938 1158 derogari
974 1111 1088 1158 possit3
1111 1110 1181 1146 illo-

430 1175 497 1198 rum
520 1162 661 1198 omnium
681 1171 819 1206 tenores,
846 1173 882 1196 ac
909 1161 934 1196 si
959 1161 997 1195 de
1019 1161 1115 1196 verbo
1142 1160 1180 1195 ad

431 1212 558 1247 verbum
587 1211 804 1260 praesentibus
840 1211 1070 1255 insererentur,
1094 1223 1182 1257 prae·

429 1262 572 1298 sentibus
602 1274 657 1309 pro
679 1261 873 1298 sufficienter
899 1261 1059 1309 expressis
1080 1270 1110 1295 et
1133 1261 1183 1294 iu-

430 1313 521 1348 sertis
548 1311 716 1353 babentes,
746 1311 807 1346 illis
828 1311 906 1346 alias
929 1312 959 1346 in
982 1323 1042 1347 suo
1070 1310 1183 1345 robore

433 1363 658 1409 permansuris,
681 1362 740 1397 liae
762 1362 831 1396 vice
853 1361 1030 1405 dumtaxat,
1053 1361 1183 1407 specia-

431 1412 501 1447 liter
538 1424 567 1447 et
602 1423 750 1459 expresse
790 1411 980 1458 derogamus
1017 1410 1184 1445 contrariis

431 1462 698 1510 quibuscumque.
722 1462 787 1497 Aut
813 1461 838 1496 si
865 1460 1065 1508 patriarchis,
1081 1460 1185 1495 arclii-

431 1513 589 1560 episcopis
616 1521 646 1547 et
679 1512 750 1547 aliis
784 1512 975 1552 ordinariis,
1010 1522 1185 1558 eorumque

431 1562 618 1598 officialibus
639 1571 670 1598 et
685 1562 822 1607 vicariis,
844 1562 1019 1606 canonicis,
1041 1568 1072 1595 et
1093 1572 1186 1596 occu-

432 1612 607 1661 patoribus,
629 1611 848 1648 detentoribus
883 1620 913 1647 et
947 1610 1188 1647 iniuriatoribus

433 1661 580 1711 praefatis
602 1662 648 1697 vel
676 1662 841 1710 quibusvis
868 1662 952 1706 aliis,
974 1661 1187 1697 communiter

433 1712 479 1748 vel
503 1711 687 1756 divisim,ab
708 1712 820 1748 eadem
843 1712 882 1747 sit
904 1711 990 1747 Sede
1023 1711 1184 1746 indultum

434 1761 519 1811 quod
543 1762 702 1807 interdici,
724 1761 875 1809 suspendi
901 1762 949 1797 vel
972 1760 1188 1797 excommuni-

436 1813 511 1857 cari,
533 1821 586 1847 aut
608 1820 693 1847 extra
722 1812 768 1846 vel
793 1812 871 1847 ultra
895 1821 979 1847 certa
1001 1811 1067 1847 loca
1083 1811 1120 1845 ad
1138 1811 1188 1845 iu-

436 1861 553 1898 dicium
581 1862 703 1898 evocari
732 1874 794 1896 non
824 1862 945 1908 possint
986 1874 1043 1909 per
1079 1861 1186 1896 literas

437 1913 625 1959 apostolicas
648 1924 708 1946 non
733 1912 884 1947 facientes
908 1912 1032 1958 plenam
1065 1919 1097 1945 et
1131 1923 1189 1946 ex-

438 1975 577 2010 pressam
611 1974 647 1997 ac
669 1961 707 1996 de
731 1962 826 1997 verbo
853 1961 891 1996 ad
915 1962 1043 1997 verbum
1072 1961 1110 1995 de
1138 1961 1190 1995 in-

438 2012 524 2047 dulto
546 2011 731 2047 huiusmodi
759 2020 790 2046 et
811 2024 920 2047 eorum
943 2012 1098 2059 pei-souis,
1113 2011 1190 2045 locis

439 2070 469 2098 et
494 2062 680 2103 Ordinibus,
709 2062 830 2097 militiis
858 2070 888 2096 et
913 2061 1095 2096 nominibus
1118 2073 1191 2107 pro-

441 2117 517 2165 priis
545 2118 750 2159 mentionem,
781 2125 811 2152 et
843 2116 982 2164 qualibet
1004 2116 1064 2152 alia
1087 2115 1191 2151 dictae

440 2171 533 2207 Sedis
560 2171 754 2219 indulgentia
786 2171 923 2218 generali
960 2170 1005 2206 vel
1034 2170 1191 2217 speciali,

441 2226 667 2273 cuiuscumque
695 2226 813 2261 tenoris
847 2225 979 2269 existat,
1017 2237 1071 2272 per
1097 2238 1191 2272 quam

443 2280 662 2330 praesentibus
699 2293 759 2315 non
784 2292 964 2328 expressam
988 2280 1033 2314 vel
1057 2279 1193 2315 totaliter

445 2347 506 2371 uon
524 2336 684 2374 insertam,
697 2334 852 2370 dictorum
877 2334 1191 2382 archiepiscoporum

445 2398 474 2426 et
496 2390 626 2425 aliorum
656 2398 912 2425 conservatorum
937 2402 992 2437 per
1014 2398 1194 2436 praesentes

445 2445 665 2493 deputatorum
701 2444 931 2479 iurisdictionis
970 2442 1128 2490 expeditio
1164 2443 1195 2477 in

446 2500 505 2536 hac
535 2507 621 2547 parte
651 2499 749 2534 valeat
775 2498 1015 2546 quomodolibet
1038 2497 1196 2546 impediri,

447 2563 478 2590 et
499 2554 537 2590 de
558 2566 619 2602 qua
641 2553 795 2601 cuiusque
827 2562 892 2589 toto
915 2562 1022 2589 tenore
1040 2552 1078 2587 de
1103 2551 1197 2587 verbo

449 2608 485 2643 ad
509 2609 638 2644 verbum
669 2608 811 2645 habenda
838 2609 879 2643 sit
901 2608 931 2642 in
955 2607 1072 2644 nostris
1099 2606 1199 2641 literis

451 2663 568 2700 mentio
591 2662 747 2711 specialis.

1004 257 1191 282 nummum
1212 256 1377 280 Romanum

1264 314 1280 354 ἓ
1307 312 1339 345 8.
1363 308 1531 345 Caeterum
1561 310 1716 351 volumus,
1732 323 1768 346 ac
1783 311 1970 346 auctoritate

1217 369 1247 396 et
1263 369 1373 395 tenore
1389 359 1559 407 praedictis
1581 360 1784 396 decernimus
1802 360 1886 409 quod
1901 361 1970 408 qui-

1218 410 1564 445 libetconservatorum
1588 422 1643 457 per
1666 419 1848 457 praesentes
1870 410 1972 457 depu-

1218 469 1353 495 tatorum
1379 460 1527 507 prosequi
1555 461 1653 495 valeat
1676 460 1856 500 articulum,
1878 461 1972 496 etiam

1219 523 1274 558 per
1295 509 1390 545 alium
1420 510 1622 554 inchoatum,
1649 510 1794 557 quamvis
1816 510 1900 546 idem
1925 510 1974 545 in-

1218 561 1337 596 choans
1360 559 1446 594 nullo
1469 560 1560 595 fuerit
1577 559 1804 606 impedimento
1819 560 1973 595 canonico

1220 610 1447 658 praepeditus3
1474 609 1623 658 quodque
1637 622 1653 644 a
1667 609 1736 644 data
1760 610 1972 657 praesentium

1219 661 1258 695 sit
1280 660 1398 695 eisdem
1422 659 1710 700 conservatoribus,
1727 672 1782 707 per
1794 667 1976 708 praesentes

1219 710 1389 757 deputatis,
1406 719 1436 745 et
1451 721 1559 745 eorum
1574 709 1715 752 cuilibet,
1741 710 1770 744 in
1793 709 1976 756 praemissis

1220 760 1369 795 omnibus
1396 768 1426 796 et
1448 771 1557 794 eorum
1571 758 1853 806 singulis,coeptis
1869 768 1899 794 et
1912 771 1975 794 non

1220 811 1364 858 coeptis,
1402 809 1622 858 praesentibus
1644 817 1674 843 et
1708 808 1836 849 suturis.
1864 818 1894 845 et
1923 820 1979 857 pro

1223 860 1391 908 praedictis
1420 859 1603 908 procedere,
1626 871 1662 893 ac
1683 860 1709 894 si
1733 859 1893 906 praedicta
1910 870 1980 894 om-

1223 911 1271 946 nia
1301 918 1332 945 et
1353 910 1477 957 singula
1493 921 1599 944 coram
1629 910 1677 944 eis
1697 917 1809 954 coepta
1832 909 1981 950 fuissent,

1222 970 1252 996 et
1271 960 1448 995 iurisdictio
1464 972 1574 994 eorum
1591 967 1621 994 et
1635 959 1806 995 cuiuslibet
1823 971 1933 995 eorum
1950 959 1980 993 in

1224 1010 1395 1059 praedictis
1417 1009 1569 1045 omnibus
1591 1018 1622 1043 et
1649 1021 1760 1044 eorum
1777 1010 1911 1057 singulis
1927 1021 1982 1056 per

1225 1061 1480 1108 praeventionem
1506 1059 1553 1093 vel
1579 1059 1710 1094 modum
1741 1059 1839 1094 alium
1872 1070 1983 1107 perpe-

1224 1119 1308 1146 tuata
1318 1110 1459 1158 legitime
1471 1109 1638 1150 extitisset,
1648 1109 1877 1145 constitutione
1895 1120 1983 1156 prae-

1224 1162 1305 1196 dicta
1333 1172 1430 1208 super
1451 1159 1729 1195 conservatoribus
1756 1168 1787 1194 et
1813 1159 1872 1194 alia
1900 1170 1982 1207 quo-

1225 1210 1401 1246 modolibet
1424 1210 1453 1244 in
1476 1222 1592 1257 genere
1619 1209 1702 1244 edita
1725 1221 1789 1244 uon
1812 1209 1970 1245 obstante.

1274 1261 1294 1308 g
1316 1264 1349 1295 9.
1374 1260 1412 1295 Ei
1434 1260 1506 1308 quia
1529 1259 1658 1295 difficile
1677 1259 1756 1294 foret
1778 1266 1832 1294 ecc.

1274 1310 1360 1346 Nulli
1384 1322 1460 1356 ergo
1479 1317 1531 1345 etc.

1275 1360 1391 1396 Datum
1415 1360 1536 1395 Romae
1563 1359 1645 1406 apud
1673 1359 1825 1395 Sanctum
1841 1358 1984 1402 Petrum,

1226 1423 1309 1446 anno
1337 1410 1567 1446 Incaruationis
1595 1409 1778 1444 dominicae
1814 1408 1984 1444 millesimo

1227 1460 1483 1509 quingentesimo
1509 1459 1738 1503 sextodecimo,
1763 1462 1808 1494 14
1831 1457 1984 1495 kalendas

1228 1512 1310 1552 iulii,
1336 1511 1540 1558 pontificatus
1564 1510 1664 1546 nostri
1683 1521 1767 1545 anno
1788 1521 1834 1544 ιν.

1281 1573 1342 1604 Dat.
1362 1573 1410 1604 die
1429 1573 1465 1604 18
1484 1573 1559 1604 iunii
1578 1573 1664 1609 1516,
1684 1571 1786 1612 pontif.
1801 1580 1878 1602 anno
1894 1580 1931 1602 iv.

1557 1747 1655 1784 XVII.

1233 1833 1348 1867 Contra
1368 1832 1552 1879 offendentes
1585 1830 1722 1874 aliquem
1752 1841 1792 1863 ex
1817 1829 1852 1862 S.
1882 1829 1920 1862 R.
1946 1828 1986 1863 E.

1279 1882 1493 1916 cardinalibus
1519 1881 1564 1914 vel
1594 1880 1656 1913 eius
1683 1880 1809 1912 domum
1837 1878 1989 1912 inuaden-

1281 1940 1344 1971 tes,
1368 1934 1460 1966 etiam
1483 1938 1614 1976 tempore
1635 1930 1808 1968 conclavis,
1832 1935 1887 1963 aut
1908 1928 1990 1963 bona

1281 1983 1413 2016 eiusdem
1434 1982 1622 2027 diripientes,
1647 1991 1811 2024 eorumque
1833 1979 1990 2025 complices

1282 2040 1309 2067 ec
1330 2033 1478 2077 fautores.

1503 2109 1719 2141 SUMMARIUM

1234 2180 1403 2212 Exordium.
1424 2195 1464 2202 -—
1480 2177 1574 2209 Causa
1598 2177 1830 2208 constitutionis.
1847 2192 1886 2199 —
1900 2174 1928 2206 2.
1944 2174 1993 2206 ln-

1274 2226 1389 2256 novatio
1412 2221 1766 2255 constitutionisllonorii
1789 2220 1826 2251 111
1852 2225 1880 2251 et
1902 2219 1992 2250 Boni·

1276 2268 1428 2300 saciiVlll.
1446 2268 1522 2299 -3.
1540 2267 1676 2298 Exleiisio
1695 2266 1731 2296 ad
1753 2265 1924 2296 invadentes
1943 2264 1993 2294 do·

1276 2324 1339 2345 mos
1358 2314 1500 2344 cardinal.
1514 2330 1554 2336 —
1564 2313 1592 2343 4.
1606 2312 1757 2351 Derogatio
1769 2310 1992 2341 contrariorum.

1276 2377 1314 2383 —
1334 2359 1451 2390 Sanctio
1469 2358 1612 2398 poenalis.

1237 2438 1286 2467 Len
1305 2437 1447 2474 episcopus
1467 2441 1561 2465 servus
1589 2440 1730 2463 servorum
1745 2432 1809 2465 Dei,
1835 2433 1869 2462 ad
1897 2439 1991 2469 perpe·

1283 2489 1362 2516 tuam
1384 2487 1426 2516 rei
1443 2484 1614 2518 memoriam.
1635 2489 1713 2513 sacro
1732 2482 1901 2520 approbante
1925 2481 1993 2510 cou-

1284 2538 1357 2566 cilio.

1289 2610 1543 2645 Temerariorum
1566 2606 1792 2655 quorumdam,
1819 2604 1873 2652 qui
1901 2604 1936 2640 S.
1953 2603 1993 2640 R.

1241 2660 1280 2695 E.
1308 2660 1495 2709 praecipuas
1535 2657 1709 2695 catholicae
1742 2654 1907 2692 Ecclesiae
1938 2666 1996 2692 co·

1985 257 2034 282 Διι.
2051 253 2170 282 erist·

1992 315 2112 338 Facultates
2121 321 2171 337 eon-

1985 351 2117 369 Gervdlosslm
2130 353 2173 368 lm·

1986 379 2045 406 phun

2019 1269 2165 1296 transumpti·

2022 1301 2080 1323 erodi
2095 1298 2162 1323 lubet.

2040 2617 2161 2641 Exordlum.
