2281 3251
204 271 254 298 An.
272 270 300 298 C.
322 270 389 299 wth

217 631 330 652 nii-torum
343 631 388 650 lora

203 666 223 682 et
243 667 315 681 eoum
338 666 387 687 per-

203 699 250 713 enni
268 694 353 711 timent
368 694 387 711 et

203 732 213 743 a
233 727 310 745 iuvent.
324 727 343 743 et
355 728 387 740 rr·-

215 763 246 775 urn
264 758 325 774 vit-m
340 754 388 772 dili-

203 793 249 814 μυ.
266 785 386 812 explorem.

226 1573 394 1597 consanguineis

211 1604 335 1625 subveniant
353 1609 396 1624 mo-

211 1635 297 1658 derum

226 2286 246 2307 ln
266 2286 395 2307 commendin

212 2319 302 2339 vicarios
312 2321 332 2337 et
344 2317 397 2337 alios

453 260 524 294 (308

403 339 465 374 que
477 340 485 367 3
499 325 677 373 principum
689 332 717 358 et
731 333 1010 370 quorumcumque
1023 320 1157 354 aliorum

403 389 437 411 ac
466 376 648 424 praesertim
677 384 854 420 pauperum
878 380 908 406 et
936 370 1157 416 religiosorum

405 427 483 462 iusta
501 425 630 472 negocia
658 425 710 471 pio
734 428 938 470 promoveant
957 420 1083 461 affectu3
1099 431 1159 466 op-

405 487 530 523 pressos
544 483 572 509 et
590 474 707 508 iniuste
717 480 874 518 gravatos,
891 471 975 506 iuxta
990 470 1071 504 vires
1085 481 1159 504 suas

403 534 433 560 et
460 524 552 560 officii
569 523 723 561 debitum,
740 521 900 556 adiuvent.

451 575 472 621 g
496 576 551 608 19.
574 572 670 607 Tituli
693 571 742 607 sui
766 571 845 614 loca,
868 570 892 604 si
923 576 1106 617 praesentes
1128 567 1159 602 in

403 624 497 659 Curia
507 622 634 662 fuerint,
647 620 866 669 personaliter;
878 619 902 654 si
918 631 991 654 vero
1002 618 1159 661 absentes,

404 686 458 719 per
485 673 633 707 ricarium
659 671 806 706 idoneum
830 668 929 704 semel
958 668 1068 703 saltem
1095 666 1182 702 sin-2

403 723 485 769 gulis
499 722 590 757 annis
607 721 744 761 visitent;
767 719 900 754 clericos
912 727 941 753 et
958 717 1092 765 populos
1107 729 1160 752 ec-
1180 721 1183 752 ἑ

403 772 570 807 elesiarum
594 770 688 806 titulo
711 781 769 805 suo
791 769 1003 804 subiectarum
1019 779 1089 802 cum
1105 767 1159 801 di-

403 822 530 869 ligentia
549 821 719 868 inquirant,
735 819 927 865 vigilemque
943 818 1023 852 eirca
1041 817 1159 851 cultum

403 871 544 906 divinum
574 878 604 906 et
639 870 720 905 bona
749 869 902 904 dictarum
931 867 1160 906 ecclesiarum,

404 932 571 967 moresque
601 921 630 954 in
661 919 772 967 primis
799 927 828 953 et
853 918 944 952 vitam
974 916 1160 952 clericorum

404 980 431 1005 et
442 970 705 1018 parochianorum
717 969 848 1004 solerter
856 967 1034 1014 explorent,
1043 978 1162 1013 eosque

403 1032 515 1055 omnes
541 1028 571 1055 et
598 1019 744 1066 singulos
771 1017 808 1052 ad
838 1026 923 1052 recte
965 1016 1162 1060 honesteque

404 1069 572 1105 vivendum
609 1077 738 1117 paterno
767 1074 917 1102 moneant
945 1066 1070 1101 affectu.
1100 1065 1163 1100 Pro

405 1127 575 1166 augmento
587 1127 690 1154 autem
703 1117 800 1152 divini
811 1118 916 1152 cultus
932 1124 962 1150 et
977 1115 1076 1150 salute
1092 1115 1163 1149 ani-

405 1182 474 1204 mae
500 1181 599 1208 suae,
631 1168 762 1215 quilibet
785 1166 951 1202 cardinalis
973 1165 1020 1200 vel
1044 1165 1073 1199 in
1097 1165 1158 1199 vita

405 1219 513 1258 donet,
529 1218 574 1253 vel
592 1218 622 1252 in
646 1218 758 1252 mortis
772 1216 906 1252 articulo
929 1215 1087 1261 relinquat
1102 1227 1160 1249 suo

407 1268 496 1303 titulo
523 1276 678 1315 quantum
707 1267 746 1301 sit
773 1267 848 1302 satis
878 1265 915 1301 ad
941 1265 1162 1312 presbyterum

407 1330 506 1353 unum
529 1317 696 1353 commode
712 1316 754 1351 ibi
770 1314 1047 1355 substentandum3
1062 1314 1124 1358 vel,
1138 1314 1164 1348 si

407 1367 541 1403 ecclesia
565 1367 705 1413 indigeat
728 1366 924 1413 reparatione
943 1363 992 1399 vel
1007 1364 1064 1398 alia
1081 1363 1165 1398 sub-

408 1417 577 1462 ventione,
600 1424 719 1451 tantum
744 1416 784 1450 illi
810 1415 964 1462 relinquat
988 1413 1035 1448 vel
1058 1413 1165 1458 donet,

408 1476 560 1514 quantum
585 1465 794 1501 conscientiae
822 1477 897 1499 suae
925 1463 1089 1498 videbitur.

457 1516 477 1562 S
503 1518 561 1551 20.
585 1515 624 1550 Et
647 1527 719 1550 cum
752 1515 884 1549 minime
905 1513 1032 1551 deceat,
1055 1512 1166 1547 affines

409 1574 439 1602 et
461 1565 728 1612 consanguineos,
744 1564 926 1611 praesertim
952 1562 1166 1598 benemeritos

409 1624 438 1651 et
454 1628 514 1663 ope
527 1615 716 1661 indigentes,
730 1614 902 1661 negligere,
917 1612 971 1648 sed
988 1612 1048 1646 illis
1060 1612 1167 1659 provi-

409 1666 484 1701 dere
500 1665 616 1700 iustum
633 1674 662 1699 et
678 1663 832 1699 laudabile
847 1663 899 1705 sit,
921 1675 983 1697 non
1001 1670 1165 1709 propterea

410 1724 514 1751 tamen
544 1715 590 1749 rel
619 1714 846 1749 beneficiorum
876 1713 1090 1752 multitudine,
1116 1720 1168 1746 aut

409 1764 633 1801 ecclesiasticis
646 1763 821 1799 redditibus
835 1763 874 1798 ita
890 1762 1075 1809 eosimpleri
1091 1773 1168 1796 con-

411 1815 517 1850 venire
539 1813 729 1849 arbitramur
745 1840 754 1857 ,
776 1821 811 1847 ut
834 1813 930 1847 ceteri
953 1812 1104 1847 damnum
1129 1823 1168 1846 ex

411 1863 594 1900 huiusmodi
608 1863 781 1910 largitionis
797 1862 1035 1909 intemperantia
1046 1861 1169 1909 patian-

411 1923 462 1950 tur
475 1923 505 1950 et
519 1913 591 1949 inde
606 1913 790 1948 scandalum
814 1920 972 1947 nascatur.
990 1911 1168 1946 Statuimus

412 1965 515 2011 itaque
532 1971 563 1998 ut
582 1963 787 1999 ecclesiarum
805 1962 886 1997 bona
907 1970 1025 1997 temere
1044 1973 1105 1996 non
1121 1961 1168 1996 ef-

411 2014 553 2058 fundant,
575 2013 628 2049 sed
645 2025 679 2048 ea
704 2013 733 2046 iu
755 2012 816 2060 piis
830 2020 861 2047 et
882 2011 998 2046 sanctis
1017 2011 1168 2058 operibus

411 2072 580 2112 exponant,
604 2074 739 2111 quorum
761 2074 855 2097 causa
879 2061 982 2108 magni
1005 2068 1036 2096 et
1058 2061 1168 2108 optimi

411 2118 552 2153 redditus
581 2129 636 2165 per
663 2125 789 2152 sanctos
817 2124 921 2164 patres
939 2115 1047 2151 statuti
1065 2123 1096 2150 et
1117 2127 1170 2150 or-

411 2172 509 2207 dinati
537 2172 676 2207 fuerunt.

460 2231 475 2271 5
497 2229 556 2261 21.
579 2226 737 2262 Volumus
764 2225 858 2261 etiam
883 2232 916 2260 ut
938 2224 1085 2260 eeclesiis
1101 2223 1170 2259 eis-

412 2282 484 2318 dem
508 2281 722 2317 cardinalibus
749 2279 994 2324 commendatis,
1022 2279 1115 2314 etiam
1145 2278 1169 2313 si

994 264 1182 289 Bruanium
1206 264 1367 287 nouale

1201 318 1348 354 mercede
1375 325 1586 366 apponentes;
1615 317 1746 366 reliquis
1770 324 1876 353 autem
1899 316 1957 352 sibi

1202 368 1432 404 commendatis
1454 368 1596 403 ecclesiis
1614 376 1669 403 aut
1691 366 1904 408 monasteriis,
1919 366 1958 402 de

1203 420 1284 454 iusto
1294 418 1481 453 clericorum
1497 417 1545 452 vel
1558 417 1896 465 cappellanorum‚seu
1914 428 1960 452 re-

1202 468 1386 515 ligiosorum
1395 476 1447 503 aut
1458 467 1683 502 monachorum
1697 466 1764 503 Deo
1781 466 1958 502 sufficiente

1203 526 1233 553 et
1250 517 1448 552 laudabiliter
1466 517 1670 552 servientium
1695 529 1829 553 numero
1853 517 1960 564 provi-

1204 568 1326 603 dentes.

1251 618 1271 665 g
1298 619 1356 651 22.
1384 615 1534 650 AEdisicia
1561 627 1714 664 quoque,
1742 615 1960 663 possessiones

1203 675 1232 702 et
1257 669 1324 701 iura
1351 677 1573 713 quaecumque
1597 666 1626 700 in
1650 673 1731 700 statu
1759 665 1958 701 convenienti

1203 725 1404 760 conservent,
1432 724 1462 750 et
1490 715 1591 750 diruta
1617 715 1805 759 instaurent,
1826 715 1909 750 sicut
1922 715 1960 750 ad

1205 767 1359 802 bonorum
1377 765 1588 812 praelatorum
1611 773 1641 800 et
1668 763 1961 801 commendatario-

1205 829 1273 851 rum
1298 816 1437 850 officium
1461 822 1594 861 spectat.

1253 871 1268 910 g
1291 867 1348 900 25.
1372 864 1550 900 Statuimus
1572 864 1664 900 etiam
1703 872 1734 899 ut
1758 863 1833 899 dicti
1856 863 1962 899 cardi-

1205 916 1304 956 nales,
1333 915 1416 950 circa
1440 926 1608 949 numerum
1633 914 1832 949 familiarium
1860 925 1962 961 equo-

1206 977 1339 1013 rumque
1366 965 1433 999 suis
1456 964 1609 1012 impensis
1624 963 1825 1009 alendorum,
1848 976 1961 1011 magna

1206 1024 1336 1050 utantur
1358 1014 1644 1061 circumspectione
1667 1025 1702 1048 ac
1729 1013 1873 1060 diligenti
1890 1025 1964 1060 pro-

1206 1065 1354 1109 videntia,
1371 1076 1409 1100 ne
1433 1064 1583 1099 maiorem
1601 1075 1784 1108 numerum,
1797 1075 1892 1110 quam
1906 1074 1964 1098 sua

1207 1115 1353 1156 facultas,
1375 1113 1514 1149 conditio
1530 1126 1565 1149 ac
1587 1113 1724 1159 dignitas
1746 1114 1893 1160 patiatur,
1907 1112 1964 1147 lia-

1207 1164 1329 1208 beutes,
1353 1164 1448 1199 luxus
1471 1175 1507 1198 ac
1527 1163 1756 1210 prodigalitatis
1770 1163 1848 1197 vitio
1865 1161 1964 1197 notari

1208 1214 1350 1260 possint:
1367 1225 1444 1249 neve
1468 1226 1578 1248 rursus
1601 1213 1681 1247 avari
1700 1211 1886 1259 sordidique
1909 1212 1966 1246 ha-

1208 1264 1350 1304 beantur,
1367 1264 1392 1298 si
1419 1264 1449 1297 in
1467 1263 1590 1309 magnis
1603 1270 1633 1297 et
1647 1262 1762 1309 amplis
1778 1260 1966 1303 redditibus,

1209 1313 1409 1361 paucissimis
1425 1313 1541 1347 victum
1559 1312 1740 1359 praebeant,
1762 1324 1835 1346 cum
1850 1311 1966 1346 domus

1207 1363 1292 1398 card.
1328 1371 1437 1410 patens
1460 1362 1633 1409 hospitium
1653 1370 1802 1409 portusve
1823 1373 1859 1396 ac
1874 1360 1967 1395 refu—

1207 1413 1291 1459 gium
1311 1412 1482 1459 proborum
1497 1420 1527 1447 et
1548 1412 1713 1447 doctorum
1733 1410 1869 1446 maxime
1882 1411 1966 1446 viro-

1209 1475 1279 1497 rum
1313 1472 1342 1497 et
1367 1474 1539 1509 pauperum
1564 1461 1721 1496 nobilium
1744 1461 1967 1496 honestarum-

1209 1524 1271 1559 que
1299 1523 1505 1560 personarum
1526 1523 1595 1546 esse
1623 1510 1746 1546 debeat.
1774 1510 1846 1545 Sint
1873 1510 1968 1557 igitur

1209 1563 1290 1597 circa
1319 1562 1448 1596 modum
1479 1569 1509 1596 ct
1537 1573 1705 1596 numerum
1737 1560 1863 1595 tenendi
1893 1573 1968 1608 pru-

1209 1611 1330 1653 dentes,
1353 1624 1389 1646 ac
1411 1611 1450 1647 de
1471 1610 1673 1646 familiarium
1689 1610 1839 1657 qualitate
1854 1610 1885 1645 in
1903 1610 1968 1658 pri-

1210 1663 1270 1696 mis
1293 1661 1437 1703 curiosi,
1461 1673 1500 1695 ne
1527 1673 1565 1695 ex
1594 1660 1705 1695 alienis
1732 1660 1815 1694 vitiis
1841 1667 1966 1707 turpem

1211 1711 1268 1746 sibi
1294 1711 1480 1746 contrahant
1506 1710 1651 1745 infamiae
1673 1717 1793 1754 notam,
1809 1709 1968 1757 vulgoque

1211 1761 1403 1809 obloquendi
1432 1760 1712 1807 calumniandique
1746 1760 1846 1794 iustas
1874 1772 1968 1807 prae-

1211 1811 1305 1847 beant
1327 1812 1520 1847 occasiones.
1543 1810 1583 1845 Et
1606 1822 1679 1845 cum
1701 1810 1837 1844 maxime
1860 1809 1970 1856 provi-

1211 1861 1348 1896 dendum
1369 1861 1407 1895 sit
1430 1868 1465 1895 ut
1488 1873 1550 1895 non
1567 1859 1669 1895 solum
1686 1871 1792 1895 coram
1808 1858 1890 1903 Deo,
1916 1858 1968 1894 cui

1213 1912 1349 1958 primurn
1367 1911 1489 1957 placere
1501 1910 1668 1951 debemus,
1681 1909 1736 1944 sed
1753 1909 1846 1944 etiam
1863 1920 1968 1944 coram

1212 1960 1396 1996 hominibus
1412 1972 1505 2008 opera
1530 1967 1636 1995 nostra
1661 1959 1846 2006 probentur,
1870 1967 1971 1994 utce-

1212 2011 1285 2046 teris
1300 2011 1446 2057 exemplo
1458 2010 1494 2045 ad
1510 2009 1698 2045 imitandum
1715 2009 1874 2057 possimus
1888 2020 1970 2054 esse,

1212 2061 1398 2096 ordinamus
1423 2068 1454 2094 ut
1477 2060 1611 2107 quilibet
1627 2059 1713 2095 card.
1740 2071 1772 2094 se
1795 2058 1911 2094 domus
1936 2071 1972 2094 ac

1213 2115 1349 2150 familiae
1371 2127 1447 2150 suae
1473 2114 1630 2162 optimum
1660 2122 1814 2149 rectorem
1849 2113 1972 2161 praefe-

1213 2178 1363 2217 ctumque
1383 2168 1528 2204 ostendat
1550 2181 1631 2213 esse,
1648 2176 1709 2203 tam
1733 2168 1815 2203 circa
1838 2180 1873 2203 ea
1891 2179 1971 2216 quae

1213 2224 1387 2260 extrinseca
1410 2224 1559 2259 omnibus
1582 2231 1747 2271 apparent,
1773 2235 1867 2270 quam
1890 2234 1972 2270 quae

1214 2279 1299 2315 intus
1326 2279 1424 2315 latent
1451 2278 1648 2314 abscondita.

1972 264 2023 290 An⁴
2042 262 2070 290 C.
2091 263 2156 290 stult

1989 622 2044 643 nona
2060 622 2161 643 eccle-t·-

1976 659 2020 673 rum
2031 655 2162 674 conservent

1975 687 1996 705 et
2012 687 2146 707 restaurent:

1990 871 2019 893 De
2031 871 2163 893 tamin-rium

1977 908 2078 928 numero.
2099 902 2164 930 quall-

1978 934 2065 959 tatibus,
2080 934 2165 960 impon-

1978 967 2014 990 εἰς,
2032 968 2070 986 etc.
2085 966 2163 993 optim·

1979 1000 2063 1018 curent.

2252 1094 2277 1243 wirma-‘q-

2268 1899 2270 1903 v
2268 1867 2281 1888 ζ
2260 1821 2281 1852 a.
2259 1732 2281 1813 ,ωε-υἱ
2263 1717 2271 1722 2
2258 1691 2281 1706 κζ
2254 1255 2281 1683 τ-εΜῆκὲὶῦτ-ᾱβΐΐ-’ἐ

212 2350 348 2386 vincon-arios
364 2352 398 2368 re·
412 2336 608 2372 cathedrales
639 2334 849 2370 abbatialesve
874 2341 927 2369 aut
950 2333 1108 2381 prioratus
1124 2334 1169 2368 vel

212 2380 298 2432 ii‘fis'ffl'
336 2382 398 2399 ¹²⁰²*
413 2401 632 2439 quaecumque
646 2389 703 2425 alia
714 2388 866 2424 beneficia
883 2388 1096 2423 ecclesiastica
1109 2388 1171 2423 fue-

414 2447 486 2487 rint,
501 2445 621 2492 absque
635 2444 720 2479 omni
739 2456 869 2491 prorsus
881 2443 1088 2478 excusatione
1102 2455 1172 2490 pro-

414 2507 583 2541 curent,ac
599 2498 685 2534 omni
701 2506 814 2532 conatu
830 2510 888 2532 suo
911 2497 1097 2545 provideant
1114 2496 1171 2531 de·
1216 2497 1302 2532 milia
1325 2509 1380 2532 sua
1408 2494 1632 2544 quoquomodo
1657 2493 1860 2529 beneficiatus
1887 2501 1917 2529 et
1940 2494 1970 2528 in

414 2554 477 2588 bite
493 2552 650 2594 inserviri,
669 2551 906 2587 cathedralibus
927 2552 1041 2599 dignos
1056 2558 1086 2585 et
1101 2550 1171 2585 id0·-
1215 2553 1312 2588 sacris
1334 2551 1500 2587 ordinibus
1527 2550 1715 2586 constitutus
1739 2557 1841 2584 vestes
1870 2555 1973 2596 portet
2274 2585 2281 2594 ³

417 2620 492 2643 neos
508 2607 639 2643 vicarios
660 2619 718 2642 seu
740 2607 969 2653 suffraganeos,
986 2614 1079 2654 prout
1093 2617 1170 2640 con·
1216 2607 1431 2648 versicolores,
1449 2618 1507 2641 nec
1529 2617 1567 2641 eo
1582 2603 1690 2640 habitu
1714 2611 1830 2646 utatur,
1844 2604 1897 2652 qui
1912 2615 1971 2640 or-
2271 2598 2281 2640 Ξ

415 2662 551 2698 suetudo
574 2662 679 2707 fuerit,
705 2674 778 2697 cum
805 2661 900 2709 digna
929 2670 959 2698 et
981 2661 1172 2709 competenti
1215 2661 1278 2696 dini
1302 2661 1516 2698 ecclesiastico
1530 2671 1640 2708 parum
1660 2658 1837 2695 conveniat.
1853 2653 1974 2703 Quare,
2273 2647 2281 2710 l

1263 2338 1278 2377 ἓ
1302 2335 1360 2368 24.
1383 2333 1505 2368 Habeat
1520 2333 1624 2380 itaque
1645 2343 1754 2367 eorum
1768 2330 1902 2379 quisque
1918 2343 1971 2367 sa·
1999 2343 2129 2365 netormauo
2144 2343 2171 2365 a·

1985 2375 2118 2396 familiarium
2126 2378 2169 2396 uer-

1214 2388 1361 2424 cerdotes
1379 2397 1409 2424 et
1433 2388 1543 2423 levitas
1558 2386 1701 2421 honestis
1718 2386 1912 2421 vestimentis
1927 2385 1973 2420 in·
1987 2404 2173 2432 „ennumquew

1213 2443 1319 2488 dutos,
1342 2450 1522 2490 attenteque
1540 2440 1701 2488 provideat
1723 2451 1761 2475 ne
1793 2439 1866 2487 quis
1879 2440 1910 2475 in
1926 2439 1972 2475 fa·
1985 2436 2171 2493 fl⁵k²³¹¹lss¹u³31¹⁵¹q¹¹⁸·
2265 2443 2281 2487 ,ξ

2271 2490 2281 2501 a
2267 2427 2281 2442 ·.
2262 1905 2281 2405 ,vn-znufissmxstfflae-‘moe
