2281 3251
126 290 172 317 Αιι,
192 290 221 315 C.
239 289 305 316 11157

162 1379 211 1400 Exn·
218 1380 280 1400 dium.

151 2272 225 2292 Graeci
241 2271 319 2295 mult-1,

138 2308 191 2330 quae
206 2304 226 2323 in
247 2303 323 2323 conei-

138 2334 166 2355 lio
198 2334 320 2355 Florentino

138 2370 254 2392 recepere,
279 2371 320 2386 non

139 2397 262 2419 observant.

940 285 1114 307 CAtJJSrt's
1137 285 1173 307 ΙΙΙ
1199 285 1248 307 ΙΨ.

657 340 738 375 Vlll.

324 425 516 469 Presbyteros
548 424 679 457 Graecos
714 424 791 456 inter
826 424 988 456 missarum
1025 436 1076 456 so-

372 475 485 508 lemnia
504 475 590 508 Ιέοιη.
609 473 767 517 pontificis
783 484 891 505 'conten
907 473 990 506 elata
1008 485 1077 506 voce

370 535 487 560 canere,
526 527 735 567 integrumque
761 520 878 564 Credo,
901 523 991 555 iuxta
1013 523 1076 554 ltn-

373 585 483 606 manac
506 574 660 607 Ecclesiae
682 572 787 615 ritum,
812 572 910 605 elicere
926 573 1077 615 obliyutos

372 624 437 667 sore
463 623 595 657 decernit
617 624 674 666 (l).

591 700 807 732 SUMMARIUM

323 773 490 803 Exordium.
513 790 552 795 —
574 773 596 802 l.
619 772 722 802 Graeci
747 772 848 808 multa,
871 781 945 810 quae
966 772 992 800 in
1010 780 1079 799 eun-

363 818 431 848 cilio
455 817 623 847 Florentino
653 826 800 856 recepere,
833 826 889 845 ιιιιιι
913 815 1078 845 observant.

364 879 402 884 —
432 862 577 900 Praecipit
601 862 701 900 (proiit
731 861 759 889 in
788 861 931 897 rubrica).
957 876 996 881 —
1023 859 1078 894 Qui

365 906 495 936 Romano
519 906 653 935 Pontifici
688 916 744 934 non
768 905 966 943 obtemperat,
1000 908 1078 933 extra

365 950 524 980 Ecclesiam
550 955 602 980 est.
635 967 674 972 —-
702 950 728 979 ⁹2.
753 949 849 978 ‚Xltera
874 958 942 987 pars
965 948 1078 977 consti-

366 995 487 1024 tutionis
507 995 583 1025 eirca
609 995 828 1034 processionem
852 993 980 1032 Spiritus
1003 992 1078 1022 San-

364 1039 412 1069 cti.
430 1056 470 1061 —
487 1040 578 1069 Verba
593 1040 675 1074 haee,
688 1039 740 1075 Qut
755 1050 770 1067 a
782 1039 863 1068 Patre
877 1038 998 1076 Filioque
1017 1046 1080 1076 pro-

365 1084 446 1120 cedit,
475 1084 615 1123 Syinbolo
639 1083 782 1124 praecipit
811 1083 978 1112 inscrenda.
994 1098 1033 1104 —
1051 1082 1079 1112 4.

364 1131 532 1161 clausulae.

380 1205 513 1234 Callistus
532 1205 673 1240 episcopus
691 1211 786 1232 servus
805 1210 947 1231 servorum
965 1202 1026 1235 Dei,

483 1255 517 1282 ad
537 1253 664 1282 futuram
695 1253 736 1281 roi
754 1252 923 1281 memoriam.

378 1326 548 1361 Reddituri
572 1325 610 1359 de
633 1325 803 1360 commisso
827 1333 951 1358 nostrae
975 1324 1082 1358 solici-

331 1376 433 1411 tudini
454 1388 550 1422 grege
566 1375 705 1409 fidelium
724 1374 788 1417 Illi,
810 1375 863 1421 qui
883 1374 986 1414 nobis,
1010 1374 1082 1407 lieet

332 1426 510 1469 immeritis,
538 1424 686 1459 eumdem
720 1437 775 1459 sua
812 1424 951 1458 bonitate
988 1436 1083 1457 eom—

332 1477 428 1515 misit,
454 1475 483 1509 in
507 1483 649 1509 extremo
674 1474 791 1508 iudicio
819 1474 982 1513 rationein,
1002 1486 1083 1507 sum-

333 1525 403 1565 mis,
428 1533 459 1559 ut
480 1533 635 1565 tenemur,
663 1523 778 1558 studiis
802 1523 883 1567 illos,
906 1535 987 1570 quos
1015 1523 1082 1568 ple-

333 1587 467 1622 rumque
506 1587 521 1608 3
554 1573 624 1608 [idei
661 1574 833 1608 catholicae
866 1573 1084 1608 saluberrimis

334 1625 482 1658 institutis
497 1631 656 1659 tortuosus
670 1623 800 1657 coluber
815 1623 944 1657 humani
959 1623 1084 1669 generis

333 1674 479 1709 aemulus
507 1674 672 1708 venenosis
697 1673 956 1719 suggestionibus
978 1672 1084 1707 diver-

334 1732 399 1758 tere
421 1733 450 1758 et
473 1724 597 1758 deviare
618 1723 678 1756 mol
697 1731 746 1757 tur
763 1751 770 1762 ,
791 1721 943 1756 Salvatori
965 1731 1084 1764 nostro,

333 1774 471 1820 quinon
501 1781 646 1811 mortem,
675 1772 729 1806 sed
769 1772 1010 1806 conversionem
1055 1780 1083 1805 et

334 1824 426 1858 vitam
450 1822 608 1857 desiderat
630 1822 816 1868 peccatoris,
844 1822 1022 1860 restituere,
1055 1829 1083 1855 ct

334 1873 370 1907 ad
389 1873 467 1907 viam
493 1872 643 1910 veritatis,
666 1883 746 1918 quae
774 1870 921 1906 Christus
947 1879 1005 1915 est,
1034 1883 1084 1905 rc-

334 1922 450 1957 ducere
478 1934 696 1968 procuramus
722 1929 815 1968 atque
844 1929 909 1955 toto
938 1921 1005 1954 nisu
1029 1933 1085 1954 ex-

334 1972 492 2018 quirimus
515 1972 559 2015 id,
591 1983 646 2018 pro
675 1983 784 2005 eorum
808 1971 909 2005 salute
938 1978 967 2005 et
991 1970 1085 2004 redu-

334 2022 450 2064 ctione,
473 2021 609 2062 officere,
634 2034 688 2068 pei·
710 2020 795 2067 quod
811 2021 986 2055 animarum
1010 2032 1086 2054 sua-

335 2084 403 2105 rum
429 2070 621 2117 profectibus
649 2070 857 2113 consulatur,
899 2081 1019 2116 nosque
1055 2070 1084 2103 in

335 2121 456 2155 ratione
487 2119 646 2154 reddenda
669 2119 795 2154 divinae
823 2119 961 2153 institiae
985 2119 1086 2166 possi-

336 2183 407 2204 mus
428 2169 560 2204 evadere
588 2169 751 2203 ultionem.

383 2220 404 2266 S
428 2221 458 2252 l.
488 2219 585 2260 Sane,
618 2218 689 2252 licet
729 2218 843 2253 nostris
866 2218 1086 2264 temporibus,

335 2269 410 2303 dum
435 2269 548 2303 minori
564 2269 769 2314 fungeremur
787 2268 902 2310 oflicio,
915 2267 1087 2302 Orientalis

335 2318 528 2353 Graecorum
557 2318 697 2352 Ecclesia
728 2318 756 2351 in
785 2317 920 2352 concilio
935 2317 1087 2363 generali,

338 2381 391 2413 per
415 2367 543 2403 Latinos
566 2375 595 2402 et
621 2367 761 2402 Graecos
793 2366 969 2401 Florentiae
1003 2366 1087 2400 ecle-

338 2417 436 2461 brato,
476 2425 693 2452 sacrosanctae
724 2416 885 2451 Romanae
926 2416 1088 2450 Ecclesiae

336 2467 504 2501 coniuncta
521 2466 614 2501 fuerit
630 2475 658 2501 et
680 2466 777 2507 unita,
800 2466 872 2512 quia
889 2473 993 2499 tamen
1011 2466 1090 2499 inter

336 2524 457 2551 caetera
476 2529 513 2550 ex
538 2516 599 2559 tiis,
621 2516 747 2563 quaein
769 2516 836 2562 ipso
859 2515 995 2549 concilio
1018 2527 1089 2548 san-

336 2565 395 2600 cita
423 2573 453 2599 et
484 2565 650 2600 salubriter
673 2565 796 2599 decreta
821 2565 959 2608 fuerunt,
987 2564 1089 2610 aliqua

339 2627 393 2662 per
421 2615 505 2661 ipsos
523 2614 683 2659 Graecos,
718 2613 987 2661 quemadmodum
1026 2612 1089 2648 lieri

372 2680 412 2718 (l)
428 2681 466 2708 Ex
490 2682 593 2716 Regest.
616 2681 641 2707 in
663 2680 775 2707 Archiv.
796 2679 879 2707 Vatic.

1758 271 1823 303 159

1117 339 1262 383 decebat,
1285 337 1416 373 minime
1449 336 1674 375 observantur;
1707 336 1873 382 cupientes

1120 401 1175 435 pro
1202 389 1302 423 salute
1337 387 1514 422 animarum
1550 385 1673 420 decreta
1713 385 1871 432 praedicta

1118 438 1155 473 ad
1172 446 1359 473 cunctorum
1378 436 1519 471 notitiam
1543 434 1669 474 deduci,
1689 442 1717 468 et
1740 446 1775 468 ea
1801 434 1873 467 ubi-

1120 488 1191 522 libet
1217 486 1440 521 inviolabiliter
1454 484 1626 524 observari,
1646 497 1696 526 ne,
1714 483 1873 517 oblivione

1120 537 1304 583 incuriaquc
1321 534 1536 577 causantibus,
1551 546 1704 568 successu
1721 534 1874 579 temporis

1119 599 1134 620 a
1159 586 1311 620 memoria
1333 584 1491 624 excidant,
1507 591 1537 618 et
1555 582 1713 629 neglectui
1736 581 1806 616 (lata
1835 583 1875 615 ri-

1121 635 1248 675 leseant,
1276 647 1312 670 ac
1340 633 1516 681 periculum
1542 633 1661 679 pariant
1683 631 1875 669 animarum,

1120 685 1304 719 auctoritate
1328 683 1512 731 apostolica,
1536 690 1644 716 tenore
1659 681 1873 728 praesentium

1120 735 1290 768 statuimus
1312 741 1341 767 et
1360 733 1544 768 ordinamus
1565 731 1650 778 quod
1675 743 1714 764 ex
1740 742 1824 763 nunc
1845 730 1873 763 iu

1120 791 1211 818 antea
1234 796 1344 817 omnes
1372 791 1400 816 et
1428 781 1543 827 singuli
1575 779 1746 828 presbyteri
1770 788 1797 813 et
1824 792 1875 813 sa-

1122 833 1265 867 cerdotes
1287 832 1399 866 Graeci
1430 831 1559 865 ubilibet
1586 830 1771 872 existentes,
1795 829 1873 862 iuli-a

1123 883 1287 916 missarum
1311 881 1476 920 solemnia,
1500 893 1614 914 nomen
1632 879 1767 914 Romani
1788 879 1875 913 Pon-

1123 932 1215 966 tilicis
1243 932 1271 965 in
1293 931 1361 964 loco
1383 930 1532 977 deputato
1551 930 1611 963 alta
1635 937 1664 963 et
1687 928 1874 970 intelligibili

1124 994 1198 1016 voce
1212 981 1403 1028 exprimere,
1420 993 1455 1014 ac
1479 992 1534 1024 pro
1559 979 1659 1025 ipsius
1674 986 1705 1013 et
1722 978 1756 1012 S.
1781 977 1819 1011 R.
1839 977 1874 1011 E.

1124 1031 1350 1069 incolumitate,
1378 1038 1525 1076 statuque
1554 1028 1684 1075 pacifico
1718 1040 1806 1061 orare
1830 1036 1876 1059 te-

1124 1090 1258 1115 neantur
1272 1088 1301 1114 et
1324 1079 1472 1118 debeant,
1497 1079 1580 1112 iuxta
1605 1077 1780 1111 doctrinam
1805 1076 1878 1110 Sal-

1125 1130 1237 1164 vatoris
1266 1129 1375 1171 nostri,
1402 1128 1455 1175 qui
1485 1128 1514 1162 in
1544 1127 1628 1161 Petri
1657 1135 1687 1160 et
1715 1126 1879 1172 apostolo-

1125 1192 1192 1214 rum
1211 1179 1356 1226 personis
1371 1178 1502 1224 figurate
1518 1189 1575 1211 nos
1589 1176 1728 1217 instruit,
1751 1175 1875 1209 dicens:

1127 1230 1191 1269 Oui
1215 1241 1267 1262 vos
1289 1229 1406 1272 recipit,
1431 1240 1477 1261 me
1503 1227 1620 1271 recipit,
1645 1234 1670 1259 et
1698 1226 1752 1269 qui
1770 1226 1876 1269 recipit

1125 1291 1186 1319 me,
1213 1279 1316 1323 recipit
1341 1279 1464 1311 Patrem
1487 1288 1599 1310 meum:
1629 1287 1666 1309 cx
1695 1286 1759 1320 quo
1793 1283 1877 1308 recte

1125 1327 1266 1371 elicitur,
1293 1327 1422 1361 Petrum
1442 1334 1472 1360 et
1499 1336 1701 1360 successores
1723 1335 1798 1357 suos
1827 1335 1877 1357 re-

1124 1378 1291 1424 cipientes,
1308 1375 1532 1411 beatitudinem
1557 1374 1746 1421 adepturos,
1763 1372 1801 1405 (le
1819 1371 1879 1406 Pc-

1127 1435 1173 1461 tro
1191 1426 1273 1460 enim
1297 1438 1394 1473 super
1416 1426 1493 1460 alios
1512 1424 1604 1468 dixit,
1620 1423 1691 1470 quia
1710 1430 1778 1468 post
1800 1434 1878 1468 apo-

1125 1476 1223 1511 stolos
1250 1475 1377 1523 Cepbas
1399 1483 1429 1509 et
1451 1475 1555 1521 Caput
1578 1475 1607 1507 in
1638 1472 1777 1507 Ecclesia
1807 1472 1878 1505 uui-

1128 1526 1236 1560 versali
1259 1538 1428 1559 mansurus
1455 1532 1532 1567 erat,
1567 1523 1668 1558 euius·
1697 1522 1876 1568 oppositum

1127 1576 1191 1622 ipsa
1211 1575 1333 1610 Veritas
1356 1575 1386 1609 in
1403 1574 1513 1608 eodem
1535 1573 1603 1608 loco
1626 1571 1785 1612 disseruit,
1804 1583 1877 1604 eum

1126 1626 1184 1659 ait:
1216 1626 1280 1666 Oui
1300 1638 1361 1659 reon
1382 1626 1487 1669 recipit
1508 1636 1573 1661 vos,
1603 1634 1664 1656 non
1686 1623 1789 1666 recipit
1813 1633 1878 1660 me,

1126 1683 1152 1709 et
1179 1677 1234 1720 qui
1254 1688 1313 1708 non
1333 1676 1438 1719 recipit
1461 1686 1518 1712 me,
1543 1685 1604 1706 non
1625 1672 1730 1716 recipit
1755 1672 1879 1704 Patrem

1126 1736 1236 1758 meum:
1265 1737 1301 1758 ex
1325 1736 1388 1770 quo
1412 1722 1621 1770 pariformiter
1648 1721 1779 1755 infertur
1803 1719 1880 1754 tales

1128 1775 1288 1809 incurrere
1311 1773 1547 1808 (lamnationem
1570 1779 1743 1811 aeternam,
1759 1769 1797 1803 de
1817 1782 1880 1815 quo

1128 1824 1240 1858 iterum
1282 1823 1426 1858 Salvator
1470 1821 1601 1867 pulcbre
1641 1821 1670 1854 in
1708 1819 1881 1865 Evangelio

1127 1873 1246 1907 clarius
1268 1873 1428 1919 exprimit,
1451 1871 1579 1906 dicens:
1611 1871 1688 1904 Oves
1722 1882 1794 1903 mem
1828 1883 1882 1902 en-

1127 1935 1188 1956 cem
1210 1935 1309 1956 „team
1330 1924 1474 1964 audiunt,
1490 1930 1515 1955 ct
1541 1934 1595 1965 eqo
1617 1931 1765 1964 coynosco
1786 1932 1836 1952 eas
1857 1927 1882 1952 et

1127 1985 1167 2006 ‹¹ae
1194 1980 1377 2017 coqttoscunt
1400 1985 1455 2010 me,
1483 1979 1509 2004 ct
1525 1984 1579 2015 οφ)
1596 1971 1635 2003 do
1657 1971 1698 2003 eis
1719 1970 1813 2002 vitam
1836 1981 1884 2002 ae-

1129 2030 1257 2056 ternam.
1284 2021 1350 2056 Vox
1373 2022 1456 2056 cuim
1481 2020 1598 2055 Cbristi
1622 2031 1638 2053 a
1663 2017 1810 2053 fidelibus
1833 2030 1883 2052 au-

1128 2071 1235 2111 ditur,
1263 2084 1334 2105 eum
1364 2072 1393 2104 in
1435 2083 1488 2105 ore
1523 2068 1724 2104 sacerdotum
1767 2079 1881 2101 nomen

1128 2125 1242 2159 Vicarii
1268 2125 1336 2159 lesu
1353 2124 1485 2168 Christi,
1507 2124 1559 2170 qui
1584 2123 1682 2170 ipsius
1701 2121 1782 2156 vices
1803 2122 1883 2168 gerit

1131 2180 1160 2213 in
1186 2180 1287 2223 terris,
1310 2187 1340 2214 et
1363 2179 1413 2214 cui
1436 2177 1665 2226 pascendarum
1687 2175 1791 2210 ovium
1811 2188 1882 2210 cura

1129 2235 1298 2268 commissa
1327 2242 1386 2276 cst,
1416 2233 1541 2280 publice
1566 2231 1746 2271 mmciatur3
1771 2243 1883 2265 omues

1131 2301 1268 2335 namque
1292 2301 1345 2335 per
1365 2288 1576 2321 obedientiam
1606 2294 1762 2333 pastorem
1786 2297 1885 2331 agno-

1130 2351 1235 2387 scunt,
1260 2351 1364 2389 pastor
1381 2355 1453 2376 vcro
1469 2342 1623 2375 Summus
1646 2340 1804 2377 Pontifex,
1821 2339 1885 2372 cla-

1133 2397 1217 2442 viger
1232 2405 1261 2430 et
1278 2397 1425 2431 ostiarius
1442 2395 1528 2440 regui
1547 2394 1706 2437 coelestis,
1722 2401 1752 2428 et
1768 2393 1883 2427 ostium

1133 2450 1266 2497 paradisi
1290 2450 1401 2496 aperit,
1423 2458 1450 2482 et
1471 2449 1508 2482 ad
1536 2457 1686 2494 perpetua
1716 2446 1885 2481 beatitudi-

1133 2505 1180 2538 nis
1200 2517 1311 2551 pasena
1338 2504 1444 2538 fideles
1469 2516 1523 2548 pei·
1547 2502 1765 2536 mandatorum
1789 2500 1885 2534 semi-

1133 2566 1178 2592 tas
1207 2558 1386 2592 incedentes
1413 2557 1581 2591 salubriter
1609 2555 1795 2592 introilucit;
1828 2553 1886 2586 di—

1134 2613 1209 2647 vino
1249 2624 1387 2657 namque
1432 2611 1497 2645 iure
1537 2610 1695 2644 sancitum
1732 2615 1777 2642 est
1798 2635 1805 2646 ,
1850 2620 1886 2641 ac

1134 2666 1275 2700 omnium
1292 2672 1510 2701 sacrosanctae
1533 2663 1705 2699 catholicae
1725 2660 1885 2697 Ecclesiae

1889 303 1894 308 .
1936 282 2071 307 .‹1.tti57

1900 691 2003 717 Praciiplt
2026 698 2076 716 mv..

1892 726 1911 742 ut
1929 729 1948 742 ιιι
1972 723 2076 742 rubin-a·v

1905 1231 1943 1256 Qui
1987 1229 2078 1249 llnmano

1895 1261 1989 1280 Ιίιιιιιίῑιι
2037 1266 2077 1279 nun

1894 1293 2034 1317 obtemperat,
2045 1296 2079 1310 er-

1962 1321 2078 1342 Ecclesiam
