2281 3251
89 287 138 314 An.
158 286 186 314 C.
203 285 268 313 ¹517

111 896 216 921 Eugenius
241 895 266 916 lV

86 929 183 956 quasdam
199 928 270 948 Came-

85 965 121 979 rae
133 959 267 985 apostoticae

86 992 229 1013 ordinationes

85 1023 269 1044 elericisttruiatas

85 1055 216 1082 approbavit.

963 284 1024 306 LEO
1048 284 1067 306 X
1090 284 1138 307 Pi).

284 347 424 381 ceantur;
439 348 469 374 et
491 338 528 373 ad
548 337 690 373 eamdem
706 338 848 384 Curiam,
864 351 920 386 pro
940 351 1030 385 nego-

283 390 341 424 ciis
364 388 545 432 tractandis,
575 400 630 434 pro
659 397 800 436 tempore
835 388 1029 429 aecedentes,

285 439 384 473 votiva
406 437 608 484 expeditione
631 437 804 479 laetentur;
825 451 947 473 necnon
970 450 1005 472 ea
1021 467 1030 477 ,

283 500 361 535 qnae
384 496 547 535 propterea
573 487 700 534 provide
728 488 804 521 sacta
833 497 862 523 et
889 488 1029 522 ordinata

283 538 497 584 comperimus
513 564 522 580 ,
546 545 577 570 ut
600 538 775 571 executioni
799 537 1031 571 demandentur

282 595 312 621 et
339 587 461 621 firmius
493 595 645 633 perpetuo
673 587 787 621 illibata
815 587 1030 629 observentur,

284 644 408 671 nostrae
435 636 669 683 approbationis
692 637 865 671 munimine
884 636 1031 670 roborare

282 694 312 719 et
338 686 377 720 de
401 698 479 720 novo
502 694 637 720 statuere
656 695 685 720 et
708 686 852 720 ordinare
868 686 1031 729 debemus,

283 744 375 782 prout
402 736 431 769 in
460 734 598 770 Domino
621 736 836 782 conspicimus
864 736 1032 770 salubriter

282 785 441 831 expedire.

331 835 351 881 ἓ
370 838 399 868 l.
422 835 519 878 Sane,
534 848 605 869 cum
622 835 804 881 acecpimus
820 847 931 882 nuper,
946 843 1032 879 post-

283 897 375 930 quam
404 884 504 918 felicis
527 885 751 919 recordationis
768 885 929 930 Eugenins
947 884 1031 930 Papa

283 934 337 978 IV,
378 934 601 981 praedecessor
641 942 765 976 noster,
793 934 959 968 attendens
993 933 1030 967 ad

257 999 269 1011 a
285 983 452 1030 praefatam
473 983 652 1028 Gameram,
679 984 881 1018 ecclesiarum
905 992 936 1017 et
959 995 1031 1017 mo-

285 1034 493 1068 nasteriorum
522 1034 663 1067 omnium
679 1060 688 1077 ,
712 1046 834 1067 necnon
858 1034 951 1067 etiam
977 1045 1031 1066 ur-

284 1083 382 1123 bium,
401 1083 575 1127 civitatum,
592 1092 756 1127 terrarum,
778 1092 965 1121 castrorum,
981 1095 1032 1128 op-

284 1132 444 1179 pidorum,
467 1132 606 1167 villarum
631 1142 660 1167 et
677 1132 816 1166 locorum
841 1132 941 1166 dictae
960 1132 1032 1166 Ro-

283 1194 392 1216 manae
419 1182 580 1216 Ecclesiae
608 1182 786 1216 immediate
819 1182 865 1216 vel
897 1181 1031 1216 mediate

282 1232 495 1267 subiectorum
516 1231 689 1278 spiritualia
715 1239 744 1265 et
768 1231 948 1278 temporalia
977 1243 1032 1265 ne-

282 1282 370 1327 gocia
399 1281 576 1328 peragenda
602 1281 747 1315 devenire
763 1308 771 1319 ,
795 1280 945 1314 nonnulla
968 1288 1032 1314 sta-

283 1339 344 1364 tuta
360 1358 369 1373 ,
392 1331 607 1365 ordinationes
641 1338 671 1363 et
699 1330 853 1376 capitula,
881 1342 936 1376 per
958 1337 1031 1364 tunc

282 1379 494 1425 praesidentes
505 1379 605 1414 dictae
621 1379 772 1414 Gamerae
786 1379 880 1423 edita,
895 1392 1031 1426 persnas

280 1429 409 1472 literas,
435 1442 472 1463 ex
494 1436 575 1463 certa
600 1430 742 1470 scientia,
778 1429 1031 1473 confirmaverat,

280 1477 386 1513 dilecti
409 1477 461 1512 filii
486 1478 626 1513 moderni
652 1479 866 1525 praesidentes
888 1479 1029 1514 eiusdem

279 1527 444 1571 Gamerae,
471 1529 552 1562 circa
577 1528 661 1562 illius
687 1541 723 1563 ac
745 1529 923 1564 officialium
940 1529 1031 1563 eius-

279 1577 349 1611 dem
369 1585 482 1612 statum
499 1577 631 1612 feliciter
645 1579 893 1613 conservandum
910 1587 940 1613 et
957 1591 1032 1624 pro—

279 1639 370 1674 spere
385 1627 582 1673 dirigendum
600 1627 724 1666 intenti,
739 1629 914 1675 cupientes,
929 1641 1031 1675 quan-

280 1686 345 1711 tnin
368 1690 439 1711 cum
456 1676 523 1711 Deo
547 1686 690 1723 possunt,
711 1690 790 1724 quae
815 1678 844 1712 in
869 1678 951 1712 dicta
968 1678 1030 1712 Ga—

279 1739 362 1761 mera
385 1734 510 1773 gerunt,
534 1727 614 1760 iuste
629 1736 659 1761 et
679 1727 890 1771 laudabiliter,
912 1727 949 1762 ad
967 1740 1032 1762 om-

279 1776 449 1823 nipotentis
471 1776 528 1810 Dei
552 1776 689 1820 laudent,
711 1785 740 1811 et
755 1785 852 1811 status
868 1776 1030 1812 Romanae

278 1825 438 1860 Ecclesiae
453 1826 1032 1873 conservationem,acomnium,quo-

277 1888 344 1910 rum
380 1876 522 1910 intererit
551 1875 802 1922 quomodolibet,
825 1876 1027 1912 sublevamen

276 1925 356 1969 fieri,
384 1934 505 1959 matura
540 1938 637 1972 super
660 1926 719 1960 lioc
743 1926 824 1960 inter
850 1939 904 1961 eos
941 1926 1029 1960 deli-

276 1975 436 2010 beratione
461 1974 656 2021 praehabita,
672 1976 796 2010 statutis
809 1984 839 2010 et
861 1976 1031 2011 ordinatio-

277 2025 370 2059 nibus
387 2024 558 2072 praedictis
573 2037 608 2059 ac
631 2025 799 2069 mandatis,
813 2035 873 2060 tam
891 2038 946 2072 per
963 2026 1029 2072 piae

276 2074 446 2109 memoriae
479 2074 701 2109 Innocentium
729 2074 845 2122 Papam
883 2084 1027 2110 octavum

275 2138 303 2163 et
326 2129 441 2163 lulium
455 2128 644 2174 secundum,
660 2130 752 2164 etiam
771 2130 1029 2177 praedecessores

277 2191 422 2229 nostros,
444 2196 537 2231 quam
568 2196 622 2230 per
658 2196 714 2218 nos
742 2184 771 2217 in
801 2183 899 2219 forma
924 2192 1028 2219 motus

277 2238 394 2284 proprii
422 2237 595 2282 concessis,
623 2237 835 2283 inhaerendo,
858 2238 1026 2273 nonnullas

275 2293 518 2327 constitutiones
541 2301 571 2327 et
598 2292 825 2337 ordinationes,
849 2293 928 2328 inter
957 2305 1028 2328 cae-

278 2356 353 2387 tera,
369 2359 416 2391 ea,
432 2359 512 2394 quae
532 2356 593 2382 tam
618 2359 673 2394 per
688 2346 820 2381 clericos
841 2359 934 2393 quam
951 2347 1028 2383 alios

277 2400 425 2436 officiales
441 2402 542 2448 ipsius
560 2401 711 2436 Gamerae
734 2414 789 2448 pro
813 2411 953 2449 tempore
969 2403 1028 2437 exi-

277 2463 395 2490 stentes
430 2455 495 2490 fieri
518 2464 548 2490 et
570 2456 707 2491 exerceri
731 2455 877 2499 debeant,
896 2468 1028 2491 concer-

278 2516 387 2543 nentes
401 2517 431 2544 et
445 2509 666 2556 disponentes,
681 2522 716 2544 ac
735 2510 810 2545 alias
825 2510 1028 2546 rationabiles

277 2572 307 2597 et
334 2562 484 2598 honestas
514 2565 705 2598 unanimiter
732 2564 874 2598 fecerunt
903 2573 932 2599 et
960 2566 1027 2600 edi-

278 2616 402 2654 derunt,
427 2626 517 2663 prout
541 2618 569 2651 in
600 2618 695 2652 literis
723 2617 856 2663 Eugenii
885 2631 919 2652 ac
944 2631 1028 2653 man-

279 2669 357 2706 datis
381 2671 565 2710 innocentii,
590 2672 882 2720 praedecessorum,
911 2685 944 2707 ac
969 2686 1028 2707 no-

1705 272 1767 305 701

1072 340 1157 377 stris,
1186 350 1308 373 necnon
1332 337 1613 373 constitutionibus
1635 346 1665 372 et
1692 337 1824 372 ordina-

1073 389 1211 423 tionibus
1234 388 1428 428 buiusmodi,
1451 400 1586 435 qnorum
1611 387 1751 421 omnium
1769 395 1822 421 te—

1074 450 1165 472 nores
1192 438 1230 472 de
1266 437 1359 472 verbo
1385 437 1422 471 ad
1452 437 1579 472 verbum
1605 437 1822 483 praesentibus

1074 488 1167 522 inseri
1197 487 1340 527 fecimus,
1369 487 1494 533 plenius
1516 487 1706 521 continetur.

1122 537 1141 584 g
1168 541 1200 571 2.
1229 537 1305 580 Nos,
1328 538 1492 583 cupientes
1516 544 1548 570 ut
1571 536 1699 580 literae,
1731 547 1821 570 man·
1846 545 2022 582 ,nicaoaopm

1073 587 1155 626 data,
1178 587 1419 621 constitutiones
1441 595 1471 620 et
1493 585 1708 621 ordinationes
1735 586 1820 632 ipsae
1835 577 1938 636 ζ’ἑῐζοξζῗ
1952 585 2024 629 θ’ᾛζ

1074 637 1277 671 inconcussae
1306 637 1487 682 persistant,
1510 645 1539 670 et
1566 635 1670 669 clerici
1706 642 1737 669 et
1769 635 1819 669 alii
1836 646 1881 690 §turm
1904 640 1970 675 bussi?
1987 640 2020 660 ΜΠ

1074 686 1222 720 officiales
1259 685 1386 731 praefati
1411 698 1519 719 eorum
1548 685 1647 719 officia
1670 697 1741 719 cum
1766 676 2023 727 de·i2,f,i.smgt¹0i1¹i1i.²‚

1074 736 1174 769 centia
1202 744 1232 769 et
1261 736 1482 782 tranquillitate
1516 747 1663 769 exercerc
1688 734 2023 786 ‘'³¹⁰³¹¹¹2fl,'‡ll¹si?¹22521

1076 793 1160 819 motu
1187 786 1322 831 proprio,
1346 797 1407 819 non
1424 784 1461 819 ad
1479 785 1618 831 ipsorum
1634 784 1820 819 clericorum
1836 778 1926 817 rieo‘mm
1943 797 2021 816 confir*

1075 835 1120 868 vel
1143 835 1274 868 aliorum
1299 847 1354 881 pro
1377 835 1421 868 eis
1435 846 1532 881 super
1554 834 1612 868 lioc
1635 833 1757 868 oblatae
1773 846 1824 880 pe-
1836 831 1890 851 “¹³²³

1076 884 1194 918 titionis
1223 884 1419 928 instantiam,
1443 884 1496 918 sed
1532 883 1571 917 de
1606 892 1708 918 nostra
1739 896 1822 918 mera

1074 933 1300 968 deliberatione
1322 942 1351 968 et
1373 946 1408 967 ex
1432 941 1514 968 certa
1539 933 1681 971 scientia,
1705 934 1823 972 literas,

1075 983 1218 1017 mandata
1236 1011 1244 1026 ,
1271 983 1512 1018 constitutiones
1547 992 1576 1017 et
1609 983 1824 1018 ordinationes

1077 1032 1232 1078 praedicta
1255 1042 1284 1066 et
1308 1033 1336 1066 in
1357 1033 1401 1067 eis
1423 1041 1568 1067 contenta
1592 1045 1823 1079 quaecumque,

1076 1094 1197 1116 necnon
1217 1083 1320 1116 omnia
1335 1091 1365 1116 et
1383 1082 1505 1129 singula
1530 1082 1700 1129 privilegia,
1723 1082 1823 1117 sacul-

1075 1139 1163 1171 tates,
1191 1133 1317 1177 gratias,
1333 1133 1554 1166 concessiones
1572 1139 1601 1166 et
1625 1132 1744 1166 indulta
1771 1144 1824 1166 ca-

1076 1181 1208 1215 merario
1241 1190 1271 1215 et
1305 1181 1428 1215 clericis
1460 1182 1558 1228 ipsius
1591 1180 1743 1216 Gamerae
1765 1193 1823 1228 pro

1075 1238 1214 1276 tempore
1237 1231 1464 1274 existentibus,
1491 1243 1526 1265 ac
1560 1243 1667 1265 eorum
1691 1231 1824 1277 collegio

1074 1279 1151 1314 alias
1173 1292 1229 1327 per
1251 1280 1349 1314 felicis
1373 1281 1598 1315 recordationis
1612 1280 1823 1323 Bonifacium,

1074 1328 1255 1374 Urbanum,
1277 1329 1465 1373 Martinnm,
1492 1329 1671 1370 Callistum,
1699 1331 1823 1365 Sixtum

1074 1388 1220 1425 quartum
1253 1388 1284 1414 et
1321 1392 1375 1426 per
1407 1392 1627 1427 quoscumque
1661 1379 1824 1415 Romanos

1074 1428 1244 1464 Pontifices
1280 1429 1540 1475 praedecessores
1575 1438 1699 1464 nostros
1717 1437 1748 1464 et
1769 1429 1825 1464 Se—

1074 1478 1144 1512 dem
1181 1479 1370 1526 praedictam
1393 1492 1429 1514 ac
1451 1480 1544 1513 etiam
1571 1491 1626 1526 per
1653 1492 1709 1515 nos
1744 1492 1824 1527 quo-

1074 1527 1246 1563 modolibet
1272 1541 1420 1564 concessa
1448 1539 1477 1564 et
1504 1531 1684 1563 confirmata
1701 1557 1709 1573 ,
1737 1541 1824 1576 quo-

1074 1590 1140 1611 rum
1170 1578 1310 1612 omnium
1330 1587 1467 1623 tenores,
1490 1591 1526 1613 ac
1549 1580 1573 1613 si
1602 1579 1640 1613 de
1664 1579 1758 1613 verbo
1785 1579 1823 1613 ad

1075 1628 1202 1662 verbum
1228 1628 1440 1663 insererentur
1465 1628 1694 1675 praesentibus,
1713 1628 1822 1664 baberi

1074 1678 1219 1712 volumus
1243 1690 1298 1724 pro
1320 1679 1497 1725 expressis,
1520 1679 1706 1713 auctoritate
1739 1691 1823 1726 apo—

1073 1727 1198 1766 stolica,
1233 1736 1340 1763 tenore
1377 1729 1585 1775 praesentium
1609 1728 1823 1775 approbamus

1073 1785 1102 1810 et
1125 1776 1361 1822 confirmanius,
1376 1790 1411 1812 ac
1433 1779 1609 1825 praesentis
1633 1778 1741 1824 scripti
1767 1792 1822 1826 pa-

1074 1827 1206 1861 trocinio
1228 1829 1476 1871 communimus,
1501 1828 1625 1874 illisque
1649 1836 1822 1875 perpetuae

1074 1876 1228 1910 firmitatis
1250 1877 1345 1911 robur
1367 1877 1546 1917 adiicimus,
1562 1878 1747 1924 supplentes
1758 1890 1821 1913 om-

1073 1938 1127 1960 nes
1154 1934 1183 1959 et
1203 1927 1344 1972 singulos
1365 1927 1507 1961 desectus
1530 1928 1605 1961 iuris
1633 1936 1663 1961 et
1687 1927 1769 1969 facti,
1796 1929 1820 1962 si

1072 1976 1124 2023 qui
1148 1975 1251 2011 forsan
1281 1977 1508 2011 intervenerint
1532 1978 1561 2011 in
1590 1977 1721 2012 eisdem.

1120 2025 1139 2072 S
1162 2029 1194 2060 5.
1217 2025 1258 2060 Et
1280 2027 1497 2070 nibilominus,
1517 2040 1572 2073 pro
1602 2027 1713 2073 potiori
1738 2038 1823 2061 cau—
1859 2037 2001 2066 iteratoqueo

1073 2075 1144 2118 tela,
1160 2076 1263 2110 omnia
1282 2086 1312 2111 et
1326 2076 1449 2123 singula
1476 2090 1529 2123 per
1551 2077 1635 2124 ipsos
1651 2076 1821 2112 modernos
1837 2071 1893 2090 Μ’
1913 2071 1995 2091 “““““”

1071 2127 1203 2164 clericos
1237 2138 1349 2164 statuta
1377 2138 1407 2164 et
1441 2130 1604 2172 ordinata,
1633 2142 1670 2165 ac
1701 2130 1819 2166 eisdem

1071 2183 1252 2225 camerario,
1268 2184 1392 2220 clericis
1411 2193 1440 2219 et
1463 2197 1571 2220 eorum
1596 2185 1727 2231 collegio
1743 2198 1823 2220 con-

1070 2250 1157 2273 cessa
1185 2248 1215 2273 et
1239 2239 1415 2284 indulta,ut
1434 2241 1618 2287 praefertur,
1633 2241 1821 2276 anctoritate

1071 2301 1101 2327 et
1128 2301 1235 2329 tenore
1264 2294 1446 2341 praedictis,
1474 2295 1512 2329 de
1542 2307 1621 2330 novo
1649 2297 1820 2331 statuimus

1071 2356 1100 2382 et
1117 2348 1311 2393 ordinamus,
1326 2349 1531 2384 concedimus
1553 2358 1583 2384 et
1605 2349 1821 2397 indulgemus,

1071 2414 1106 2436 ac
1133 2403 1182 2437 illa
1208 2403 1368 2450 perpetuis
1395 2403 1507 2438 suturis
1536 2405 1731 2452 temporibus
1768 2406 1818 2440 in-

1072 2457 1257 2493 violabiliter
1280 2457 1437 2493 observari
1462 2458 1605 2494 volumus
1633 2470 1663 2495 et
1686 2460 1821 2495 manda-

1072 2524 1154 2546 mus.
1176 2512 1245 2546 Non
1274 2512 1472 2547 obstantibus
1494 2522 1546 2548 etc.
1581 2513 1722 2549 Tenores
1746 2527 1818 2550 vero

1073 2566 1229 2601 literarum
1258 2575 1287 2601 et
1316 2567 1533 2602 inundatorum
1575 2568 1749 2604 innocentii
1789 2579 1819 2605 et

1070 2619 1152 2658 Iulii,
1169 2621 1460 2667 praedecessorum,
1484 2630 1512 2655 et
1535 2631 1726 2665 nostrornm,
1741 2636 1817 2658 nec-

1072 2687 1132 2708 non
1156 2675 1415 2709 constitutionum
1439 2684 1466 2710 et
1481 2676 1715 2711 ordinationum
1733 2690 1820 2725 prac-

1840 282 1890 309 An.
1908 283 1935 309 C.
1954 283 2018 310 15¹7
