2281 3251
858 309 953 332 innax
978 307 1189 331 nonnionem
1677 291 1714 323 8¹
1725 290 1746 323 5

344 377 452 402 merae
459 365 661 410 Apostolicae
671 374 891 407 quascumque
899 373 1010 396 causas

344 418 498 452 interesse
508 414 609 458 ipsius
619 413 769 446 Gamerae
780 417 1011 445 concernentes

346 464 521 500 summarie
537 468 592 496 etc.
617 461 849 505 cognoscendi,
867 460 941 494 315.

258 516 320 550 VII.
343 513 521 549 Declaratio
542 518 572 546 ct
592 511 749 545 revocatio
766 510 1010 544 concessionum

350 563 621 607 iurispatronatus
632 566 663 594 et
674 559 898 604 praesentandi
911 559 948 591 ad
961 558 1012 590 be-

350 611 465 646 neficia
481 610 708 649 ecclesiastica,
723 621 780 653 pei·
799 609 912 642 Sedem
928 609 1012 651 Apo-

350 661 495 695 stolicam
525 660 658 702 eiusque
688 658 840 692 officiales
864 657 902 689 ab
923 656 1014 689 annis

349 720 409 744 xxv
429 709 508 743 citra
529 709 698 747 factarum,
720 706 795 740 3116.

262 759 336 793 vill.
369 758 560 792 Auditorum
589 757 687 790 Rotae
720 755 882 788 Romanae
911 753 1014 786 officia

349 811 462 840 vacent
491 816 549 850 per
577 815 690 838 eorum
722 802 956 847 promotionem
978 801 1014 833 ad

353 855 512 889 Ecclesias
541 853 739 887 cathedrales
757 852 804 884 vel
831 850 1016 894 metropoli-

352 910 454 944 tanas,
475 903 551 937 319.

266 956 315 990 IX.
340 953 521 990 lurisdictio
537 958 567 985 et
586 951 751 984 facultates
771 947 925 982 auditoris
941 957 1016 979 cau-

354 1013 463 1037 sarum
492 1001 607 1035 Curiae
635 997 838 1032 Reverendae
867 995 1018 1029 Gamerae

354 1050 570 1095 Apostolicae,
587 1048 662 1082 320.

267 1103 302 1135 X.
325 1101 417 1141 Quod
436 1103 675 1133 conservatores
690 1101 719 1129 et
735 1100 921 1128 executores
937 1093 1018 1126 litte-

357 1160 467 1183 rarum
480 1147 729 1192 apostolicarum
742 1146 779 1177 ad
792 1146 929 1177 favorem
947 1154 1021 1176 con-

356 1196 550 1242 gregationis
566 1195 596 1229 S.
614 1194 752 1228 Iustinae
765 1194 802 1225 de
818 1192 1022 1226 Observantia

357 1245 593 1280 monachorum
613 1243 644 1276 S.
667 1241 848 1280 Benedicti,
870 1251 982 1273 omnes
1002 1240 1022 1272 ii

359 1295 423 1328 dati
444 1296 657 1331 censeantur,
686 1290 803 1333 quibus
823 1289 919 1322 Sedes
938 1289 1023 1332 Apo-

363 1343 477 1377 stolica
497 1351 609 1374 causas
629 1339 776 1381 delegare
797 1342 910 1381 potest,
933 1336 1007 1370 323.

273 1394 325 1427 XI.
343 1390 509 1435 Exemptio
526 1388 761 1422 monachorum
773 1385 902 1419 Ordinis
912 1385 1025 1418 Cister-

362 1440 478 1475 ciensis
498 1449 515 1472 a
545 1436 765 1471 iurisdictione
786 1435 1024 1468 ordinariorum

363 1494 395 1523 et
414 1488 575 1522 solutione
601 1485 803 1519 exactionum
826 1488 856 1516 et
871 1482 1027 1515 subsidio-

363 1547 436 1571 rum
461 1544 745 1578 quorumcumque
771 1532 865 1564 etiam
886 1531 1026 1564 charita-

363 1586 516 1624 tivorum‚
539 1582 613 1616 324.

276 1636 339 1670 XII.
354 1632 586 1678 Inquisitorum
597 1630 777 1664 haereticae
788 1628 948 1673 pravitatis
959 1639 1028 1661 sen-

367 1682 499 1722 tentiae,
518 1685 628 1714 contra
648 1678 827 1712 haereticos
846 1677 1029 1721 promulga-

367 1738 431 1772 tae,
444 1742 462 1764 a
473 1728 711 1773 magistratibus
722 1726 941 1759 saecularibus
957 1736 1029 1758 exe-

367 1780 490 1814 cutioni
510 1777 756 1815 demandentur,
779 1775 899 1817 absque
924 1774 1030 1816 aliqua

368 1838 579 1874 processuum
605 1825 773 1863 revision&
795 1823 870 1857 326.

277 1880 354 1914 XIII.
383 1877 551 1912 Damnatio
576 1874 807 1908 nonnullarum
838 1870 1031 1915 propositio-

369 1936 448 1961 num
458 1924 586 1959 Ioannis
595 1922 675 1962 Pici,
684 1921 810 1955 comitis
821 1918 1030 1959 Concordiae,

372 1985 447 2010 cum
466 1972 659 2007 inhibitione
678 1971 749 2004 illas
766 1967 973 2013 imprimendi
998 1978 1033 2000 ac

369 2023 510 2069 legendi,
533 2022 592 2056 sub
608 2031 712 2065 poena
727 2017 1034 2053 excommunicatio-

371 2075 434 2115 nis,
456 2072 532 2107 327.

282 2126 358 2160 XIV.
381 2124 498 2158 Contra
522 2125 710 2157 asserentes,
734 2120 766 2151 in
782 2117 893 2150 litteris
912 2121 1037 2160 aposto-

372 2174 444 2207 licis
458 2200 465 2213 ,
487 2183 521 2205 se
545 2181 613 2204 esse
632 2170 711 2202 tales
730 2168 841 2211 quales
864 2176 929 2199 non
949 2170 1035 2204 sunt,

373 2234 432 2268 pro
444 2219 631 2256 earumdem
646 2218 825 2251 litterarum
838 2214 1038 2258 expeditione

375 2272 473 2317 gratis
492 2267 730 2311 consequenda,
753 2265 829 2299 3-29.

289 2323 350 2356 XV.
376 2319 549 2365 Ampliatio
570 2316 696 2359 collegii
717 2325 769 2348 sex
793 2312 1039 2347 secretariorum

380 2374 632 2419 apostolicorum
661 2369 699 2402 ad
721 2377 893 2401 numerum
912 2365 1040 2408 viginti-

379 2433 520 2471 quatuor
535 2453 542 2466 ,
574 2430 603 2457 et
624 2421 804 2467 praefinitio
829 2419 925 2452 officii
946 2417 1042 2451 unius

378 2480 542 2516 secretarii
564 2477 742 2515 domestici,
757 2486 830 2508 cum
844 2473 1042 2507 emolumen-

379 2542 487 2570 torum
516 2540 580 2567 tam
617 2532 718 2576 ipsius
754 2527 916 2562 secretarii
945 2536 1042 2570 quam

379 2591 476 2624 totius
493 2587 632 2630 collegii,
647 2583 955 2630 privilegiet-umque
971 2590 1045 2613 con-

380 2644 535 2682 cessione,
557 2641 632 2675 330.

291 2700 365 2736 XVI.
397 2697 579 2734 Iurisdictio
608 2700 637 2729 et
667 2693 836 2727 facultates
860 2689 1046 2724 auditorum

1138 361 1235 393 Rotae
1251 359 1413 392 Romanae
1433 358 1464 389 in
1485 356 1590 389 causis
1607 365 1664 398 per
1683 364 1737 387 eos
1748 363 1798 386 co-

1139 407 1342 452 gnoscendis,
1364 406 1438 440 3:39.

1053 459 1138 492 XVII.
1163 457 1278 491 Contra
1299 456 1407 489 exules
1427 460 1456 487 et
1476 453 1624 486 bannitos
1643 452 1682 485 ab
1703 451 1797 489 Urbe,

1142 506 1244 538 minas
1265 515 1322 548 pro
1348 502 1494 536 habenda
1515 512 1592 546 pace
1612 501 1650 533 ab
1671 499 1800 533 offensis

1141 555 1187 587 vel
1204 563 1316 586 eorum
1341 551 1533 585 haeredibus
1549 550 1733 588 inferentes,
1751 558 1803 581 θον

1142 613 1279 646 rumque
1307 601 1465 633 nuncium
1499 599 1636 631 scienter
1664 597 1802 640 desuper

1143 653 1324 690 afferentes,
1347 648 1423 682 341.

1057 701 1158 735 xvul.
1181 699 1270 739 Quod
1286 698 1447 731 debitores
1466 696 1633 730 occasione
1644 696 1802 727 bonorum

1146 748 1296 792 ripalium
1314 747 1345 779 in
1358 746 1446 789 Ripis
1466 746 1568 778 almae
1585 744 1677 777 t'rbis
1695 742 1804 775 vendi-

1147 803 1253 829 torum
1275 796 1312 827 ad
1325 794 1599 838 quinquennalem
1621 791 1806 824 dilationem

1145 847 1193 878 vel
1222 845 1382 877 bonorum
1403 842 1580 875 cessionem
1607 851 1670 873 non
1691 839 1805 872 admit-

1146 898 1269 933 tantur;
1291 889 1645 936 quodqueaiudicibus
1664 889 1805 932 ipsarum

1148 943 1302 986 Riparum
1323 941 1362 973 ad
1395 940 1559 973 Cameram
1594 937 1808 982 Apostolicam

1148 997 1272 1024 tantum
1293 989 1449 1034 appellari
1470 989 1576 1027 liceat,
1598 986 1673 1020 342.

1060 1041 1137 1075 XIX.
1160 1039 1357 1084 Approbatio
1374 1035 1643 1071 confraternitatis
1658 1034 1811 1067 subinvo-

1151 1089 1274 1122 catione
1286 1089 1316 1121 S.
1336 1086 1464 1121 Ioannis
1474 1086 1630 1129 Baptistae
1646 1082 1811 1120 Decollati,

1150 1137 1278 1171 Divinae
1299 1134 1534 1169 Misericordiae
1551 1136 1767 1175 nuncupatae,
1781 1131 1813 1163 in

1152 1187 1235 1218 alma
1255 1185 1338 1218 Urbe
1359 1194 1464 1227 nuper
1494 1182 1655 1215 institutae
1669 1207 1676 1219 ‚
1699 1180 1737 1212 ad
1761 1179 1813 1223 pie

1153 1233 1388 1267 consolandum
1405 1231 1500 1264 morti
1521 1242 1539 1263 a
1558 1229 1720 1262 iudicibus
1740 1238 1814 1260 con-

1155 1283 1333 1321 demnatos,
1356 1280 1601 1322 curandumque
1621 1287 1733 1310 eorum
1750 1276 1816 1309 ani-

1155 1342 1225 1364 mae
1247 1331 1382 1363 salutem
1404 1334 1433 1361 et
1449 1327 1669 1371 sepeliendum
1682 1335 1817 1368 corpora

1155 1378 1356 1417 eorumdem,
1378 1376 1453 1410 343.

1068 1429 1130 1463 XX.
1167 1429 1283 1461 Contra
1316 1425 1528 1469 impedientes
1557 1433 1687 1466 quoquo
1723 1421 1816 1453 modo

1157 1476 1380 1509 executionem
1405 1473 1593 1507 citationum
1623 1476 1653 1504 et
1680 1469 1817 1503 aliorum

1157 1524 1381 1558 mandatorum
1429 1521 1662 1562 cuiuscumque
1704 1517 1819 1551 iudicis

1158 1582 1328 1606 causarum
1349 1571 1381 1603 in
1403 1571 1544 1603 Romana
1564 1567 1659 1601 Curia
1679 1565 1819 1610 penden-

1159 1622 1250 1660 tium,
1273 1625 1303 1653 et
1322 1624 1433 1652 contra
1448 1627 1560 1651 eorum
1581 1617 1721 1649 fautores
1733 1618 1819 1647 nota-

1158 1671 1285 1713 riosque
1307 1668 1516 1701 instrumenta
1537 1663 1722 1698 huiusmodi
1747 1673 1818 1696 exe-

1160 1719 1325 1752 cutionum
1351 1717 1425 1749 dare
1447 1718 1642 1753 recusantes,
1664 1712 1738 1745 346.

1072 1769 1148 1802 xxi.
1177 1768 1293 1801 Contra
1317 1775 1381 1798 non
1405 1765 1581 1801 solventes,
1608 1761 1639 1794 in
1664 1762 1742 1794 festo
1771 1761 1817 1793 Ss.

1161 1816 1243 1850 Petri
1273 1820 1303 1847 et
1331 1813 1419 1847 Pauli
1447 1812 1687 1856 apostolorum,
1709 1819 1823 1842 census

1161 1864 1362 1899 Reverendae
1387 1863 1538 1896 Camerae
1554 1859 1752 1902 Apostolicae
1772 1858 1823 1890 de-

1163 1915 1255 1953 bitos,
1277 1912 1351 1946 349.

1297 2007 1526 2042 ALEXANDER
1556 2006 1601 2038 Vl.

1079 2112 1100 2145 I.
1128 2107 1334 2143 Confirmatio
1361 2103 1598 2149 privilegiorum
1618 2100 1827 2134 Bononiensis

1168 2155 1297 2190 civitatis
1322 2154 1406 2187 eirca
1435 2151 1577 2194 regimen
1607 2149 1748 2183 eiusdem
1770 2159 1826 2191 per

1168 2209 1287 2249 legatos
1298 2204 1441 2246 aliosque
1458 2212 1475 2234 a
1485 2201 1565 2234 Sede
1576 2198 1755 2243 Apostolica
1771 2197 1825 2229 de·

1170 2260 1294 2300 putatos
1323 2250 1534 2285 exercendum
1566 2259 1640 2281 cum
1669 2256 1826 2280 consensu

1171 2302 1425 2346 magistratuum,
1443 2298 1517 2331 350.

1083 2356 1117 2389 II.
1143 2350 1335 2397 Approbatio
1355 2348 1505 2390 Regulae,
1519 2346 1582 2378 sive
1597 2349 1787 2378 statutorum
1800 2347 1827 2374 et

1171 2400 1406 2436 ordinationum
1445 2394 1644 2429 confirmatio
1685 2404 1702 2426 a
1740 2393 1829 2425 beato

1173 2449 1339 2485 Francisco
1352 2448 1390 2480 de
1406 2445 1502 2478 Paula
1519 2442 1666 2488 primitus
1685 2441 1750 2474 suis
1768 2441 1830 2473 fra-

1173 2500 1273 2533 tribus
1282 2496 1470 2530 traditorum
1484 2493 1514 2526 in
1526 2490 1697 2526 Cusentina
1707 2498 1828 2525 eremo,

1173 2548 1246 2583 352.

1086 2597 1134 2629 lll.
1163 2595 1277 2627 Contra
1302 2590 1425 2623 sibimet
1452 2587 1500 2619 ius
1524 2585 1675 2622 dicentes,
1701 2586 1755 2614 aut
1779 2591 1831 2613 ca-

1176 2639 1325 2670 xalcatam
1342 2639 1396 2666 aut
1407 2631 1574 2665 hominum
1592 2626 1775 2661 missionem
1787 2626 1833 2658 fa-

1177 2683 1294 2716 cientes
1309 2680 1340 2713 in
1361 2678 1449 2712 Statu
1464 2672 1696 2711 Ecclesiastico,
1716 2669 1791 2704 359.
