2281 3251
87 297 136 325 An.
155 298 185 324 C.
201 298 267 324 11172

946 295 1054 318 sthtsss
1077 295 1107 316 lV
1133 294 1181 316 tw.

283 350 346 391 eis,
363 351 392 386 in
410 351 520 385 virtute
537 359 662 385 sanctae
678 350 876 384 obedientiae
891 349 1033 384 districte

284 399 519 449 praecipiendo,
543 399 734 443 inhibemus,
762 411 801 433 ne
833 408 919 433 extra
944 411 1033 445 prae-

283 451 383 485 dictos
405 449 552 483 articulos
580 457 609 483 ct
631 460 722 483 casus
746 449 774 482 in
793 447 913 493 Regula
944 460 1034 494 prae-

284 499 365 533 dicta
393 505 560 532 contentos
583 507 612 532 et
641 509 820 543 expressos,
854 509 912 531 nee
940 497 1031 531 etiam

285 548 315 582 in
340 547 402 582 illis
425 550 508 590 (cunt
539 559 600 581 non
638 547 806 581 universus
841 545 951 587 Ordo,
979 545 1032 579 sed

284 597 386 644 aliqua
410 596 509 643 ipsius
532 608 602 642 pars
623 605 653 630 et
669 596 813 642 specialis
837 607 968 641 persona
984 608 1036 629 er-

285 649 383 689 raret)
410 646 550 692 ipsorum
587 645 716 679 fratrum
746 644 890 691 querelas
911 645 1034 689 audire,

286 707 342 729 seu
366 694 405 728 de
423 695 563 741 ipsorum
587 695 690 728 causis
713 702 741 728 et
766 694 905 739 negociis
927 703 1033 728 contra

285 744 388 778 literas
416 752 444 777 et
468 743 696 778 declarationes
732 743 914 777 huiusmodi
938 744 1036 777 intro-

285 793 410 828 mittere
434 804 467 827 se
489 792 718 839 quoquomodo
738 800 949 839 praesumant.
973 792 1034 826 Sed

285 851 397 877 curent
420 842 475 885 (uti
497 849 543 876 est
562 853 671 876 eorum
696 842 858 888 proprium
883 841 1036 885 officium,

285 899 315 925 et
351 891 478 937 praefati
512 891 608 925 sancti
636 890 798 925 Francisci
832 898 863 924 et
898 890 1036 936 Aposto-

286 940 362 975 licae
379 939 470 974 Sedis
490 940 619 974 intentio
632 940 742 984 extitit)
763 940 865 986 ipsum
883 938 1036 973 Ordinem

287 989 317 1023 in
332 990 459 1036 quieto,
476 988 642 1035 tranquillo
666 997 696 1023 et
720 989 849 1035 pacifico
864 996 944 1022 statu
961 1000 1038 1023 cou-

286 1050 409 1073 servare
431 1046 461 1072 et
488 1050 614 1084 augere,
637 1045 667 1071 et
695 1038 733 1072 ab
760 1037 1037 1084 impugnantibus,

287 1086 526 1122 molestantibus
545 1094 575 1122 et
590 1086 847 1134 perturbantibus
869 1086 1037 1121 defendere

287 1148 323 1171 ac
342 1136 497 1180 tueri,ne,
519 1148 613 1171 secus
626 1135 762 1182 agendo,
777 1135 929 1170 Ordinem
948 1147 1039 1182 prae-

287 1185 385 1220 fatum
410 1197 472 1220 non
495 1185 596 1219 solum
618 1197 680 1219 non
705 1193 882 1231 protegant,
910 1197 1039 1219 conser-

289 1243 361 1269 vent
385 1242 415 1268 et
436 1234 583 1275 exaltent,
604 1243 636 1268 ut
656 1241 815 1275 tenentur,
837 1234 891 1268 sed
916 1235 947 1268 in
970 1235 1039 1268 ani-

289 1296 410 1318 marum
429 1296 557 1318 suarum
574 1283 747 1330 perniciem
765 1291 795 1318 et
814 1283 886 1317 dicti
909 1282 1040 1317 Ordinis

289 1332 512 1367 detrimentum
536 1341 566 1367 et
581 1331 764 1367 scandalum
789 1332 984 1367 confundant
1011 1341 1041 1366 et

289 1382 461 1417 destruant.

338 1430 423 1465 Nulli
451 1443 524 1477 ergo
546 1438 599 1465 etc.

338 1479 454 1515 Datum
477 1479 597 1515 Romae
619 1480 701 1527 apud
724 1480 875 1515 Sanctum
898 1479 1041 1523 Petrum,

289 1542 372 1565 anno
405 1529 633 1564 lucarnationis
670 1529 846 1564 dominicae
875 1529 1042 1564 millesimo

290 1579 601 1626 quadringentesimo
627 1579 860 1626 septuagesimo
888 1579 1043 1623 seeundo,

290 1628 402 1676 quinto
423 1627 574 1663 kalendas
591 1627 751 1672 februarii,
768 1627 969 1675 pontificatus
985 1640 1043 1662 no-

290 1678 344 1712 stri
369 1689 450 1712 anno
473 1677 612 1712 seeundo
636 1680 690 1722 (l).

339 1739 399 1768 Dat.
416 1739 462 1768 die
478 1738 516 1768 28
533 1738 658 1768 ianuarii
677 1738 763 1775 1472,
780 1742 857 1777 pont.
877 1747 951 1767 anno
979 1747 997 1767 1.

607 1910 650 1945 111
673 1912 729 1955 (2).

343 1988 490 2022 Reductt'o
517 1988 695 2021 auditorum
721 1987 807 2019 Βοιαὶ
837 1987 996 2019 Romanae

429 2043 471 2074 ad
491 2052 650 2074 nanterum
668 2041 827 2074 duodecim
849 2042 903 2082 (st.

295 2191 462 2222 Exordium.
481 2207 520 2212 —
536 2191 561 2219 1.
581 2189 672 2219 Causa
693 2189 783 2218 huius
803 2189 994 2218 reductionis.
1011 2206 1048 2211 —

336 2237 363 2266 2.
383 2235 524 2265 Reduetio
542 2234 707 2264 auditorum
728 2233 762 2262 ad
787 2233 951 2262 duodecim.
968 2250 1003 2255 -
1022 2234 1048 2262 3.

336 2281 499 2311 Proliibitio
523 2280 681 2309 excedendi
712 2279 739 2309 d.
763 2287 929 2307 numerum.
956 2295 993 2300 —
1023 2279 1048 2307 t.

338 2325 493 2355 Auditores
512 2325 715 2355 examinentur
733 2332 829 2352 coram
852 2323 1050 2352 vice—cancel-

337 2370 418 2400 lario.
438 2386 475 2390 —
494 2369 520 2398 5.
539 2368 645 2397 Eorum
670 2368 797 2397 officium
819 2376 874 2396 uon
896 2372 974 2395 vacat
999 2376 1050 2405 per

338 2413 561 2453 promotionem.

334 2480 372 2515 (1)
393 2479 542 2514 Legendum
566 2479 663 2512 pontis.
685 2487 729 2504 en.
748 2486 756 2504 1
778 2478 815 2512 (n.
833 2478 883 2511 τ.)Δ
923 2478 962 2511 (9.)
982 2477 1050 2503 Haec

298 2519 368 2547 hulla
391 2520 498 2554 ponitur
518 2518 567 2545 sul)
584 2527 657 2545 num.
680 2519 735 2544 nin
761 2518 835 2544 Rom.
858 2518 979 2552 mitta.
999 2517 1054 2550 T.).'

300 2559 338 2595 (5)
358 2560 396 2586 De
416 2558 589 2593 qualitatibus
613 2560 720 2589 autem,
749 2565 858 2583 munere
877 2560 903 2583 et
930 2556 1051 2583 examine

299 2599 451 2626 auditorum
478 2601 504 2624 et
519 2598 576 2625 aliis
596 2606 689 2624 eorum
716 2597 853 2624 materiam
885 2604 1050 2623 concernen-

302 2639 383 2671 tibus,
406 2638 467 2665 vide
483 2646 544 2673 sup.
561 2638 674 2665 Constit.
700 2638 804 2664 Martini
825 2637 856 2664 V.
880 2639 912 2663 1η
934 2638 1049 2669 Aposto-

303 2681 375 2712 ticae,
397 2682 460 2706 tom.
479 2687 518 2711 tv,
540 2686 598 2714 pag.
619 2678 680 2704 670.

1705 280 1775 311 207

1147 352 1241 380 Sixtus
1260 351 1401 386 opiscopus
1421 356 1515 378 servus
1532 354 1673 376 servorum
1693 346 1751 378 Det.

1226 397 1258 424 ad
1274 396 1434 431 perpetuam
1450 393 1491 422 rei
1509 392 1677 421 memoriam.

1127 450 1260 485 Romani
1292 448 1455 483 Pontificis
1479 446 1635 481 indefessa
1659 444 1827 481 solicitudo

1078 500 1152 535 nibil
1168 499 1315 546 praeterit
1331 497 1555 535 inordinatum,
1575 496 1628 530 sed
1650 495 1753 529 omnia
1770 506 1828 528 suo

1080 549 1222 596 pastorali
1240 547 1406 583 commissa
1420 547 1533 586 officio,
1550 545 1631 579 sicut
1647 545 1676 578 in
1693 543 1829 578 Domino

1078 598 1231 644 conspicit
1262 597 1427 643 expedire,
1453 602 1536 630 certa
1565 594 1632 640 lege
1663 605 1698 628 ac
1732 592 1830 627 limite

1078 647 1249 683 conctmtit,
1273 646 1309 680 ad
1326 657 1425 692 caque
1442 644 1577 679 maxime
1599 641 1829 681 animadvertit,

1079 696 1215 744 quaesui
1230 695 1402 741 Apostoliei
1426 693 1535 728 Palatii
1558 692 1763 727 domesticam
1781 702 1831 725 re-

1079 746 1216 792 spiciunt
1235 751 1442 786 venustatem,
1458 742 1648 777 admonente
1664 740 1829 788 propheta:

1081 796 1223 831 Domine,
1252 794 1352 827 dilexi
1371 795 1507 827 decorem
1528 793 1636 826 domus
1663 798 1742 824 tuae.

1128 848 1143 886 g
1175 846 1203 876 l.
1235 841 1316 876 Hinc
1338 850 1383 876 est
1406 841 1503 887 quod,
1537 841 1562 875 si
1585 840 1771 874 dilectorum
1795 838 1832 872 fi-

1082 893 1194 926 liorum
1223 891 1366 925 eiusdem
1388 890 1495 924 Palatii
1516 901 1682 924 causarum
1698 888 1832 923 audito-

1082 954 1148 976 rum
1179 940 1334 986 peculiare
1360 939 1541 985 collegium,
1565 938 1706 973 doetrina
1729 945 1759 972 et
1786 937 1833 971 in-

1082 991 1225 1035 tegritate
1249 989 1360 1023 ceteris
1383 995 1564 1034 praestans,
1593 996 1677 1022 certo
1704 985 1833 1021 claude-

1082 1048 1166 1074 retur
1189 1050 1321 1073 numero
1344 1049 1565 1085 personarum,
1588 1035 1697 1071 maiori
1720 1035 1833 1070 decore

1082 1088 1230 1134 fulgeret,
1246 1088 1489 1121 immorarentur
1505 1089 1549 1130 (l)
1564 1085 1757 1132 litigatorum
1773 1084 1834 1119 dis-

1084 1138 1209 1184 pendia,
1234 1136 1418 1182 faciliorque
1435 1135 1513 1170 foret
1531 1135 1634 1170 exitus
1654 1145 1832 1169 causarum.

1132 1191 1146 1230 ξ
1168 1191 1201 1220 2.
1225 1185 1291 1220 Nos
1306 1186 1413 1232 igitur,
1435 1185 1489 1231 qui
1511 1184 1606 1218 etiam
1629 1182 1832 1218 multitudine

1084 1236 1304 1270 confusionem
1332 1234 1468 1269 suboriri
1496 1233 1677 1273 didicimus,
1705 1231 1835 1279 provide

1083 1285 1292 1325 attendentes,
1320 1295 1445 1319 omnem
1474 1281 1548 1317 dicti
1572 1280 1695 1328 collegii
1724 1289 1755 1316 et
1776 1292 1837 1315 au-

1084 1334 1189 1369 ditorii
1219 1332 1315 1368 nostri
1344 1331 1591 1367 moderationem
1619 1339 1714 1377 atque
1740 1341 1837 1365 orna-

1085 1392 1150 1418 tum
1174 1383 1211 1418 ad
1228 1391 1352 1417 nostrae
1370 1389 1496 1416 sanctae
1518 1380 1613 1416 Sedis
1634 1379 1838 1428 Apostolicae

1084 1433 1214 1480 gloriam
1238 1431 1391 1471 conferre,
1416 1439 1502 1465 motu
1526 1429 1666 1477 proprio,
1693 1441 1732 1463 ex
1754 1436 1837 1463 certa

1085 1482 1243 1527 seientia,
1278 1481 1335 1515 ltac
1371 1479 1576 1526 irrefragabili
1613 1478 1838 1514 constitutione

1087 1540 1240 1579 perpetuo
1283 1530 1431 1570 valitura,
1458 1529 1641 1564 auctoritate
1668 1526 1838 1573 apostolica

1086 1581 1255 1616 statuimus
1278 1589 1307 1614 et
1348 1578 1534 1614 ordinamus
1562 1577 1645 1624 quod
1681 1577 1838 1611 dictorum

1086 1630 1265 1665 auditorum
1295 1637 1325 1664 et
1348 1628 1628 1662 locumtenentium
1653 1625 1839 1661 eorumdem

1087 1691 1251 1723 numerus,
1273 1678 1326 1725 qui
1356 1677 1394 1712 ad
1423 1688 1572 1724 praesens
1599 1675 1839 1723 quatuordecim

1088 1741 1156 1764 esse
1181 1728 1403 1775 perhibentur,
1431 1726 1469 1761 de
1500 1734 1603 1761 cetero
1626 1724 1841 1759 duodenarius

1088 1778 1250 1812 dumtaxat
1271 1777 1393 1812 existat.
1418 1775 1590 1822 Quodque,
1612 1775 1637 1809 si
1665 1773 1719 1821 qui
1745 1786 1841 1821 supra

1089 1834 1237 1862 statutum
1263 1837 1429 1860 numerum
1449 1837 1486 1859 ex
1506 1824 1629 1859 dilectis
1644 1823 1717 1857 filiis
1739 1823 1842 1869 magi-

1089 1878 1171 1920 stris,
1199 1875 1339 1923 Gaspare
1366 1874 1404 1909 de
1432 1874 1564 1913 Zerano‚
1587 1873 1706 1908 decano
1730 1872 1841 1916 Rotae,

1090 1926 1205 1960 Ioanne
1223 1925 1260 1959 de
1283 1924 1378 1967 Cosa,
1392 1925 1542 1970 episeopo
1561 1922 1842 1968 Calaguritancnse

1091 1976 1348 2018 locumtenente,
1375 1974 1537 2008 Ludovieo
1571 1972 1610 2006 de
1637 1971 1816 2007 Ludovisiis
1835 2000 1842 2013 ,

1090 2024 1207 2058 Ioanne
1224 2023 1262 2058 de
1279 2023 1438 2063 Caetanis,
1454 2023 1569 2057 loanne
1592 2022 1631 2057 de
1653 2022 1842 2066 Caesarinis,

1090 2074 1228 2108 Antonio
1257 2073 1295 2108 de
1322 2073 1468 2113 Grassis,
1503 2072 1635 2106 Fantino
1662 2071 1701 2105 de
1730 2071 1817 2106 Valle
1834 2099 1843 2116 ,

1092 2124 1208 2158 loanne
1241 2122 1411 2157 Francisco
1434 2122 1576 2161 Panno,
1610 2120 1766 2155 Matthaeo
1803 2120 1842 2155 de

1091 2173 1196 2212 Porta,
1223 2171 1354 2206 Nicolao
1389 2171 1427 2205 de
1462 2171 1604 2210 [ju-ldis,
1632 2169 1778 2204 Gabriele
1805 2170 1844 2205 de

1091 2222 1281 2256 Contarenis
1296 2249 1303 2261 ,
1326 2221 1568 2255 Bartholomaeo
1584 2219 1622 2254 de
1638 2219 1823 2254 Bellenunis
1835 2247 1842 2260 ,

1092 2271 1219 2306 Nicolao
1243 2271 1280 2305 dc
1304 2271 1415 2314 Edam,
1438 2270 1531 2304 Petro
1554 2270 1592 2304 de
1609 2268 1750 2308 Ferrera,
1775 2281 1844 2303 mo-

1092 2321 1198 2356 dernis
1221 2332 1385 2355 causarum
1410 2320 1484 2353 dicti
1512 2319 1624 2353 Palatii
1648 2318 1844 2353 auditoribus

1092 2378 1122 2404 et
1154 2369 1455 2412 locumtenentibus,
1479 2368 1554 2403 tales
1589 2380 1657 2402 esse
1684 2367 1843 2411 desierint,

1093 2420 1193 2454 officia
1216 2432 1270 2454 sua
1291 2418 1470 2452 huiusmodi
1490 2417 1638 2452 deficiant
1656 2417 1687 2452 in
1706 2429 1740 2451 se
1755 2417 1842 2464 ipsis„

1093 2469 1228 2504 extincta
1252 2469 1378 2515 penitus
1400 2468 1462 2502 Sint
1489 2475 1518 2501 et
1540 2479 1608 2502 esse
1635 2474 1842 2508 censeantur,

1094 2519 1217 2565 illisque
1240 2526 1293 2553 aut
1315 2530 1423 2552 eorum
1452 2516 1540 2552 alteri
1564 2516 1724 2562 aggregari
1750 2527 1843 2550 nemo

1095 2569 1193 2616 possit
1216 2579 1319 2613 neque
1362 2566 1469 2601 valeat.

1143 2617 1163 2664 g
1185 2619 1216 2651 3.
1241 2616 1417 2662 Nullusque
1439 2615 1580 2653 omnino,
1597 2615 1676 2648 ultra
1695 2613 1843 2661 praelini-

1130 2674 1168 2709 (Ι)
1186 2675 1245 2709 Lrg.

1268 2674 1284 2699 l'.
1303 2675 1527 2700 imminuerentur
1547 2672 1590 2706 (tt.
1611 2671 1666 2705 τ.),

1841 288 1890 314 An.
1913 287 1940 312 C.
1957 286 2024 313 tt17⁴2

1873 444 1983 466 Exordium

1855 842 1920 862 Causa
1928 841 1989 862 huius
1999 846 2031 861 re-

1847 873 1960 894 ductiontsv

1856 1191 1958 1212 Reduttio
1972 1191 2033 1211 audi-

1849 1225 1916 1242 torum
1941 1222 1965 1241 ud
1980 1222 2033 1241 duo-

1851 1253 1925 1274 decim.
