2281 3251
256 227 298 252 an.
315 226 341 252 C.
364 227 430 253 ¹500

248 683 290 705 Ine
307 684 365 705 Pont.
376 686 429 706 viam

248 718 348 737 directam
364 723 374 736 ι
385 722 429 743 por-
446 733 450 737 .

248 752 268 768 t·
286 748 352 768 Casiri
367 747 427 768 Sanr,

248 780 320 805 Angeti
331 784 395 805 usque
405 779 429 799 ad

247 810 336 837 plateam
352 810 372 831 S>
389 810 429 830 Pe-

247 843 272 861 tri
294 842 346 865 fieri,
370 847 430 861 enm-

247 878 286 899 qno
302 873 429 893 Alexandri-

246 910 292 924 num
301 904 428 931 appetimu-

246 936 309 960 duit.

258 1487 282 1509 ΕΙ.
301 1486 363 1507 modo
383 1487 428 1513 pri-

244 1518 321 1543 vilegia
331 1518 350 1538 ln
363 1523 388 1538 e·
398 1523 428 1537 ι-

244 1548 356 1569 dine-nub.
374 1553 427 1569 con-

243 1581 306 1601 cedit.

496 217 564 249 578

446 282 612 318 sacerdotii
637 282 830 336 principuus
852 289 881 316 et
907 281 1093 315 christianae
1118 280 1191 315 teli-

446 332 548 380 gionis
570 340 660 379 caput
682 331 799 371 existit,
821 342 857 365 eo
886 342 942 365 nos
964 330 1109 365 convenit
1131 342 1193 365 am-

446 383 536 430 pliori
564 394 637 417 cura
662 381 852 428 prospicere
875 392 937 427 quo
960 380 1058 428 ipsam
1082 392 1193 415 sacer-

445 433 580 468 dotalem
603 432 756 466 civitatem
777 431 898 465 cunctis
919 430 988 465 aliis
1010 430 1192 477 praelatam,

446 482 537 518 nobis
565 481 647 528 quod
684 480 872 528 peculiarem
908 480 1016 524 titiam,
1055 479 1190 527 quadam

446 532 614 580 praecipua
637 539 668 565 et
693 530 843 577 singulari
880 529 1061 575 dilectione,
1085 530 1115 564 in
1139 530 1192 564 vi-

444 582 585 618 sceribus
606 581 745 627 gerimus
766 580 936 615 charitatis.

493 633 512 679 g
542 634 571 665 1.
595 630 690 674 Sane,
711 643 784 665 cum
800 629 952 677 superiori
969 641 1064 674 anno,
1079 641 1117 664 ex
1135 629 1193 664 de·

445 681 630 716 liberatione
662 689 692 715 et
728 681 953 715 commissione
987 688 1104 719 nostra,
1138 691 1193 726 pro

445 733 617 767 incolarum
641 729 741 765 dictae
764 730 850 765 urbis
865 742 900 765 ac
915 729 1079 764 curialium
1104 730 1134 763 in
1158 741 1192 764 ea

443 781 719 820 commorantium,
741 788 771 815 et
795 780 1031 826 peregrinorum
1047 779 1084 814 ad
1109 779 1192 813 illam

445 844 500 879 pro
529 839 690 877 tempore,
726 839 756 864 et
784 829 967 876 praesertim
1004 829 1064 864 hoc
1104 841 1193 864 sacro

443 893 525 915 anno
559 880 688 915 lubilaei
729 879 925 917 centesimo,
964 878 1191 914 confluentium

443 930 677 970 commoditate,
702 929 865 976 ipsiusque
894 928 980 963 urbis
998 928 1123 973 decore,
1146 928 1191 963 via

443 989 525 1016 recta
552 979 764 1015 Alexandrina
784 987 976 1027 nuncupata,
995 991 1010 1013 a
1031 986 1118 1026 porta
1131 977 1193 1013 Ca-

442 1030 496 1065 stri
523 1029 558 1065 S.
580 1029 694 1076 Angeli
728 1041 828 1076 usque
854 1028 892 1063 ad
929 1029 1062 1076 plateam
1085 1027 1192 1063 Sancti

443 1080 526 1115 Petri
555 1079 594 1114 de
620 1080 701 1114 dicta
738 1079 816 1113 urbe
846 1078 910 1113 fieri
935 1087 1043 1125 coepta
1071 1077 1194 1119 fuisset,

442 1142 478 1165 ac
503 1129 584 1165 circa
608 1128 692 1163 illam
715 1127 826 1163 domos
842 1136 873 1163 et
893 1127 1034 1163 aedificia
1056 1127 1094 1162 ab
1111 1135 1194 1162 utra-

442 1191 504 1228 que
531 1187 629 1227 parte,
653 1190 708 1226 pro
730 1178 840 1213 maiori
876 1177 979 1213 dictae
1007 1178 1075 1212 viae
1097 1189 1194 1212 orna-

443 1238 562 1270 mento,
579 1228 685 1264 extolli
707 1235 737 1263 et
752 1228 909 1263 aedificari
929 1227 1193 1268 desideraremus,

444 1291 501 1314 nos
535 1277 767 1314 venerabilibus
801 1278 916 1313 nostris
948 1277 1041 1312 Petro
1071 1277 1194 1313 archie-

444 1329 573 1376 piscopo
594 1328 750 1375 Regineu.
787 1328 889 1363 dictae
916 1327 1003 1362 urbis
1033 1327 1194 1374 guberna-

444 1387 502 1414 tort
520 1386 574 1413 etc.

491 1429 512 1476 g
532 1432 565 1462 2.
588 1427 628 1462 Et
650 1435 684 1462 ut
707 1439 858 1474 personae
879 1427 975 1463 libere
999 1427 1028 1461 in
1051 1426 1131 1461 dicta
1146 1426 1193 1461 via

443 1477 610 1514 aedificare
633 1477 766 1517 valeant.
801 1476 840 1512 de
875 1477 969 1511 simili
1004 1476 1136 1511 consilio
1158 1488 1194 1511 ac

441 1541 479 1563 ex
506 1536 589 1564 certa
611 1534 718 1562 nostra
739 1527 870 1561 scientia
892 1536 921 1561 et
943 1526 981 1561 de
1003 1526 1195 1574 apostolicae

443 1578 604 1634 potestatis
630 1576 842 1625 plenitudine,
869 1576 1053 1620 statuimus,
1076 1575 1195 1610 decer-

442 1629 548 1663 nimus
583 1636 613 1662 et
640 1626 826 1662 ordinamus
860 1634 892 1661 ut
920 1626 959 1661 de
986 1625 1134 1660 domibus
1163 1626 1192 1660 in

442 1678 525 1712 dicta
549 1677 596 1712 via
630 1676 836 1712 aedificandis
871 1684 900 1711 et
927 1675 1082 1716 emendis,
1117 1675 1194 1710 alias

443 1729 474 1762 in
503 1727 651 1762 omnibus
677 1733 707 1761 et
734 1738 789 1772 per
811 1726 928 1767 omnia,
948 1726 1033 1760 iuxta
1053 1734 1192 1760 tenorem

444 1777 604 1812 literarum
627 1775 709 1811 Sixti
733 1776 835 1822 Papae
857 1775 910 1816 IV,
941 1775 1194 1823 praedecessoris

443 1826 555 1871 nostri,
581 1838 617 1861 ac
643 1825 736 1860 etiam
773 1833 963 1869 nostrarum,
986 1825 1016 1860 in
1054 1824 1192 1860 savorem

441 1876 554 1912 domos
582 1876 612 1910 in
634 1875 721 1910 Urbe
758 1874 992 1910 aedificantium
1020 1882 1050 1910 et
1081 1886 1194 1910 emen-

442 1926 519 1961 tium
541 1925 710 1970 editarum,
732 1936 865 1972 quarum
889 1932 1024 1965 tenores,
1046 1936 1083 1959 ac
1110 1924 1134 1959 si
1155 1924 1194 1959 de

442 1975 536 2011 verbo
563 1975 602 2010 ad
625 1974 755 2010 verbum
773 1974 990 2022 praesentibus
1012 1974 1194 2009 insereren-

441 2035 509 2071 tur,
529 2026 635 2062 haberi
664 2025 810 2059 volumus
844 2037 899 2072 pro
927 2024 1118 2059 sufficienter
1139 2036 1193 2059 ex-

442 2077 558 2124 pressis
579 2084 611 2111 et
638 2076 775 2120 insertis,
797 2087 868 2110 cum
903 2075 1052 2110 omnibus
1075 2083 1105 2109 et
1127 2074 1193 2108 sin-

441 2128 523 2174 gulis
551 2128 580 2162 in
598 2127 644 2162 eis
665 2125 823 2162 contentis
846 2125 1028 2173 privilegiis,
1052 2125 1191 2165 indultis,

441 2177 746 2225 dispensationibus,
768 2175 1027 2211 concessionibus
1054 2184 1083 2210 et
1110 2175 1191 2209 clau-

441 2227 532 2268 sulis,
545 2227 656 2275 potiori
678 2239 734 2274 pro
749 2226 870 2262 cautela
893 2226 1089 2263 innovamus,
1109 2233 1139 2260 et
1154 2226 1190 2260 ad

441 2277 554 2313 domos
587 2277 794 2312 aedificandas
818 2276 998 2312 huiusmodi
1020 2288 1055 2310 ac
1084 2288 1191 2322 perso-

441 2340 496 2363 nas
523 2328 592 2363 illas
614 2327 817 2363 aedificantes
839 2335 868 2362 et
883 2334 1026 2362 ementes
1047 2326 1188 2361 extendi—

441 2391 522 2419 mus,
545 2378 641 2413 libere
664 2378 831 2425 disponere
863 2378 1003 2425 possint;
1025 2377 1190 2423 dictaeque

440 2429 556 2464 domus
590 2436 620 2463 et
648 2440 800 2475 personae
830 2428 890 2463 sul)
926 2428 1046 2463 eisdem
1080 2427 1190 2472 literis,

440 2479 532 2514 etiam
556 2478 660 2526 quoad
689 2479 866 2526 privilegia,
887 2478 1021 2523 indulta,
1051 2477 1191 2523 dispeu-

440 2529 579 2565 sationes
614 2539 643 2564 et
679 2530 904 2565 concessiones
936 2528 1129 2569 huiusmodi,
1153 2540 1188 2562 ac

440 2581 544 2614 omnia
566 2587 596 2615 et
622 2578 744 2626 singula
768 2579 826 2614 alia
864 2580 893 2614 in
933 2579 993 2615 illis
1031 2586 1189 2622 contenta,

440 2630 502 2666 sint
523 2638 553 2666 et
578 2642 646 2666 esse
669 2637 866 2666 censeantur.

1039 226 1096 248 um.
1099 227 1115 247 Ι.
1120 226 1196 248 Anu
1200 226 1222 248 Μ
1251 226 1318 248 ROM
1324 226 1410 248 &81ss

1236 342 1326 366 secus
1339 331 1497 386 superiis
1513 343 1528 365 a
1547 343 1716 387 quoquam,
1739 333 1849 379 quavis
1872 339 1983 366 aucto-
2001 325 2046 340 ''¹''

1237 381 1337 420 ritate,
1367 381 1503 416 scienter
1539 381 1583 415 vel
1619 383 1797 428 ignoranter
1819 381 1985 428 contigerit

1237 430 1392 465 attentarI.

1284 483 1358 523 §ss
1393 480 1461 515 Non
1495 480 1694 516 obstantibus
1732 481 1912 528 praemissis
1951 493 1986 516 ac
2014 494 2124 515 cinisum
2145 496 2184 516 αο-

2003 529 2124 550 rogatorias

1236 530 1515 565 constitutionibus
1531 539 1561 565 et
1583 530 1834 566 ordinationibus
1857 539 1986 579 aposto-

1237 580 1315 619 licis,
1343 579 1464 626 legibus
1485 591 1612 627 quoque
1639 580 1866 627 imperialibus,
1888 589 1987 616 statu-

1237 630 1275 664 tis
1297 639 1326 664 et
1353 630 1640 664 consuetudinibus
1668 630 1770 665 dictae
1798 630 1885 666 urbis
1912 643 1988 666 mu·-

1237 679 1437 727 nicipalibus,
1459 691 1494 714 ac
1521 679 1739 720 ecclesiarum,
1773 680 1988 715 monasterio-

1238 742 1305 764 rum
1347 729 1412 764 sire
1440 729 1630 776 regularium
1666 729 1828 774 locorum,
1850 742 1985 778 qnorum

1237 779 1337 822 fundi,
1360 778 1474 814 domus
1499 788 1529 814 et
1563 779 1630 815 loca
1665 779 1847 814 huiusmodi
1881 779 1988 819 locari,

1236 828 1382 869 concedi,
1407 830 1590 876 permutari,
1623 829 1688 864 sive
1727 827 1818 864 vendi
1842 829 1889 864 vel
1911 829 1989 864 alie-

1237 879 1302 913 nari
1337 879 1516 926 contigerit,
1544 879 1730 919 iuramento,
1751 878 1990 914 confirmatione

1235 928 1404 976 apostolica
1427 928 1475 963 vel
1503 929 1611 976 quavis
1639 928 1784 964 firmitate
1807 928 1866 964 alia
1897 928 1990 964 robo-

1236 979 1322 1020 ratis;
1342 990 1464 1014 necnon
1487 978 1636 1014 omnibus
1652 979 1729 1023 illis,
1757 990 1838 1026 quae
1871 990 1930 1013 nos
1958 978 1988 1013 in

1237 1028 1363 1073 nostris,
1385 1036 1415 1063 et
1439 1027 1596 1075 praefatus
1621 1028 1731 1064 Sixtus
1766 1027 1990 1075 praedecessor

1237 1079 1267 1112 in
1291 1079 1358 1113 suis
1391 1078 1490 1113 literis
1522 1078 1707 1124 praedictis,
1739 1078 1899 1113 voluimus
1925 1089 1988 1113 non

1236 1128 1372 1169 obstare,
1411 1128 1607 1176 caeterisque
1639 1128 1805 1164 contrariis
1846 1127 1990 1176 quibus-

1237 1190 1388 1225 cumque.

1286 1227 1399 1262 Datum
1422 1227 1543 1263 Romae
1565 1227 1647 1274 apud
1664 1227 1698 1263 S.
1733 1227 1876 1267 Petrum,
1906 1239 1989 1263 anno

1236 1277 1464 1313 Incarnationis
1486 1277 1662 1312 dominicae
1696 1277 1862 1312 millesimo
1889 1278 1989 1324 quiu—

1236 1328 1424 1375 gentesimo,
1447 1327 1647 1374 pontificatus
1679 1328 1776 1363 nostri
1801 1339 1883 1362 anno
1907 1329 1939 1362 8.

1355 1389 1416 1419 Dat.
1440 1399 1486 1420 an.
1503 1390 1589 1427 1500,
1605 1390 1707 1429 pontis.
1725 1399 1802 1419 anno
1820 1398 1879 1420 vin.

1570 1571 1654 1607 XIII.

1236 1654 1393 1689 Institutio
1407 1654 1505 1700 officii
1525 1654 1721 1688 summatort's
1735 1654 1896 1688 literarum
1917 1666 1990 1699 apo-

1285 1704 1474 1748 stolicarum,
1501 1705 1534 1736 in
1560 1704 1699 1748 officium
1729 1711 1907 1749 perpetuum
1932 1717 1989 1738 υα-

1285 1755 1391 1793 cabile,
1428 1765 1496 1787 cum
1528 1754 1717 1787 indultorum
1750 1761 1777 1786 ec
1812 1755 1989 1798 qratiarum

1287 1804 1485 1837 concessione.

1503 1881 1717 1912 SUMMARIUM

1234 1949 1348 1980 Causae
1374 1949 1462 1979 huius
1482 1948 1675 1978 institutionis
1698 1948 1795 1978 ossicii.
1827 1966 1864 1971 -—
1888 1949 1914 1979 1.
1937 1949 1988 1980 In-

1276 1995 1389 2024 stitutio
1421 1994 1509 2024 officii
1536 1993 1725 2023 somniatoris
1745 1994 1896 2024 literarum
1919 2003 1990 2034 apo-

1274 2040 1456 2074 stolicarum,
1476 2039 1618 2070 vacabitis
1637 2039 1672 2069 ad
1691 2039 1784 2069 instar
1801 2040 1926 2070 aliorum
1946 2040 1989 2070 os—

1277 2087 1410 2118 stciorum
1435 2087 1503 2116 Rev.
1523 2086 1660 2117 Gamerae
1679 2086 1780 2125 Apost.
1797 2102 1836 2108 —
1862 2085 1889 2115 2.
1908 2084 1986 2116 Con-

1275 2133 1371 2162 cessio
1404 2132 1623 2171 privilegiorum
1656 2137 1683 2162 et
1706 2131 1984 2161 emolumentorum.

1273 2195 1312 2200 —
1333 2178 1359 2207 3.
1378 2177 1578 2216 Exequutores
1597 2176 1700 2206 harum
1720 2176 1871 2205 literarum
1894 2175 1988 2214 depu-

1275 2228 1322 2253 tat.
1341 2240 1380 2246 —
1396 2223 1425 2253 si.
1446 2222 1601 2252 Clausulae
1625 2221 1836 2260 derogatoriae.

1274 2301 1424 2330 Alexander
1443 2301 1583 2336 episcopus
1606 2306 1702 2328 servus
1727 2305 1866 2328 servorum
1884 2298 1941 2332 Dei.

1367 2351 1400 2379 ad
1429 2351 1590 2387 perpetuam
1619 2349 1659 2378 ret
1683 2348 1849 2378 memoriam.

1282 2426 1315 2460 In
1339 2425 1488 2461 eminenti
1513 2423 1712 2470 Apostolicae
1734 2422 1827 2458 Sedis
1857 2421 1982 2478 specula
1998 2427 2192 2481 inffffiffimfflp

1232 2476 1397 2512 Romanus
1437 2474 1580 2510 Pontifex
1624 2473 1831 2521 dispositione
1878 2471 2050 2512 divinam..

1232 2527 1433 2567 constitutus,
1467 2524 1504 2560 ad
1527 2537 1562 2559 ca
1590 2524 1724 2559 libenter
1757 2523 1902 2562 intendit,
1927 2534 1982 2570 per

1232 2590 1310 2624 quae
1339 2577 1377 2612 ad
1402 2574 1616 2622 recipiendum
1656 2574 1758 2609 literas
1781 2571 1981 2621 apostolicas,

1233 2640 1286 2675 per
1308 2627 1473 2662 Camenam
1497 2638 1553 2674 pro
1577 2633 1718 2674 tempore
1752 2623 1980 2672 expediendas,

2002 226 2051 252 An.
2069 227 2098 253 C.
2119 227 2184 253 ¹500

1284 288 1298 324 ,ξ
1322 283 1353 315 ’5.
1383 281 1596 316 Decernentes
1625 282 1746 317 irritum
1770 291 1799 317 et
1832 283 1935 321 inane,
1958 282 1983 316 si
2015 287 2184 308 ¹’e‘r01um11w-
