2281 3251
169 274 218 299 An.
240 273 268 300 C.
286 274 348 300 lPt3t

184 1318 307 1338 vro-ruitum

165 1964 244 1985 causae
275 1965 335 1986 tintus

153 1995 311 2017 declarationts.

416 264 437 296 ΕΣ
958 271 1142 294 nortuum!
1182 270 1344 293 nonaxon

367 389 460 428 Quod
485 388 519 420 S.
551 388 588 420 R.
617 389 653 421 E.
677 387 849 420 cardinales
882 387 912 418 in
940 386 1117 417 consistorio

414 445 524 471 secreto
544 437 753 481 pronunciari,
779 448 838 468 non
860 436 1003 467 dicantur
1024 435 1118 467 creati

414 488 598 524 cardinales,
623 498 777 531 quousque
799 485 1010 518 cardinalatus
1038 484 1114 516 insi-

412 537 487 580 9ni'a
506 548 567 570 uon
582 538 772 581 susceperint.
791 535 852 568 Nec
871 541 971 566 totum
984 533 1115 566 habeant

412 587 443 618 in
466 587 602 630 eti'yendo
625 587 754 619 Sununo
784 584 940 628 I’onti'fice,
969 589 1023 615 aul
1050 583 1115 615 ulio

411 643 494 673 actu,
509 647 665 680 quousque
688 635 840 667 licentiam
864 634 1010 666 Summus
1036 632 1115 665 Pon-

411 686 486 725 tifex
507 686 548 718 eis
571 685 776 729 impertiatur.

631 738 844 771 St'MMARtt'M

362 790 549 820 l'rotemium.
572 807 611 812 -
635 791 658 819 ¹.
682 788 792 818 Causae
817 786 905 816 liuius
932 786 1111 816 declaratio-

400 831 453 859 nis.
486 847 525 852 —
557 830 582 859 -2,
606 828 823 863 Carilinalibus,
856 831 920 855 ante
950 827 1110 864 insignium

400 871 629 908 susceptionem,
649 869 761 898 nullum
780 868 826 896 ius
839 876 872 896 ex
896 866 956 895 sola
978 866 1113 895 nomina-

399 911 476 939 tione
493 911 657 949 aequiritur
672 909 706 937 ad
725 908 857 937 eamdem
878 907 1061 943 dignitatem.
1073 923 1113 928 —

398 950 424 978 3.
448 949 548 979 t'oiuni
575 959 629 978 non
662 947 770 977 liabent
794 948 822 976 in
851 947 987 983 eligendo
1016 945 1111 985 Papa,

399 991 440 1019 vel
461 990 614 1025 alienetur,
637 989 728 1018 donec
757 988 799 1017 eis
819 988 852 1016 de
878 996 957 1015 more
981 995 1012 1015 os
1037 995 1109 1025 ape-

396 1031 496 1060 riatur.
528 1047 566 1052 —
588 1030 614 1059 4.
648 1028 728 1058 Alias
754 1031 976 1067 praesumentes
1007 1025 1110 1065 poenis

397 1071 569 1109 puniuntur.
588 1087 625 1091 —
641 1070 667 1098 5.
687 1068 875 1098 Obstantium
895 1066 1056 1104 derogatio.
1072 1082 1111 1088 ·-

396 1110 634 1149 Subscriptiones
654 1108 860 1139 cardinalium.

401 1163 534 1199 augemus
553 1164 694 1199 episcopus
718 1168 816 1190 servus
841 1166 982 1189 servorum
1007 1159 1064 1192 Det,

490 1209 524 1236 ad
555 1209 716 1244 perpetuam
741 1208 783 1238 rei
803 1206 973 1235 memoriam.

406 1257 438 1292 lu
462 1259 612 1293 eminenti
636 1258 730 1295 Sedis
745 1256 947 1305 Apostolicae
969 1253 1108 1302 specula,

354 1307 459 1342 divina
482 1308 671 1355 disponente,
687 1308 864 1345 clementia,
880 1305 1058 1348 constituti,
1070 1303 1109 1338 de

357 1357 512 1392 universis
533 1359 619 1393 orbis
642 1359 808 1396 Ereti-siis,
829 1368 1003 1402 earumque
1025 1362 1106 1388 statu

355 1408 485 1454 pacifico
512 1417 541 1442 et
570 1408 740 1455 tranquillo
771 1409 908 1453 cogitare
938 1417 995 1440 nos
1028 1416 1108 1439 con—

355 1457 454 1491 venit:
483 1458 536 1492 sed
567 1470 602 1492 eo
643 1458 832 1505 propensius
859 1456 896 1490 ad
931 1453 1106 1489 Romanam

354 1506 545 1547 Ecclesiam,
588 1519 668 1554 quae
711 1507 841 1541 aliarum
891 1504 1105 1539 Ecclesiarum

354 1566 451 1592 mater
473 1566 517 1592 est
543 1567 571 1593 ct
598 1558 766 1604 magistra,
793 1556 891 1590 aciem
921 1553 1107 1589 considera-

353 1607 446 1642 tionis
486 1607 698 1647 extendimus,
727 1619 803 1654 quo,
830 1605 961 1640 sublatis
988 1604 1105 1644 dubiis,

351 1666 381 1691 et
414 1657 557 1692 confictis
588 1670 644 1692 seu
672 1656 794 1691 callidis
822 1654 1039 1702 opinionibus,
1067 1666 1104 1689 ex

351 1707 467 1753 quibus
510 1715 638 1754 possent
680 1705 844 1753 dispendia
888 1713 918 1740 et
958 1703 1103 1740 scandala

352 1757 529 1803 provenire,
545 1757 672 1805 penitus
687 1756 868 1796 confutatis,
882 1756 946 1802 ipsa
960 1754 1103 1789 Romana

351 1806 492 1842 Ecclesia
516 1807 602 1854 pacis
617 1815 646 1841 et
668 1806 796 1853 quietis,
815 1813 943 1840 auctore
965 1803 1104 1839 Domino

351 1855 516 1902 dirigente,
540 1864 642 1903 optata
678 1854 866 1902 quietudine
894 1853 1082 1901 perfruatur.

399 1910 414 1948 ξ
436 1909 465 1940 t.
480 1906 576 1950 Sane,
598 1917 790 1953 quamquam
807 1917 844 1939 ex
860 1903 950 1939 libris
964 1902 1103 1938 Romani

350 1954 492 1995 Ordinis,
506 1956 581 1990 alias
596 1955 867 1990 caeremoniarum
897 1954 1102 2000 nuncupatis,

349 2012 379 2039 et
401 2005 468 2040 aliis
491 2005 652 2040 Ecclesiae
674 2004 837 2040 Romanae
859 2003 947 2038 libris
968 2014 1024 2037 seu
1049 2014 1103 2037 an-

350 2054 443 2101 tiquis
464 2055 624 2090 codicibus
640 2052 867 2102 comprehendi
892 2052 1003 2099 possit,
1017 2059 1049 2087 et
1063 2064 1100 2086 ex

350 2102 410 2138 illis
435 2104 574 2149 resultet,
597 2104 672 2151 quid
697 2103 846 2144 nominis,
870 2102 951 2138 tituli
976 2101 1021 2136 vel
1042 2101 1101 2136 lio-

350 2152 455 2198 noris,
471 2167 526 2201 per
540 2162 691 2189 secretam
709 2153 962 2202 procurationem
994 2154 1039 2195 (t)
1062 2151 1101 2186 de

348 2202 484 2237 alicuius
523 2216 655 2250 persona
692 2204 722 2237 in
761 2202 902 2237 eiusdem
936 2201 1101 2237 Romanae

349 2250 509 2288 Ecclesiae
520 2253 709 2289 cardinalem
731 2265 785 2299 per
806 2252 988 2287 Romanum
1014 2250 1101 2286 Pon-

348 2301 463 2337 tificem
488 2315 544 2350 pro
567 2311 706 2350 tempore
726 2303 756 2336 in
772 2310 894 2337 secreto
908 2301 1099 2337 consistorio

349 2352 472 2393 factam,
495 2353 598 2387 eidem
625 2365 777 2400 personae
797 2354 827 2387 in
846 2353 1036 2389 cardinalem
1052 2353 1099 2387 sic

349 2401 573 2447 pronunciatae
592 2414 646 2449 per
663 2403 893 2450 promotionem
911 2401 1096 2437 huiusmodi

347 2451 546 2497 acquiratur3
574 2452 646 2498 quia
665 2461 780 2493 tamen,
803 2451 1001 2500 temporibus
1027 2464 1098 2487 mo-

347 2499 473 2541 dernis,
508 2501 626 2548 quibus
660 2501 848 2549 aliquotiens
881 2501 1025 2537 nonnulli
1065 2501 1096 2536 in

345 2559 469 2585 secreto
487 2551 678 2586 consistorio
702 2551 731 2585 in
752 2551 927 2587 cardinales
941 2551 1096 2598 assumpti

346 2599 474 2634 fuerunt
483 2608 614 2642 secrete,
623 2609 652 2635 et
665 2601 723 2644 eis,
734 2612 771 2635 ex
783 2600 873 2636 bonis
887 2600 1096 2649 respectibus,

381 2662 420 2697 (t)
437 2662 498 2697 Leg.
519 2663 536 2690 s.
553 2665 746 2696 promotimiem
764 2662 805 2690 vel
823 2666 1032 2691 nominationem
1044 2663 1095 2701 (n).

1928 269 1976 295 An.
1996 268 2026 295 C.
2047 269 2112 296 1831

1161 326 1292 371 iusignia
1308 324 1532 364 cardinalatus,
1546 325 1654 359 saltem
1670 324 1788 369 omnia,
1812 325 1914 359 mini—

1160 387 1209 408 me
1223 374 1379 420 assignata
1408 376 1554 414 t'uerunt;
1577 373 1802 409 nonnullorum
1825 374 1914 409 aliter

1158 435 1282 470 sapere,
1305 436 1399 470 quam
1423 431 1545 470 oportet
1560 435 1684 471 sapere,
1700 424 1911 470 satagentium

1158 482 1278 507 astutas
1293 473 1563 508 considerationes
1578 483 1604 508 et
1623 473 1826 508 inductiones
1839 473 1913 507 snb—

1158 522 1240 561 tiles,
1265 522 1347 556 iuxta
1376 524 1546 569 praemissa
1575 531 1603 556 et
1631 535 1740 557 eorum
1765 523 1911 557 ellectum

1158 572 1310 606 nonnulla
1339 573 1434 607 dubia
1464 573 1661 620 prodierunt.

1206 626 1221 665 ξ
1248 626 1281 656 2.
1310 622 1375 658 Nos
1404 622 1441 657 ad
1466 622 1717 657 submovendam
1739 633 1864 656 causam
1881 629 1911 655 et
1927 619 2096 674 ,fflgffffl‘bss-

1156 672 1357 706 occasionem
1397 684 1677 720 quorumcumque
1717 671 1910 712 dubiorum,
1932 658 2111 709 ιιιιωριῡοῖιῖιῗιῗΔ

1155 732 1238 766 (inae
1259 721 1499 768 quomodolibet
1523 734 1620 768 super
1643 721 1680 755 iis
1711 721 1910 756 insurrexere
1924 713 2112 767 ffflmnffiufiff

1157 770 1321 815 hactenus,
1348 781 1377 806 et
1407 779 1535 818 possent
1560 771 1724 817 insurgere
1751 769 1855 805 forsan
1877 769 1907 804 in
1924 777 2110 814 «iope-equasti„

1154 818 1311 860 futurum,
1327 821 1366 855 de
1390 819 1616 855 venerabilium
1634 820 1764 854 fratrum
1789 827 1910 854 nosti-o·
1924 808 2061 864 ἒξῷἳὲζξη
2077 809 2111 830 ‘¹¹'

1155 881 1223 903 rum
1250 869 1371 905 lordani
1406 870 1606 909 Sabinensis,
1635 869 1782 916 Hngonis
1811 868 1909 903 Prae-

1154 919 1345 954 nestinensis
1377 920 1620 967 episcoporum,
1654 928 1684 953 et
1717 918 1907 953 dilectorum

1155 968 1290 1005 liliorum
1303 969 1428 1004 loannis
1443 970 1485 1004 tit.
1502 969 1537 1004 S.
1554 968 1716 1003 Laurentii
1732 969 1760 1002 in
1774 968 1906 1011 Lucina,

1153 1017 1304 1054 Ludovici
1329 1021 1373 1054 tit.
1403 1019 1436 1053 S.
1473 1018 1641 1056 Caeciliae,
1674 1018 1801 1052 Antonii
1826 1018 1905 1052 tituli

1153 1066 1185 1102 S.
1214 1067 1366 1109 Marcelli,
1381 1068 1508 1103 loannis
1523 1070 1569 1102 tit.
1585 1066 1619 1102 S.
1636 1066 1727 1111 sixti,
1745 1066 1905 1102 Francisci

1152 1118 1199 1151 tit.
1223 1117 1257 1152 S.
1281 1117 1468 1161 Clementis,
1490 1117 1651 1163 Angelotti
1675 1117 1721 1150 tit.
1744 1118 1778 1151 S.
1798 1115 1905 1155 Marci,

1154 1167 1423 1214 presbyterorum,
1451 1180 1486 1202 ac
1520 1166 1630 1201 Lucidi
1666 1166 1700 1201 S.
1730 1165 1846 1200 Mariae
1875 1167 1905 1200 in

1152 1216 1336 1261 Cosmedin,
1352 1225 1380 1252 et
1407 1217 1539 1251 Arduini
1559 1216 1748 1251 Sanctorum
1769 1215 1906 1250 Cosmae

1151 1274 1182 1300 et
1197 1265 1355 1306 Damiani,
1371 1267 1577 1302 diaconorum
1594 1265 1735 1300 eiusdem
1752 1265 1905 1299 Romanae

1153 1315 1314 1351 Ecclesiae
1331 1317 1551 1359 cardinalium,
1570 1315 1711 1350 unanimi
1726 1314 1858 1349 consilio
1874 1324 1904 1349 et

1150 1377 1324 1410 consensu,
1343 1367 1499 1413 praesenti
1524 1364 1727 1411 irrefragabili
1752 1365 1905 1399 constitu-

1151 1415 1235 1450 tione
1257 1415 1461 1450 decernimus
1483 1424 1511 1450 et
1528 1414 1738 1454 declaramus,
1763 1426 1818 1461 per
1845 1414 1903 1448 liu-

1150 1465 1286 1500 iusmodi
1311 1466 1608 1512 pronunciationem
1642 1464 1688 1498 sic
1725 1464 1754 1498 in
1781 1472 1904 1498 secreto

1149 1515 1336 1550 consistorio
1352 1515 1391 1550 de
1406 1515 1573 1562 quibusv‘s
1589 1513 1733 1561 personis
1749 1512 1904 1548 hactenus

1150 1564 1343 1609 factam,seu
1369 1565 1398 1599 in
1424 1573 1584 1612 posterum
1603 1563 1791 1608 faciendam,
1807 1562 1902 1598 alicui

1147 1615 1193 1648 sic
1211 1614 1240 1648 in
1260 1614 1453 1650 cardinalem
1476 1614 1506 1649 in
1531 1613 1732 1662 praeteritum
1758 1624 1903 1660 pronun-

1147 1665 1240 1709 ciato,
1280 1676 1335 1698 seu
1378 1664 1407 1698 in
1450 1673 1610 1711 posterum
1648 1662 1902 1710 pronunciando,

1148 1712 1218 1748 licet
1242 1726 1298 1761 per
1319 1713 1444 1749 eumad
1464 1713 1674 1749 cardinalatus
1708 1713 1832 1747 initium
1856 1716 1901 1756 (t)

1147 1762 1321 1811 dispositus
1344 1764 1495 1803 videatur,
1519 1763 1643 1798 nullum
1669 1763 1731 1807 ius,
1753 1773 1810 1798 seu
1834 1762 1902 1796 titu-

1147 1811 1210 1846 lum
1241 1825 1272 1848 re
1313 1821 1366 1848 aut
1396 1813 1524 1848 nomine
1565 1812 1756 1860 acquisitum
1790 1811 1901 1851 fuisse,

1145 1870 1198 1896 aut
1225 1863 1344 1910 acquiri
1366 1863 1506 1910 potuisse
1534 1862 1689 1897 hactenus
1715 1873 1770 1896 seu
1795 1873 1901 1909 posse;

1147 1923 1250 1959 neque
1271 1913 1410 1960 aliquem
1437 1925 1493 1960 per
1519 1912 1700 1959 quempiam
1740 1922 1796 1958 per
1821 1911 1902 1946 seri-

1146 1968 1270 2008 pturam
1314 1963 1358 1997 vel
1388 1962 1640 1997 nominationem
1669 1972 1726 2008 pro
1749 1959 1900 1996 cardinali

1145 2012 1284 2059 reputari
1315 2013 1358 2046 vel
1375 2011 1483 2047 haberi
1510 2011 1658 2046 debuisse
1680 2023 1736 2046 seu
1761 2011 1901 2058 potuisse

1145 2060 1310 2104 hactenus,
1334 2061 1380 2096 vel
1404 2061 1520 2096 debere
1544 2074 1597 2096 seu
1613 2072 1706 2108 posse
1719 2059 1900 2108 quomodo-

1144 2109 1219 2145 libet
1247 2111 1277 2145 in
1301 2110 1454 2151 futurum,
1478 2111 1579 2146 donec
1613 2119 1644 2145 et
1662 2121 1843 2159 quousque,
1858 2109 1899 2145 de

1143 2160 1303 2195 similibus
1327 2161 1459 2196 consilio
1494 2169 1524 2196 et
1555 2172 1713 2196 consensu
1749 2159 1796 2194 sic
1825 2171 1898 2206 pro-

1144 2211 1292 2246 nunciato
1308 2211 1337 2245 in
1354 2210 1496 2246 Romana
1511 2210 1620 2247 Curia.
1646 2208 1804 2258 praesenti
1827 2220 1897 2244 car-

1141 2258 1300 2295 dinalatus
1328 2261 1476 2307 insignia,
1516 2259 1660 2296 videlicet
1697 2271 1752 2307 per
1784 2258 1895 2306 capelli

1143 2308 1232 2344 rubei
1256 2309 1468 2351 traditionem,
1483 2322 1519 2345 ac
1537 2309 1620 2345 tituli
1635 2308 1895 2356 assignationem,

1140 2359 1304 2406 anulique,
1342 2361 1424 2396 iuxta
1467 2372 1588 2395 morem
1627 2366 1834 2402 consuetum,
1863 2359 1894 2393 in

1141 2409 1239 2457 digito
1251 2411 1480 2446 immissionem
1491 2423 1499 2452 ;
1512 2410 1634 2446 absenti
1650 2421 1723 2444 vero
1732 2408 1772 2444 ab
1783 2409 1894 2444 eadem

1140 2458 1247 2502 Curia,
1271 2472 1326 2508 per
1353 2459 1536 2496 huiusmodi
1555 2458 1666 2507 capelli
1697 2459 1894 2499 missionem,

1141 2509 1264 2544 realiter
1291 2510 1360 2545 sine
1381 2510 1536 2558 impensa,
1563 2517 1616 2545 aut
1640 2509 1750 2544 saltem
1784 2509 1814 2542 iu
1837 2519 1894 2555 ge-

1141 2559 1237 2594 nerali
1261 2560 1463 2595 consistorio.

1174 2621 1213 2656 (t)
1226 2622 1294 2698 (Εἷς.
1317 2623 1334 2649 f.
1355 2624 1414 2649 ticet
1434 2629 1486 2655 pro
1505 2630 1576 2649 ruine
1587 2623 1620 2648 ad
1630 2622 1816 2648 cardinalatus
1827 2619 1890 2654 offi-

1137 2670 1206 2689 cium
1242 2671 1279 2689 n.
