2281 3251
115 254 162 278 An.
186 254 214 279 C.
231 255 295 281 {1182

125 610 298 637 11113111313511-

116 646 152 663 dr*
174 644 245 663 11311113.

128 2483 161 2503 fri·
158 2490 199 2503 ram
194 2484 303 2508 ieligeniti

121 2521 150 2534 m
155 2515 179 2539 gi.
176 2517 240 2534 trum
254 2515 291 2534 hos

122 2554 139 2574 {i
136 2547 189 2567 1311115
214 2547 232 2566 1

953 254 1064 275 ξὶᾸΧΤΗδ
1089 254 1113 275 Η
1145 254 1191 275 1“1’.

313 308 454 342 omnium
483 307 603 341 sublata
639 307 833 347 formidine,
866 308 955 341 firma
989 319 1059 341 cum

315 356 536 403 tranquillitate
558 356 720 397 concidat3
739 365 847 402 utque,
876 365 943 403 post
968 356 1061 390 liuius

314 406 392 440 vitae
427 405 591 459 militiam,
624 405 870 453 depositumque
898 406 1061 452 pastoralis

314 454 404 489 oflicii
430 454 653 497 ministerium,
677 468 736 489 una
760 468 832 489 cum
857 467 951 501 grege
970 454 1061 489 nobis

314 503 457 547 credito,
492 503 528 537 ad
565 505 757 548 sempiterna
788 504 912 539 tandem
949 504 1060 549 gaudia

315 553 476 599 pervenire
504 564 691 587 mereamur.

362 607 377 644 5
399 604 457 636 025.
479 601 628 643 Demum,
652 604 721 649 quia
745 603 870 638 difficile
898 610 950 636 etc.

362 651 445 685 Nulli
469 663 543 696 ergo
569 658 621 684 etc.

362 700 475 735 Datum
496 700 615 734 Romae
638 702 720 748 apud
744 702 896 737 Sanctum
920 701 1063 744 Petrum,

312 761 394 784 anno
430 749 658 785 iucarnationis
691 751 867 786 dominicae
896 750 1064 784 millesimo

312 799 627 846 quadringentesimo
660 801 878 847 octuagesimo
912 800 1063 842 secundo,

312 849 435 883 decimo
457 857 566 883 octavo
589 850 649 884 kal.
679 851 762 890 maii,
787 850 990 897 pontificatus
1007 861 1064 883 no—

312 898 366 933 stri
389 911 472 932 anno
497 898 676 934 undecimo.

363 960 424 990 Dat.
442 961 489 991 die
509 962 541 991 11
558 962 661 1001 aprilis
680 962 765 999 1482,
785 966 863 1001 pont.
883 970 959 991 anno
978 971 1014 991 Xl.

623 1120 755 1154 XXVII.

317 1204 363 1237 De
383 1204 520 1236 electione
541 1208 567 1234 et
589 1213 710 1234 timuere
736 1202 879 1245 maqistri
903 1213 955 1235 seu
977 1214 1067 1246 prae-

365 1253 492 1296 ceptoris
523 1251 772 1294 arcltiliospi'talt's
795 1251 830 1284 S.
862 1251 1000 1294 Spiritus
1035 1253 1068 1285 in

366 1302 469 1335 Samia
484 1302 519 1333 (Ie
536 1301 623 1342 Urbe,
639 1308 664 1332 et
686 1301 939 1344 exemptionibus,
953 1301 1068 1334 {inmu-

366 1351 513 1383 nitatibus
548 1361 583 1382 ac
601 1350 775 1394 privilegiis
798 1350 940 1382 eiusdem.

584 1426 798 1457 SUMMAIuUM

318 1494 343 1522 1.
368 1492 470 1522 Forma
492 1491 620 1529 eligendi
643 1489 814 1527 magistrum
838 1491 994 1530 hospitalis
1032 1509 1069 1514 —

355 1537 382 1566 Q,
396 1537 663 1574 Protectoremque.
681 1551 719 1556 —-
738 1534 764 1564 3.
783 1533 856 1564 Cura
871 1537 1069 1574 praeceptoris

356 1582 431 1611 circa
463 1580 600 1620 hospitali
631 1580 788 1619 expositos.
811 1596 850 1601 —
876 1580 904 1609 4.
934 1580 1068 1620 Exceptio

355 1625 510 1665 hospitalis
529 1629 556 1654 et
579 1625 642 1654 eius
664 1623 862 1653 membrorum
888 1634 901 1653 a
922 1625 1068 1655 solutione

355 1670 539 1708 gabellarum
559 1674 585 1698 et
608 1669 732 1698 aliorum
757 1677 889 1698 onerum.
913 1686 950 1690 —
968 1670 994 1699 5.
1018 1669 1070 1699 Ex-

355 1715 522 1753 emptiuque
546 1724 559 1742 a
585 1713 790 1752 superioritate
811 1718 838 1742 et
864 1713 1069 1743 iurisdictione

355 1759 486 1788 omnium
511 1758 710 1797 praelatorum
735 1763 762 1786 et
785 1757 919 1794 aliorum,
939 1763 1070 1797 praeter-

356 1814 442 1844 quam
463 1804 594 1842 magistri
619 1803 774 1840 generalis.
796 1819 834 1824 —
851 1803 878 1832 6.
901 1803 1069 1834 Communi-

356 1849 430 1878 catio
454 1848 585 1878 omnium
607 1848 826 1877 inmunitatum
851 1851 879 1877 et
901 1848 1069 1887 privilegio-

357 1902 421 1923 rum
441 1892 763 1930 congr.monaeliorum
787 1891 972 1921 Cassinensis
996 1893 1068 1922 alias

357 1937 385 1967 S.
404 1937 542 1967 Iustinae.
563 1953 599 1959 —
615 1938 640 1966 7.
660 1936 851 1966 Executorum
876 1937 965 1966 huius
982 1937 1069 1967 bullre

358 1981 519 2020 deputatio.
547 1998 584 2002 —
617 1981 643 2010 8.
667 1980 886 2010 Contrariorum
910 1982 1069 2019 derogatio.

356 2043 395 2047 —
413 2027 439 2055 9.
459 2025 665 2065 Exemplorum
686 2024 766 2054 fides.

317 2102 412 2131 Sixtus
434 2102 576 2137 episcopus
600 2107 696 2129 servus
720 2107 861 2129 servorum
884 2100 949 2133 Dei,
971 2101 1071 2130 dilecto

360 2151 416 2180 filio
440 2151 483 2179 Pio
502 2152 534 2179 de
548 2151 661 2183 timere,
675 2150 848 2185 praeceptori
858 2150 1004 2185 hospitatis
1023 2157 1071 2179 no-

362 2201 417 2230 stri
436 2202 461 2228 S.
488 2200 607 2236 Spiritus
626 2200 654 2227 in
673 2199 756 2227 saxia
774 2200 806 2227 de
825 2198 903 2231 Urbe.
924 2199 1028 2229 Ordinis
1045 2201 1070 2228 S.

361 2250 518 2286 Augustini.
551 2249 669 2277 satutem
693 2250 723 2277 et
757 2248 937 2283 apostolicam
961 2249 1071 2278 benedi-

361 2301 488 2329 ottonom.

366 2371 543 2418 Religionis
566 2371 651 2405 zelus
674 2379 726 2404 ete.

368 2422 387 2468 S
417 2424 446 2455 1.
477 2420 515 2455 Εῑ
543 2420 733 2467 insuper,ut
760 2419 916 2466 hospitale
944 2419 1071 2465 praedi-

318 2478 403 2506 ctum
427 2470 466 2504 de
489 2470 571 2504 bono
600 2470 629 2503 in
650 2469 764 2503 melius
787 2468 940 2515 diligatur
956 2475 997 2509 et,
1013 2480 1071 2503 33-

292 2526 404 2555 ’ctore
417 2519 566 2563 Domino,
578 2519 719 2553 felicibus
733 2518 896 2564 pioficiat
890 2529 1071 2553 incremen-

320 2570 370 2607 tis,
402 2569 534 2603 aliorum
572 2568 849 2615 praedecessorum
888 2574 1067 2602 nostrorum

356 2640 394 2674 (l)
410 2639 493 2666 Hodie
510 2647 521 2665 a
541 2640 606 2673 Papa
629 2638 742 2672 eligitur,

400 2684 474 2713 Bait.
492 2683 570 2712 Hom.
597 2683 649 2712 t'ol.
671 2682 699 2711 Υ.
896 2682 931 2709 :si

1736 246 1806 278 289

1105 308 1320 342 Romanorum
1356 308 1544 343 Pontificum
1575 308 1715 354 vestigiis
1739 308 1856 343 inhae-

1105 366 1219 400 rentes,
1244 365 1342 401 motu,
1360 358 1542 392 auctoritate
1564 366 1594 392 et
1617 358 1747 392 scientia
1763 359 1855 393 sinii-

1104 407 1183 440 lilius
1217 407 1409 446 statuimus,
1442 407 1646 442 decernimus
1683 408 1800 453 pariter
1826 418 1856 442 et

1099 453 1286 490 'ordinamus
1324 457 1406 502 quod
1446 457 1485 491 de
1521 465 1651 499 cetero,
1694 459 1856 503 perpetuis

1106 506 1217 539 suturis
1234 505 1440 551 temporibus,
1467 514 1654 540 occurrente
1669 514 1855 552 praecepto-

1106 555 1167 588 riae
1191 554 1353 601 liospitalis
1380 554 1560 589 huiusmodi
1589 554 1765 595 vacatione,
1786 555 1854 588 fra-

1106 612 1167 637 tres
1189 611 1362 637 conventus
1385 603 1579 644 huiusmodi,
1610 605 1638 638 in
1658 615 1754 637 unum
1778 616 1855 638 con-

1107 653 1279 696 venientes,
1302 652 1438 687 debcant
1459 653 1646 687 electionem
1671 652 1709 686 de
1734 665 1857 699 praece-

1107 710 1192 747 ptore
1212 701 1327 740 futuro,
1350 702 1516 748 quibusvis
1536 702 1735 756 pactionibus
1749 714 1856 736 semo—

1107 751 1155 790 115
1178 763 1250 785 cum
1275 751 1408 785 consilio
1437 760 1538 785 tamen
1562 760 1591 785 et
1615 751 1799 787 auctolitate
1821 764 1857 786 ac

1108 800 1282 854 praesentia
1306 801 1519 847 praeceptoris
1542 814 1596 847 pro
1620 809 1762 847 tempore
1789 802 1858 836 exi-

1106 850 1301 883 stentisdicti
1318 850 1490 896 hospitalis,
1503 850 1615 891 facere3
1625 850 1707 885 etsie
1722 850 1856 885 electum

1107 898 1241 933 Roman.
1270 898 1417 933 Pontific.
1451 911 1507 946 pro
1543 909 1684 946 tempore
1711 900 1857 935 existenti

1107 949 1258 982 canonice
1296 948 1422 983 intranti
1448 958 1659 995 praesentare,
1682 950 1734 996 qui
1769 950 1856 984 illum

1108 997 1220 1032 debeat
1242 997 1439 1032 confirmare.

1157 1051 1172 1090 ξ,
1199 1048 1231 1080 ⁶2.
1254 1046 1413 1093 Quodque
1429 1047 1572 1082 similiter
1596 1060 1693 1081 unum
1717 1059 1752 1082 ex
1769 1059 1857 1082 vene·

1872 255 2053 281 An.‹2,1'18.·›

1888 1055 2039 1076 prat-:rimem-

1110 1095 1261 1129 rabilibus
1279 1096 1426 1130 fratribus
1450 1097 1564 1131 nostris
1591 1096 1624 1132 S.
1648 1096 1686 1130 R.
1703 1096 1740 1130 E.
1764 1097 1859 1131 cardi·
1874 1093 1912 1113 ‘³¹¹⁰

1110 1145 1246 1182 ualibus,
1276 1145 1540 1192 quotiescumque
1563 1145 1682 1180 dictum
1705 1145 1859 1192 hospitale

1109 1206 1214 1228 carere
1229 1195 1393 1240 contigerit
1405 1202 1591 1239 protectore,
1605 1195 1634 1229 in
1651 1203 1858 1241 protectorem

1110 1243 1277 1289 eligere,et
1293 1244 1380 1278 illum
1395 1243 1539 1278 Romano
1553 1244 1696 1279 Pontifici
1716 1256 1860 1290 praesen-

1112 1301 1175 1327 tare
1199 1293 1463 1327 confirmandum.

1159 1342 1178 1388 S
1206 1346 1237 1376 5.
1257 1342 1466 1377 Mandautes'
1461 1355 1491 1376 111
1520 1344 1633 1378 virtute
1650 1349 1774 1377 sanctae
1789 1342 1861 1377 obe-

1110 1391 1246 1426 dientiae
1263 1392 1457 1439 ρι’-3606111011
1476 1404 1532 1439 pro
1556 1400 1696 1439 tempore
1712 1390 1883 1426 existenti¹
1890 1387 1921 1403 ’Ἦ

1111 1440 1184 1475 dicti
1208 1441 1385 1496 hospitalis,
1410 1450 1518 1476 uttam
1536 1454 1649 1488 pueros
1665 1454 1757 1489 quam
1775 1441 1862 1488 puel-

1112 1491 1167 1534 las,
1183 1504 1235 1538 qm
1261 1491 1378 1525 ibidem
1408 1504 1462 1537 pro
1486 1500 1626 1538 ternpore
1645 1499 1860 1538 exponuntur,

1110 1540 1378 1586 quemadmodum
1395 1541 1431 1575 ad
1457 1541 1574 1575 bonum
1590 1548 1620 1575 et
1636 1542 1722 1588 pium
1739 1549 1857 1587 patrem

1111 1599 1252 1636 spectat,
1293 1598 1493 1624 manuteneat
1526 1599 1684 1637 tamquam
1724 1590 1804 1625 filios
1831 1599 1861 1625 et

1111 1648 1292 1680 conservi-u
1330 1639 1464 1686 illosque
1497 1648 1527 1674 et
1564 1640 1631 1674 illas
1653 1639 1713 1673 sub
1734 1639 1862 1686 optimis

1111 1689 1286 1735 disciplinis
1315 1689 1482 1724 instituere
1510 1689 1646 1733 studeat,
1667 1701 1702 1723 ac
1716 1689 1761 1723 sic
1776 1689 1860 1734 apud

1111 1738 1214 1772 Deum
1234 1738 1383 1773 meritum
1407 1746 1437 1772 et
1464 1738 1546 1785 apud
1567 1739 1712 1773 homines
1735 1738 1860 1773 laudem

1112 1789 1262 1834 consequi
1293 1795 1459 1822 mereatur.

1160 1837 1179 1883 S
1208 1841 1240 1871 4.
1253 1836 1474 1872 concedentes
1490 1837 1629 1883 insuper,
1649 1846 1748 1882 motu,
1764 1837 1861 1872 scien-

1113 1887 1153 1920 tia
1177 1894 1206 1921 et
1234 1886 1418 1921 auctoritate
1433 1886 1592 1921 similibus
1614 1895 1675 1921 tam
1699 1887 1863 1934 hospitalis

1113 1936 1288 1983 praedicti,
1315 1948 1410 1983 quarn
1448 1936 1589 1970 omnium
1626 1936 1759 1971 aliorum
1792 1937 1862 1970 eius

1113 1985 1325 2020 membrorum
1355 1994 1385 2020 et
1416 1986 1578 2026 locorum,
1607 1986 1636 2019 in
1671 1985 1847 2020 obedientia

1111 2035 1308 2070 subiectione
1336 2044 1366 2070 et
1400 2035 1594 2070 correctione
1628 2042 1658 2069 et
1681 2034 1862 2069 omnimoda

1112 2088 1321 2135 dispositione
1350 2088 1562 2136 praeceptoris
1584 2088 1660 2122 dicti
1684 2088 1781 2122 nostri
1806 2088 1864 2122 lio-

1112 2143 1234 2188 spitalis
1251 2142 1360 2177 Sancti
1382 2142 1520 2189 Spiritus
1543 2141 1572 2175 in
1602 2140 1695 2175 Saxia
1723 2141 1762 2175 de
1778 2141 1864 2176 Urbe

1112 2197 1212 2231 solum
1237 2204 1266 2230 et
1288 2197 1448 2231 dumtaxat
1468 2195 1683 2235 existentium,
1701 2194 1738 2229 ab
1752 2195 1863 2230 eodem

1113 2250 1374 2298 dependentium,
1400 2249 1670 2297 praeceptoribus,
1694 2249 1864 2296 prioribus,

1113 2318 1169 2339 seu
1193 2305 1368 2340 rectoribus
1390 2317 1447 2352 pro
1475 2313 1616 2350 tempore
1639 2303 1864 2343 existentibus,

1113 2358 1197 2405 quod
1211 2359 1250 2393 de
1263 2359 1378 2394 relictis
1390 2367 1419 2393 et
1434 2357 1678 2393 obventionibus
1688 2358 1734 2392 eis
1744 2358 1864 2392 ratione

1113 2414 1267 2448 dictarum
1303 2413 1587 2460 praeceptoriarum
1603 2439 1610 2452 ,
1646 2412 1862 2447 membrorum

1114 2476 1142 2502 et
1165 2468 1305 2502 locorum
1322 2474 1516 2511 sanctorum,
1543 2466 1583 2501 ad
1605 2465 1790 2500 solvendum
1806 2466 1864 2500 ali-

1113 2534 1206 2569 quam
1235 2528 1376 2567 quartam
1397 2520 1610 2568 episcopalem
1627 2531 1681 2554 seu
1699 2518 1864 2565 parocbia-

1113 2576 1186 2615 lem,
1204 2586 1306 2621 neque
1320 2573 1456 2620 aliquam
1476 2573 1641 2620 gabellum,
1664 2585 1790 2619 passum
1808 2584 1862 2608 seu

1115 2629 1347 2675 impositionem
1363 2635 1394 2663 et
1407 2628 1540 2675 quodvis
1562 2627 1645 2662 aliud
1663 2639 1753 2672 onus,
1768 2626 1861 2662 etiam

1896 1351 1946 1371 0113
1969 1357 2058 1377 pratee

1942 1384 2034 1403 (ιι-31311

1876 1416 2049 1442 11131119111115111,

1890 1850 1998 1877 Exemptio
2011 1850 2061 1869 hon-

1878 1883 1947 1909 pilulis
1971 1885 1990 1903 et
2017 1882 2061 1902 eius

1878 1914 1989 1933 membror.
2007 1919 2017 1932 a
2027 1918 2062 1931 50-

1878 1946 1956 1965 tutione
1969 1943 2061 1969 galiena-

1878 1982 1922 1996 rum
1938 1978 1957 1994 et
1974 1975 2061 1994 aliorum

1855 2013 1863 2029 Ί
1879 2012 1972 2028 oncrum.
