2281 3251
232 259 280 286 An.
299 259 318 285 C
350 260 415 286 tuas

244 321 312 347 Ριμο
329 324 415 342 coniu-

231 355 288 371 ιοιεί
306 358 323 371 t:
342 353 416 372 emur}-

232 386 259 403 l.1›
276 382 368 403 &lum-1
383 389 417 408 ,ιρ-

232 423 243 442 p
262 416 304 435 ttsn
325 419 377 435 ⁴nat.
396 419 415 433 et

233 450 310 472 ,.·.=p.1-
331 448 416 465 tes-‚tim

233 478 326 498 nultius!
363 482 416 495 ειη-

233 510 250 529 Δ-
261 515 326 529 mum
340 512 417 535 neque-

234 543 276 560 nn·v

256 1844 348 1865 „embra
370 1841 428 1864 Pon-

243 1875 305 1896 tifici·
344 1878 428 1895 nunca-

245 1908 327 1932 ptntur,
347 1909 427 1931 eosque

243 1936 376 1957 offendente·
388 1936 428 1956 trt-

243 1967 298 1987 mtue
309 1966 427 1987 laeuam:-

243 1998 325 2018 mtattn
348 1998 378 2018 ret
394 2002 426 2020 iu-

243 2029 345 2051 dtunrur.

481 248 526 282 56

433 326 539 360 regere
561 326 644 348 anno
662 312 889 348 lucarnatiouis
910 311 1028 346 domin.
1050 311 1119 344 350
1137 310 1182 351 (l)

433 365 478 398 vel
504 365 638 402 circiter,
667 364 696 397 in
732 361 852 410 synodo
884 359 1021 407 generali
1048 371 1185 404 congre.-

432 414 511 459 gatis
535 412 739 460 praesidens,
775 411 832 445 ltos
875 409 1074 445 coadiutores
1109 420 1184 442 suos

433 464 624 510 nuncnpaiit
660 460 846 497 cardinales,
879 468 908 493 et
933 470 1044 504 niagno
1072 456 1184 491 aduto-

433 512 508 546 dum
547 511 709 559 privilegiu
747 510 917 555 insignivit,
945 508 1036 554 quale
1078 506 1184 540 nullus

435 561 694 609 patriarcharum,
717 559 1027 604 archiepiscoporum
1060 564 1090 590 et
1117 557 1184 602 epi-

433 624 601 658 scoporum
632 611 661 644 in
685 608 859 643 canonibus
881 606 996 641 habere
1021 605 1184 653 reperitur,

436 670 466 695 ut
496 660 640 694 videlicet
669 659 736 693 sine
766 657 898 704 plurima
922 655 1048 690 testium
1078 655 1184 689 multi—

435 710 543 744 tudine
566 709 705 743 damnari
743 719 803 741 non
841 705 985 740 debeant.
1025 704 1091 739 Nec
1116 705 1185 738 sine

435 759 581 794 misterio
611 757 722 804 triplex
750 756 826 790 ordo
855 756 883 788 in
913 754 1042 789 fratrum
1068 761 1186 788 nostro-

436 800 503 842 ru'ru
527 808 659 853 collegio
681 820 696 840 a
721 806 837 839 sanetis
860 804 975 838 nostris
998 802 1186 850 praedeces-

435 857 560 892 soribus
584 856 744 890 institutus
762 853 922 893 cst.Natn,
937 865 1008 887 cunt
1032 852 1187 887 Summus

436 906 578 940 Pontifex
602 906 684 939 vices
699 903 755 938 Dei
779 912 864 949 gerat
887 903 916 936 in
939 903 1041 942 terris,
1069 903 1186 940 decuit,

435 954 704 1002 quemadmodum
744 953 841 1000 Moysi
879 960 1079 999 praeceptum
1118 951 1187 992 suit,

438 1014 469 1038 ut
489 1005 592 1039 onmia
620 1003 656 1037 ad
680 1004 860 1048 exemplum
885 1002 1011 1045 taceret,
1043 1002 1126 1036 sicut
1160 1002 1186 1036 ei

436 1062 595 1089 ostensum
622 1061 686 1087 erat
710 1052 739 1086 in
768 1061 884 1090 monte,
913 1050 1011 1097 quod,
1051 1050 1190 1085 adinstar

438 1103 522 1137 illius
540 1102 685 1137 coelestis
709 1100 913 1144 hierarchiae,
941 1101 970 1134 in
1004 1099 1060 1134 bae
1085 1108 1188 1135 nostra

437 1152 578 1187 Ecclesia
600 1160 661 1186 tres
679 1151 945 1186 constituerentur
962 1149 1090 1184 ordines
1110 1150 1190 1185 assi-

437 1201 584 1236 stentium
614 1200 728 1248 Papae,
750 1200 803 1246 qui
834 1199 1048 1246 purgantium,
1073 1198 1191 1233 illumi-

439 1252 595 1290 nantium,
618 1259 647 1285 et
671 1249 899 1296 perficientium
921 1248 1127 1294 fungerentur
1142 1247 1190 1283 of-

440 1300 522 1339 ticio,
552 1300 644 1335 veluti
679 1307 752 1333 sunt
779 1298 916 1340 diaconi,
959 1297 1128 1345 presbyteri
1162 1306 1191 1332 et

439 1350 578 1396 episcopi
601 1348 787 1383 cardinales.
826 1347 939 1382 Decuit
970 1347 1076 1388 etiam,
1119 1359 1190 1381 cum

439 1397 594 1434 Summus
639 1396 782 1432 Pontifex
818 1395 936 1430 Christi
980 1404 1192 1442 repraesentet

442 1460 626 1494 personam,
675 1455 721 1487 ut,
755 1445 1024 1493 quemadmodum
1062 1444 1192 1480 Christo

440 1497 636 1532 comet-santi
661 1496 690 1530 in
721 1496 810 1530 terris
832 1494 1022 1530 assistebant
1045 1494 1192 1541 apostoli,

442 1546 481 1580 ita
504 1546 595 1580 etiam
619 1545 825 1579 cardinalium
847 1553 966 1584 coetus,
986 1544 1192 1592 apostolicum

442 1603 693 1642 repraesentans,
710 1605 815 1629 corani
841 1592 923 1640 Papa
945 1594 1125 1635 assisteren
1149 1605 1194 1629 re-

441 1644 517 1691 liqui
542 1656 614 1679 vcro
641 1644 794 1690 episcopi,
823 1643 940 1690 ubique
969 1642 1087 1687 diffusi,
1115 1655 1193 1690 apo-

441 1694 539 1729 stolos
559 1701 792 1739 repraesentant
817 1692 854 1726 ad
879 1691 1123 1739 praedicandum
1138 1705 1194 1740 per

442 1742 550 1778 orbem
575 1742 699 1777 missos.

491 1791 511 1838 g
535 1794 567 1826 6.
591 1790 679 1836 Ipsos
698 1797 855 1837 praeterea
867 1789 1052 1830 cardinales,
1071 1802 1126 1836 pro
1143 1790 1194 1825 lto-

443 1840 529 1875 noris
550 1851 586 1874 ac
609 1839 771 1886 dignitatis
792 1840 976 1883 eminentia,
1000 1847 1117 1885 partem
1145 1840 1193 1874 sui

442 1889 585 1935 corporis
606 1887 729 1924 Summi
760 1887 928 1922 Pontifices
950 1887 1120 1934 appellant.
1148 1887 1194 1923 Ex

441 1949 505 1985 quo
527 1938 596 1972 siue
620 1937 680 1972 ulla
696 1937 892 1972 dubitatione
914 1937 1103 1976 ostenditur,
1127 1945 1195 1984 post

442 1995 535 2034 caput
557 1986 728 2031 Ecclesiae,
746 1986 831 2033 quod
855 1995 899 2021 cst
923 1986 1020 2033 Papa,
1049 1988 1195 2032 contigua

441 2037 490 2072 sui
505 2037 646 2084 corporis
667 2037 818 2081 membra,
833 2037 887 2084 qui
909 2044 983 2071 suut
1005 2035 1114 2071 fratres
1129 2036 1197 2070 eius

443 2088 640 2132 cardinales,
675 2100 748 2134 prae
774 2088 886 2123 ceteris
914 2088 1074 2123 Ecclesiae
1102 2099 1198 2121 mem-

443 2137 508 2174 bris
543 2151 579 2172 ac
608 2138 748 2184 partibus
776 2137 921 2172 honorari
956 2137 1083 2178 debere,
1119 2138 1196 2173 adeo

443 2187 583 2234 quidem,
612 2196 644 2222 ut
660 2188 757 2222 sacris
770 2187 946 2222 canonibus
967 2187 1121 2222 sancitum
1146 2188 1196 2227 sit,

444 2250 498 2271 eos
525 2237 576 2283 qui
602 2236 631 2270 in
661 2236 849 2272 cardinalem
879 2249 992 2272 manus
1034 2237 1197 2272 iniecerint

445 2287 608 2326 violentas,
656 2296 707 2320 aut
752 2286 897 2332 fugarint.
945 2295 997 2320 aut
1039 2286 1195 2333 insequuti

445 2335 571 2375 suerint,
599 2348 653 2370 seu
691 2336 726 2370 ad
761 2336 820 2370 hoc
853 2336 998 2370 dederint
1030 2337 1205 2372 consilium.

445 2386 492 2421 vel
516 2386 665 2428 favorem,
700 2386 842 2420 criminis
885 2385 986 2420 laesae
1029 2386 1198 2421 maiestatis

445 2448 526 2474 reos,
566 2436 710 2470 maximis
751 2445 780 2470 et
824 2435 1052 2482 multiplicibus
1089 2436 1199 2483 poenis

445 2497 513 2521 esse
563 2485 756 2532 plectendos,
799 2498 834 2519 ac
861 2486 885 2519 si
931 2485 989 2532 ipsi
1030 2485 1197 2532 apostolici

481 2561 520 2595 (t)
537 2560 564 2587 S.
583 2560 710 2587 Silvester
723 2561 731 2586 Ι
745 2560 874 2587 Ecclesiae
886 2560 1001 2587 habenas
1011 2562 1129 2596 suscepit
1141 2564 1199 2595 post

445 2600 474 2627 S.
488 2600 671 2632 melchiadem,
683 2609 751 2627 anno
762 2601 811 2627 3111
825 2601 868 2627 vix
882 2601 1014 2627 inchoato.
1037 2601 1100 2628 vide
1120 2601 1199 2629 Com-

447 2639 511 2668 befis
523 2641 547 2668 in
560 2641 621 2667 Vita
630 2642 654 2667 S.
667 2641 796 2674 silvestri,
808 2646 833 2668 et
847 2640 958 2676 Ugtiett„
978 2642 1054 2668 ΙΙαΙῖιι
1071 2642 1162 2668 Sacra.

1028 254 1216 278 acmantum
1244 252 1406 277 nonnum

1991 253 2042 279 An.
2058 252 2089 279 C.
2106 250 2174 279 ἱῆδδ

1226 307 1328 342 ιΙιι-οηί
1358 305 1539 341 violaverint
1575 305 1795 346 maiestatem;
1829 305 1915 353 quod
1945 305 1974 339 iu

1227 358 1310 403 ipsos
1337 356 1390 403 qui
1416 354 1627 402 patriarchas,
1649 354 1906 402 archiepiscopos
1929 354 1976 389 vel

1225 407 1393 453 episcopos
1420 403 1626 443 offenderint.
1665 412 1816 439 statutum
1848 404 1977 439 minime

1227 455 1393 501 reperitur,
1417 463 1448 488 nt
1470 453 1633 487 evidenter
1656 452 1728 488 binc
1744 453 1861 500 liqueat
1892 462 1978 489 tanto

1225 504 1410 551 ampliorem
1455 503 1575 538 censeri
1624 502 1826 549 dignitatern.
1861 511 1979 550 quanto

1227 553 1332 599 plures
1371 552 1609 599 severioresque
1638 552 1721 586 illam
1745 551 1980 587 offendentibus

1228 602 1412 649 infliguntur
1440 614 1570 649 poenae.

1276 652 1295 699 S
1319 656 1350 686 7.
1373 651 1455 686 Sunt
1478 651 1587 694 etiam,
1615 660 1644 686 et
1669 651 1698 686 in
1722 650 1849 697 siguum
1879 662 1980 698 praee-
2008 665 2061 687 Attis
2081 664 2180 697 ‚rnna

1228 701 1399 736 minentiae
1419 701 1495 748 ipsis
1517 700 1665 736 l'ratribns
1684 700 1800 735 nostris
1819 712 1893 748 prae
1911 700 1981 735 aliis
1994 695 2181 749 }J‡‡¹⁵'‘¹⁰⁰⁰'¹⁸¹

1229 751 1389 786 Ecclesiae
1409 749 1567 797 praelatis,
1587 760 1616 786 et
1633 749 1779 785 similiter
1796 762 1868 785 cum
1888 749 1980 796 legati

1228 801 1267 835 de
1300 809 1406 835 nostro
1435 799 1530 834 latere
1567 799 1782 840 destinantur,
1811 811 1886 847 prae
1911 799 1982 835 aliis

1229 850 1351 896 legatis,
1375 849 1472 884 multa
1495 861 1531 884 ac
1554 861 1666 896 magna
1695 861 1749 895 per
1775 860 1914 884 canones
1936 858 1984 883 at-

1229 899 1343 934 tributa
1365 898 1543 946 privilegia,
1561 911 1642 945 qnae
1658 898 1713 933 tibi
1739 906 1810 933 nota
1830 909 1900 933 esse
1921 910 1983 933 non

1229 949 1420 984 dubitamus.
1444 947 1528 982 Hinc
1555 948 1648 982 ctiam
1671 954 1794 983 constat
1814 959 1872 983 cur
1894 960 1909 981 a
1938 948 1985 982 la-

1230 1007 1295 1033 tere
1317 997 1491 1045 apostolico
1508 996 1600 1036 mini,
1621 997 1665 1032 eis
1687 997 1764 1032 solis
1787 1005 1818 1032 et
1834 1009 1896 1032 non
1916 996 1985 1032 aliis

1230 1049 1452 1095 appropriatur
1475 1046 1597 1092 legatis.

1280 1102 1294 1140 ᾗ·
1323 1101 1355 1131 8.
1384 1095 1449 1131 Sed
1479 1105 1507 1130 et
1536 1096 1586 1131 ille
1619 1095 1802 1130 notissimus
1824 1094 1979 1131 Constan-
2006 1103 2186 1133 imper-20:002-

1232 1147 1317 1181 tinns
1340 1147 1523 1193 imperator,
1544 1145 1800 1180 animadvertens
1821 1144 1859 1180 ad
1887 1157 1983 1193 qnam
1998 1137 2186 1195 Σζ,“ζζῗῗ,“,“μ’ζ“““

1233 1207 1382 1242 inagnum
1405 1207 1441 1230 ac
1465 1194 1628 1242 publicum
1659 1194 1849 1230 universalis
1871 1191 1987 1230 Eccle-

1232 1245 1296 1280 siae
1318 1244 1454 1280 officium
1479 1244 1536 1291 ipsi
1562 1244 1671 1279 fratres
1694 1245 1791 1280 nostri
1816 1244 1914 1279 vocati
1939 1256 1990 1279 es-

1232 1303 1314 1335 seut,
1329 1294 1374 1329 sic
1391 1294 1502 1341 inquit:
1520 1293 1676 1328 Volumus
1690 1294 1783 1329 etiam
1805 1293 1921 1328 deinde
1939 1294 1988 1329 sui

1232 1343 1364 1379 Ordinis
1387 1342 1670 1378 reverendissimos
1690 1343 1824 1378 clericos
1845 1342 1879 1377 S.
1894 1342 1934 1378 R.
1949 1342 1988 1378 E.

1233 1393 1418 1437 servientes,
1441 1392 1586 1439 singulos
1603 1391 1719 1427 habere
1742 1391 1819 1427 illud
1842 1401 1992 1430 sanctum

1233 1442 1358 1477 culmen
1388 1442 1546 1490 potentiae
1579 1451 1609 1477 et
1644 1441 1866 1486 excellentiae,
1896 1442 1990 1478 cuius

1233 1492 1453 1527 sanctissimus
1476 1499 1583 1526 noster
1596 1498 1725 1526 senatus
1746 1490 1871 1525 videtur
1888 1490 1989 1537 gloria

1234 1541 1398 1585 adornari,
1427 1540 1509 1576 idest
1537 1540 1699 1587 patritios,
1727 1539 1877 1575 consules
1900 1540 1990 1584 fieri,

1235 1603 1316 1638 quos
1338 1598 1422 1625 certe
1452 1590 1606 1638 patritios,
1633 1589 1784 1625 consules
1810 1589 1989 1625 secundum

1236 1640 1334 1687 leges,
1356 1647 1390 1674 ut
1414 1640 1443 1674 in
1467 1651 1592 1674 summa
1614 1638 1766 1686 dignitate
1787 1639 1990 1682 constitutos,

1237 1690 1405 1736 imperator
1428 1697 1534 1736 patres
1560 1689 1618 1724 sibi
1645 1689 1750 1736 elegit,
1773 1696 1804 1723 et
1836 1687 1904 1723 loco
1928 1700 1991 1736 pa-

1237 1747 1319 1774 trum
1344 1751 1359 1773 a
1383 1750 1415 1773 se
1437 1737 1585 1773 honorari
1608 1737 1752 1773 affirmat.

1285 1788 1305 1835 S
1335 1789 1367 1822 9.
1399 1787 1492 1830 Quod
1523 1800 1594 1822 vero
1629 1786 1706 1822 baec
1740 1786 1878 1832 dignitas
1905 1794 1991 1822 tanto
2013 1794 2193 1833 {tom-nuecta-

1237 1837 1356 1872 honore
1380 1835 1586 1884 praefulgeat,
1614 1848 1671 1871 nec
1694 1844 1764 1871 tuae
1788 1835 1991 1877 fraternitati,
2006 1832 2038 1849 ⁸¹⁵
2051 1825 2191 1849 ⁰⁸¹⁶¹¹¹⁸¹¹⁰³

2006 1860 2090 1879 coetum
2103 1856 2139 1879 nttt
2174 1856 2190 1878 t-

1238 1898 1295 1921 nec
1317 1885 1454 1932 cuipiam
1477 1885 1566 1920 alteri
1590 1885 1759 1920 molestum
1794 1897 1863 1920 esse
1885 1885 1991 1926 debet,
2005 1858 2193 1911 ¹⁰⁸²¹¹⁰¹0=¹g⁰¹b

1237 1935 1400 1982 quoniam,
1416 1942 1447 1969 ut
1465 1935 1563 1970 sancti
1580 1942 1769 1970 attestantur
1781 1934 1902 1976 Patres,
1921 1947 1993 1970 om·
2006 1920 2083 1941 'mm'

1239 1996 1293 2020 ncs
1321 1983 1555 2031 patriarchales,
1584 1983 1892 2032 archiepiscopales,
1920 1985 1994 2032 epi-

1237 2033 1393 2081 scopales,
1426 2033 1633 2077 cathedrales,
1655 2034 1795 2081 aliasque
1823 2033 1994 2080 dignitates

1237 2083 1379 2118 Romana
1418 2082 1560 2118 fundavit
1594 2082 1748 2126 Ecclesia;
1775 2084 1921 2131 sicutque
1948 2083 1994 2118 li-

1238 2133 1314 2177 cuit,
1338 2133 1390 2167 uni
1419 2132 1580 2168 Ecclesiae
1606 2133 1758 2180 amplam,
1780 2132 1832 2168 alii
1855 2133 1994 2181 amplio—

1240 2195 1303 2216 rem
1327 2191 1358 2217 et
1384 2183 1434 2216 alii
1464 2181 1706 2229 amplissimam,
1730 2191 1823 2230 prout
1844 2182 1995 2230 expedire

1240 2231 1400 2276 iudicavit,
1412 2232 1535 2267 tradidit
1550 2240 1745 2279 potestatem.
1759 2230 1881 2267 Omnes
1896 2233 1994 2274 enim,

1240 2289 1399 2328 tamquam
1424 2282 1518 2316 unius
1539 2281 1661 2316 arboris
1684 2281 1760 2316 rami
1784 2281 1823 2316 ab
1852 2294 1913 2317 una
1941 2293 1995 2316 ea-

1239 2330 1374 2378 demque
1390 2331 1504 2375 radice,
1525 2338 1555 2365 et
1577 2339 1612 2366 ut
1634 2331 1748 2366 diversi
1772 2343 1925 2378 aquarum
1951 2331 1995 2366 ri-

1240 2380 1301 2415 vuli
1317 2380 1356 2415 ab
1375 2380 1486 2416 eodeni
1509 2381 1596 2416 sonte
1611 2380 1810 2428 prodierunt,
1824 2380 1896 2416 licet
1911 2392 1995 2416 unus

1239 2430 1299 2466 alio
1321 2431 1481 2478 copiosior
1495 2438 1589 2478 atque
1609 2429 1745 2466 uberior.
1762 2429 1881 2478 ltaque,
1895 2430 1921 2465 si
1943 2430 1996 2466 iu-

1240 2480 1296 2515 stis
1311 2492 1348 2515 ex
1367 2481 1471 2515 causis
1489 2488 1519 2515 et
1541 2479 1681 2527 Spiritus
1702 2479 1810 2515 Sancti
1831 2479 1994 2523 instinctu,

1241 2542 1302 2575 quo
1338 2530 1419 2564 hanc
1453 2529 1568 2565 Sedem
1599 2531 1663 2577 regi
1701 2529 1895 2565 credendum
1928 2537 1994 2574 est‘,

1240 2578 1382 2614 Romana
1410 2579 1556 2614 Ecclesia
1584 2578 1812 2614 venerabilium
1844 2579 1995 2625 cardina-

1241 2628 1318 2663 liuni
1342 2638 1467 2664 coetum
1491 2630 1528 2664 ad
1556 2628 1702 2665 coelestis
1723 2627 1918 2665 hierarchiae
1944 2628 1995 2665 si}-
