2281 3251
242 286 291 312 An.
309 285 338 313 C.
358 288 424 315 ¹5¹5

270 859 387 880 Exordium.

489 275 560 309 622
1019 283 1206 306 eruanimi

479 342 625 376 dicebant.
644 342 816 379 licitumque
835 350 869 370 ex
888 345 988 369 mutuo
1011 339 1137 369 lucrum.
1155 355 1194 361 —

478 386 507 416 4.
532 385 663 415 Pontifex
686 385 751 414 ideo
781 384 908 414 declarat
932 383 1043 414 Montes
1067 392 1133 413 esse
1153 384 1191 412 ti-

478 431 561 463 citos.
585 431 608 459 si
634 429 706 459 nibil
731 429 804 458 ultra
829 429 1014 458 necessarias
1043 428 1192 465 impensas

478 475 646 513 recipiatur.
673 490 710 496 —-
729 474 755 502 5.
778 472 962 503 Contrarium
988 472 1192 510 praedicantes

477 518 520 548 vet
535 519 717 556 disputantes
736 517 1050 547 excommunicationis
1067 525 1190 554 poenam

477 562 635 592 incurrant.
653 578 692 584 —
714 562 741 592 6.
761 561 922 600 Derogatur
943 561 1111 591 contrariis.

436 637 485 667 Leo
509 637 652 673 episcopus
672 644 768 666 servus
792 643 932 666 servorum
951 635 1012 669 Dei.
1037 637 1071 665 att
1096 643 1191 673 perpe-

481 688 558 715 tuam
581 686 622 715 rei
640 687 811 720 memoriam.
829 693 908 716 sacro
933 687 1103 723 approbante
1126 686 1190 716 Con-

481 736 553 765 cilio.

484 808 569 843 Inter
597 808 788 856 multiplices
824 817 947 844 nostrae
979 808 1191 844 solicitudinis

436 870 540 902 curas,
563 858 645 892 illam
670 859 698 893 in
729 860 841 905 primis
863 859 1025 905 suscipere
1054 871 1110 906 pro
1138 871 1190 892 no-

435 917 500 942 stro
529 909 675 954 pastorali
709 909 812 943 otlieio
843 909 1008 947 debemus,
1039 916 1075 943 ut
1109 921 1190 955 quae

435 957 572 992 salubria
596 967 625 992 et
650 958 818 992 laudabilia
855 972 889 993 ae
917 958 1089 992 catholicae
1118 958 1188 992 tidei

435 1020 574 1042 consona
597 1016 627 1042 et
651 1008 741 1042 bonis
765 1008 908 1042 moribus
935 1007 1122 1052 conformia,
1138 1020 1191 1042 tio-

435 1066 499 1092 sti'o
523 1066 666 1104 tempore
694 1069 754 1092 non
779 1058 881 1092 solum
905 1058 1127 1102 enucleentur,
1144 1070 1191 1092 ve-

387 1123 389 1125 *
435 1120 504 1142 rum
538 1108 631 1141 ctiam
660 1107 697 1141 ad
732 1119 874 1153 posteros
898 1116 1130 1153 propagentur-3
1160 1117 1190 1141 et

234 1610 316 1633 Monte,
332 1610 418 1632 Pietatis

235 1643 323 1664 hutusrn.
348 1642 418 1664 licitos

234 1679 275 1695 non
301 1679 348 1695 esse
369 1679 418 1701 pro-

234 1708 281 1732 pter
300 1707 364 1725 mutui
385 1705 417 1725 lu—

234 1741 419 1757 &uninomia-⁸3·

233 1767 341 1793 :erebum

435 1169 516 1204 quae
531 1157 694 1191 materiam
718 1157 856 1191 scandali
876 1157 1025 1204 praebere
1050 1166 1188 1204 possent,

435 1207 563 1253 penitus
586 1207 792 1241 suecidantur
813 1216 843 1242 et
866 1208 1016 1241 radicitus
1035 1207 1191 1253 extirpen-

435 1265 497 1296 tur,
513 1269 569 1291 nec
594 1257 749 1302 pullulare
777 1269 910 1304 usquam
935 1257 1093 1300 sinantur,
1109 1269 1143 1291 ea
1159 1257 1187 1290 in

434 1318 509 1352 agro
531 1306 690 1340 dominico
726 1315 757 1340 et
779 1307 868 1340 vinea
894 1304 1023 1340 Domini
1050 1306 1188 1340 Sabaoth

434 1355 595 1390 dumtaxat
619 1355 742 1390 conseri
767 1355 991 1402 permittendo,
1014 1356 1131 1403 quibus
1160 1356 1188 1389 ti

434 1404 552 1439 delium
575 1415 696 1439 mentes
719 1406 804 1451 pasci
825 1405 1034 1452 spiritualiter
1054 1405 1189 1451 possint

433 1455 598 1489 eradicatis
624 1455 764 1499 zizaniis,
791 1462 822 1489 et
860 1454 986 1489 oleastri
1025 1455 1188 1489 sterilitate

434 1505 568 1538 succisa.

484 1554 504 1600 g
534 1556 563 1588 l.
592 1553 689 1598 Sane,
718 1566 789 1589 cum
813 1553 887 1588 olim
913 1554 994 1588 inter
1017 1552 1189 1588 nonnullos

433 1603 565 1638 dilectos
587 1604 667 1638 filios
695 1616 802 1638 sacrae
822 1603 998 1649 theologiae
1022 1603 1189 1649 magistros

432 1666 468 1688 ac
502 1654 578 1688 iuris
618 1653 786 1701 utriusque
815 1653 962 1688 doctores
1004 1662 1188 1688 controver-

432 1705 510 1739 siam
534 1703 717 1751 qnamdam,
734 1716 795 1738 non
809 1704 878 1738 sine
894 1703 1083 1750 populorum
1099 1715 1186 1737 scau<

433 1754 504 1788 dale
530 1763 561 1788 et
585 1754 1000 1797 murmuratione,exortam
1029 1761 1059 1787 et
1088 1766 1188 1799 nuper

433 1803 480 1837 liis
503 1803 614 1837 diebus
638 1804 816 1838 innovatam
850 1815 919 1838 esse
948 1803 1163 1849 comperimus
1180 1830 1187 1841 ,

431 1853 514 1888 circa
544 1865 717 1900 pauperum
755 1854 977 1887 relevationem
1008 1854 1037 1887 in
1071 1853 1188 1886 mutuis

432 1903 479 1936 eis
494 1903 617 1950 publica
641 1903 826 1937 auctoritate
851 1903 1015 1943 faciendis,
1032 1902 1087 1949 qni
1106 1915 1189 1935 ιιιοιι-

433 1959 473 1985 tes
503 1954 627 1997 pietatis
655 1953 749 1999 vulgo
779 1953 994 1999 appellantur,
1018 1953 1134 1999 quique
1159 1952 1186 1984 ia

432 2001 541 2037 multis
577 2002 683 2038 ltaliae
706 2003 898 2045 civitatibus,
926 2002 964 2036 ad
993 2002 1188 2037 subvenien-

433 2051 509 2085 dum
539 2064 594 2099 per
618 2052 800 2087 huiusmodi
833 2061 979 2086 mutuum
1010 2063 1186 2098 pauperum

434 2101 584 2148 inopiae,
613 2114 652 2136 ne
680 2114 848 2136 usurarum
885 2101 1034 2147 voragine
1073 2100 1188 2146 deglu-

435 2151 563 2191 tiantur,
585 2163 601 2185 a
629 2152 789 2186 civitatum
808 2150 1044 2197 magistratibus
1062 2162 1098 2184 ac
1120 2150 1188 2184 aliis

434 2199 697 2235 christifidelibus
714 2210 787 2236 sunt
811 2201 958 2244 instituti,
981 2209 1074 2248 atque
1090 2212 1104 2234 a
1119 2212 1188 2234 san-

434 2251 492 2284 ctis
525 2250 621 2291 viris,
655 2251 752 2285 divini
789 2250 873 2286 verbi
911 2250 1134 2298 praeconibus,
1158 2259 1187 2283 et

435 2298 551 2334 laudati
580 2308 610 2335 et
634 2301 787 2347 persuasi,
810 2314 845 2335 ac
871 2313 886 2335 a
911 2300 1072 2334 nonnullis
1095 2300 1186 2333 etiam

434 2347 577 2384 Summis
597 2349 805 2386 Pontificibus
820 2349 1119 2398 praedecessoribus
1138 2361 1187 2383 no

434 2400 506 2435 stris
529 2399 648 2446 probati
676 2409 706 2435 et
741 2401 929 2444 confirmati,
952 2401 1015 2434 sint
1039 2412 1077 2433 ne
1104 2411 1188 2445 prae-

436 2453 487 2488 fati
511 2462 634 2489 montes
661 2467 676 2489 a
708 2455 880 2489 christiano
908 2455 1055 2501 dogmate
1085 2453 1188 2486 disso-

436 2516 546 2543 nantes
563 2507 608 2542 vel
626 2521 700 2548 non,
719 2517 848 2555 utraque
866 2517 952 2556 parte
974 2506 1188 2543 diversimode

434 2562 589 2597 sentiente
629 2572 724 2610 atque
765 2563 974 2610 praedicante.
1017 2561 1188 2596 Nonnullis

435 2616 520 2652 enim
558 2617 715 2665 magistris
743 2626 773 2652 et
794 2616 978 2653 doctoribus
1007 2615 1188 2652 dicentibus

435 2681 489 2708 eos
515 2680 640 2707 montes
664 2683 726 2708 non
754 2683 824 2708 esse
858 2672 972 2716 licitos,
1008 2672 1040 2707 iu
1069 2669 1188 2719 quibus

1235 281 1398 306 noamtwu

1234 338 1350 385 aliquid
1380 337 1460 373 ulti-a
1490 347 1607 373 sortem
1637 350 1692 384 pro
1715 336 1832 378 libera,
1855 337 1990 373 decurso

1234 397 1320 422 certo
1339 397 1494 433 tempore,
1518 401 1573 435 pet·
1599 389 1763 423 ministros
1786 387 1881 422 buius
1904 400 1992 422 mon-

1235 439 1287 481 iis,
1306 437 1344 472 ab
1368 437 1466 484 ipsius
1489 438 1693 485 pauperibus,
1707 437 1825 485 quibus
1844 446 1990 472 mutuum

1234 487 1343 526 datur,
1371 487 1518 531 exigitur,
1547 496 1575 522 et
1609 497 1774 534 propterea
1802 487 1840 522 ab
1877 500 1992 522 usura-

1234 549 1302 570 rum
1339 536 1473 571 crimine
1515 537 1719 582 iniustitiam,
1741 550 1796 572 seu
1825 536 1864 572 ab
1887 538 1990 584 aliqua

1233 585 1309 620 certi
1337 586 1446 632 specie
1469 586 1540 620 mali
1569 587 1705 621 mundos
1739 599 1802 622 non
1839 586 1990 621 evadere:

1233 648 1305 669 enm
1339 634 1496 669 Dominus
1533 644 1663 680 noster,
1687 635 1771 671 Luca
1799 635 1990 683 evangelista

1232 693 1411 725 attestante,
1434 693 1544 732 aperto
1573 697 1630 720 nos
1659 694 1829 732 praecepto
1852 686 1991 720 obstrin-

1233 735 1310 769 xerit
1349 746 1388 769 ne
1410 747 1447 769 ex
1475 735 1548 769 dato
1572 744 1683 770 mutuo
1710 736 1887 782 quidquam
1910 734 1990 770 ultra

1232 793 1348 819 soi-tem
1372 796 1501 832 sperare
1524 784 1710 820 debeamus.
1733 784 1778 819 Ea
1806 786 1891 819 enim
1916 797 1991 832 pro-

1234 834 1297 880 pria
1322 842 1369 868 est
1397 846 1564 869 usurarum
1602 835 1840 880 interpretatio,
1863 835 1990 881 quando

1232 883 1379 918 videlieet
1402 896 1440 918 ex
1464 896 1521 918 usu
1548 884 1603 925 rei,
1625 896 1706 932 quae
1735 896 1797 918 non
1821 885 1990 930 germinat.

1234 933 1320 967 nullo
1345 934 1463 977 labore,
1492 934 1579 968 nullo
1601 942 1731 981 sumptu
1773 935 1900 968 nullove
1929 946 1990 980 pe·—

1233 984 1331 1018 riculo
1355 983 1476 1017 lucrum
1505 982 1682 1031 soenttsque
1705 983 1849 1030 conquiri
1872 984 1990 1018 stude-

1232 1041 1299 1074 tur;
1335 1033 1493 1067 addebant
1529 1034 1621 1068 etiam
1659 1033 1754 1067 iidem
1792 1033 1930 1079 magistri
1959 1040 1987 1067 et

1232 1083 1390 1120 doctores,
1414 1083 1442 1117 iti
1468 1084 1507 1117 iis
1530 1083 1692 1117 montibus
1718 1094 1821 1129 neque
1848 1094 1991 1118 commu-

1232 1133 1356 1173 tantae,
1385 1145 1488 1180 neque
1517 1132 1737 1167 distributivae
1762 1132 1901 1167 iustitiae
1925 1132 1989 1166 [ieri

1231 1192 1317 1225 satis,
1341 1195 1413 1217 cum
1445 1192 1546 1217 tamen
1577 1193 1717 1217 iustitiae
1741 1191 1895 1216 terminos
1917 1193 1992 1216 con·

1232 1241 1293 1266 trat
1301 1241 1349 1266 tus
1373 1232 1554 1266 linitis.n0di
1578 1233 1731 1268 excedere
1755 1243 1816 1266 non
1842 1231 1989 1272 debeant,

1230 1283 1255 1316 si
1271 1281 1406 1316 debtant
1422 1282 1603 1329 :·ippiobari.
1625 1283 1724 1328 idque
1740 1290 1899 1328 praeterea
1915 1293 1990 1328 pro-

1231 1331 1304 1365 bire
1328 1332 1526 1374 nitebantur,
1559 1332 1634 1378 qnia
1663 1333 1826 1387 impensae
1851 1343 1906 1378 pio
1930 1330 1990 1365 liu-

1232 1381 1368 1415 ittstnotli
1394 1382 1548 1415 montium
1573 1382 1826 1419 consonatione,
1849 1392 1864 1415 a
1889 1379 1990 1427 pluri-

1232 1431 1302 1469 bus,
1321 1439 1354 1464 ut
1365 1431 1465 1474 aiunt,
1493 1430 1629 1471 debitae,
1652 1443 1667 1465 a
1690 1431 1765 1465 solis
1781 1430 1989 1477 pauperibus

1230 1480 1345 1527 quibus
1363 1489 1510 1514 mutuum
1526 1480 1628 1521 datur,
1643 1489 1904 1527 extorqueantur;
1922 1479 1990 1526 plu-

1231 1542 1326 1576 raque
1351 1530 1510 1564 interdum
1540 1530 1619 1564 ultra
1648 1530 1842 1564 necessarias
1865 1537 1896 1564 et
1918 1541 1988 1563 mo-

1230 1580 1354 1614 deratas
1378 1579 1550 1626 impensas,
1568 1592 1629 1614 non
1646 1579 1885 1627 absquespccie
1914 1578 1986 1613 mali

1229 1641 1265 1664 ac
1289 1629 1446 1664 incentivo
1461 1629 1680 1677 delinquendi,
1697 1629 1891 1677 quibusdam
1918 1628 1988 1664 aliis

1231 1680 1387 1726 personis,
1412 1679 1528 1714 inferre
1558 1680 1715 1723 videntur,
1739 1679 1962 1714 exhibeantur.

1278 1734 1293 1772 ξ
1319 1732 1351 1762 2.
1381 1729 1464 1763 Aliis
1492 1741 1564 1764 vero
1602 1730 1745 1776 pluribus
1773 1730 1931 1776 magistris
1958 1738 1986 1763 et

1229 1778 1414 1813 doctoribus
1429 1788 1535 1813 contra
1552 1780 1769 1814 asserentibus
1783 1789 1814 1814 et
1834 1781 1864 1813 in
1879 1779 1987 1813 multis

1229 1827 1335 1862 Italiae
1362 1830 1536 1876 gymnasiis
1565 1830 1659 1864 verbo
1694 1837 1725 1864 et
1752 1829 1871 1876 scripto
1907 1840 1984 1863 con-

1229 1878 1454 1919 clamantibus,
1489 1890 1545 1926 pro
1582 1887 1668 1913 tanto
1697 1878 1799 1922 bono,
1827 1887 1986 1926 tamquam

1231 1928 1422 1974 reipublicae
1458 1929 1716 1975 pernecessario,
1740 1928 1835 1963 modo
1869 1929 1988 1963 ratione

1230 1978 1332 2011 tnntui
1362 1977 1440 2012 nibil
1465 1987 1588 2024 petatur
1619 1991 1725 2025 neque
1748 1986 1905 2025 speretur,
1931 1990 1987 2026 pro

1230 2027 1438 2062 indemnitate
1466 2037 1570 2062 tamen
1595 2028 1782 2062 eorumdem
1806 2028 1961 2063 montium
1977 2055 1986 2070 ,

1231 2078 1446 2124 impensarum
1463 2077 1607 2113 videlicet
1631 2079 1849 2113 ministrorum
1863 2089 1988 2112 eorum-

1229 2126 1301 2160 dem
1326 2139 1361 2160 ac
1385 2140 1490 2162 rerum
1513 2128 1655 2162 omnium
1675 2128 1713 2162 ad
1737 2127 1861 2162 illorum
1881 2139 1988 2163 ncces·

1229 2177 1342 2211 sariam
1364 2177 1636 2212 consertationem
1663 2177 1902 2224 pertinentium
1917 2177 1988 2212 abs-

1229 2239 1291 2273 que
1327 2227 1482 2262 montium
1521 2226 1701 2262 huiusmodi
1737 2226 1851 2282 lucro,
1891 2226 1987 2274 idque

1230 2275 1426 2311 moderatum
1451 2286 1481 2312 et
1505 2277 1732 2321 necessarium
1750 2276 1811 2312 ab
1805 2277 1843 2311 tis
1865 2277 1919 2332 qui
1949 2288 1985 2310 ex

1231 2326 1411 2360 huiusmodi
1437 2335 1550 2361 mutuo
1569 2327 1772 2362 commodum
1793 2326 1986 2372 suscipiunt,

1230 2375 1313 2410 licite
1337 2376 1415 2410 ultra
1444 2386 1562 2411 sortem
1599 2376 1680 2422 engi
1711 2385 1741 2410 et
1763 2376 1831 2422 capi
1863 2376 1985 2421 possit,

1230 2437 1290 2459 non
1316 2425 1392 2459 nibil
1417 2425 1524 2471 licere,
1546 2438 1618 2460 cum
1635 2425 1741 2481 regula
1766 2426 1844 2460 iuris
1861 2425 1984 2460 babeat:

1228 2474 1323 2516 Quod
1352 2477 1404 2522 qui
1428 2476 1630 2510 cominoilum
1660 2476 1767 2515 sentit,
1795 2487 1877 2510 onus
1903 2486 1986 2522 quo-

1228 2535 1289 2570 que
1308 2526 1424 2559 sentire
1446 2525 1569 2564 debeat
1584 2526 1773 2580 'praesertim
1796 2525 1820 2560 si
1848 2532 1985 2571 aposto-

1229 2575 1286 2608 liea
1315 2575 1443 2609 accedat
1471 2575 1651 2610 auctoritas.

1277 2627 1292 2667 ἓ
1321 2626 1352 2658 5.
1377 2624 1481 2666 Quam
1504 2625 1633 2672 quidem
1662 2624 1863 2665 sententiam,
1891 2635 1907 2659 a
1931 2622 1985 2659 fet.

1230 2673 1350 2708 record.
1383 2674 1481 2710 Paulo
1504 2673 1659 2717 secunde,
1678 2673 1767 2710 Sixto
1790 2672 1984 2723 quart0,1n-

2017 1737 2057 1758 Atii
2078 1741 2129 1758 vero
2147 1740 2188 1758 ne·

2003 1768 2111 1789 cessarios
2129 1768 2188 1790 atce-

2002 1799 2060 1823 bant.
2083 1798 2186 1827 ttcitumq.

2003 1835 2028 1852 ex
2053 1833 2123 1852 mutuo
2154 1829 2189 1852 lu-

2002 1866 2067 1884 crum.
