2281 3251
1723 281 1767 305 Vll

222 361 361 393 servata
394 355 471 392 lesu
504 355 632 393 Christi
671 354 825 392 Ecclesia
868 353 912 391 ab
949 355 1043 391 omni
1078 353 1157 391 labe
1190 355 1392 404 incorrupta
1425 362 1547 393 contra
1581 356 1767 394 hominum

223 425 480 463 deliramenta?

274 496 489 534 intrinsecae
500 503 619 534 autem
636 497 784 534 huiusce
799 496 990 534 xoluminis
1004 497 1252 546 praestantiae,
1274 497 1472 535 extrinseca
1496 498 1601 534 ctiam
1622 498 1767 548 (eodem

221 578 291 616 quo
318 573 352 604 et
375 566 466 610 aliis,
498 567 684 616 hucusque
717 567 751 604 in
782 566 897 604 lucem
926 567 1078 616 positis),
1103 580 1167 604 nec
1191 567 1291 605 llocci
1316 567 1490 610 facienda,
1520 568 1669 605 accedit.
1699 571 1766 617 Qui

219 637 314 675 enim
339 638 619 686 promiseramus
640 638 839 675 Romanam
868 637 1039 675 Mainardi
1069 637 1260 675 editionem
1289 637 1515 676 emendatam
1551 646 1769 690 auctamque

220 707 389 752 daturos;
411 707 569 746 debitum
588 715 837 758 agnoscentes,
861 709 1061 758 gratissimo
1076 721 1140 745 nos
1159 708 1303 746 foenore
1323 709 1466 747 nomina
1483 716 1602 747 nostra
1623 711 1767 761 expedi-

218 786 317 818 turos
340 779 568 818 confidimus.
596 780 637 816 Et
660 792 698 817 re
722 792 822 823 vcra,
850 779 945 830 quod
968 779 1013 817 ad
1037 779 1323 817 emendationem
1347 781 1511 830 pertinet,
1547 780 1662 820 bullas
1685 795 1766 820 con-

217 851 489 900 stitutionesque
521 850 719 900 pontificias
747 850 822 888 aliis
856 851 890 888 in
922 849 1189 888 collectionibus
1213 851 1380 895 insertas,
1413 852 1456 889 ad
1490 854 1765 902 praestantiores

216 921 390 960 editiones
419 921 615 971 exigimus,
647 922 865 971 maiorisque
892 922 1063 958 momenti
1092 922 1208 959 varias
1237 921 1406 959 lectiones
1442 923 1475 960 111
1506 924 1635 962 110111115
1653 956 1661 968 ,
1699 926 1763 963 mi-

216 991 313 1029 noris
343 992 378 1028 in
407 997 504 1028 textu
537 991 742 1029 inteximus.
774 991 894 1039 Quum
926 1004 1012 1028 xero
1045 991 1092 1028 nil
1125 992 1278 1041 suppetit
1308 992 1403 1041 quod
1437 993 1683 1039 consulamus,
1716 1003 1763 1033 ta-

217 1060 309 1099 bulis
339 1061 516 1099 diutinum
545 1062 717 1105 excussis,
751 1062 976 1111 emensisque
1005 1062 1144 1099 critices
1167 1070 1332 1100 accurate
1360 1063 1571 1109 canonibus,
1602 1078 1691 1115 quas
1713 1067 1763 1104 di—

217 1144 339 1170 versas
363 1132 531 1170 lectiones
554 1133 697 1182 proprio
721 1139 835 1170 marte
858 1133 1090 1182 proponimus
1105 1164 1113 1177 ,
1141 1133 1186 1170 ad
1209 1134 1360 1183 paginae
1383 1134 1519 1173 calcem
1543 1136 1761 1186 relegamus,

217 1203 314 1241 hisce
329 1203 496 1252 appositis
516 1202 614 1251 siglis
631 1203 690 1252 (R.
711 1203 788 1247 T.),
808 1215 900 1253 quae
917 1203 1138 1241 Recensores
1158 1204 1398 1242 Taurinenses
1411 1212 1666 1257 curatoresque
1682 1220 1763 1258 ope-

206 1274 266 1311 ris
290 1274 456 1311 innuunt.
487 1273 648 1317 Postilla,
672 1273 918 1318 calendarum,
942 1286 1136 1317 nonarum,
1159 1274 1284 1312 iduum
1303 1275 1518 1326 dierumque
1538 1278 1760 1329 interposito-

216 1358 296 1383 rum
317 1345 495 1383 calculum
517 1344 681 1390 arabicis,
701 1346 842 1384 lectoris
862 1346 1067 1390 commodo,
1088 1346 1354 1385 characteribus
1372 1361 1581 1398 expressum
1602 1352 1708 1390 modo
1726 1353 1762 1391 in

214 1416 373 1454 Romana
393 1416 546 1454 editione
560 1415 749 1461 absonum,
767 1416 874 1454 modo
889 1416 933 1454 ab
948 1417 1172 1467 pontificatus
1188 1418 1290 1455 annis
1314 1418 1590 1469 discrepantem,
1608 1422 1653 1459 ad
1673 1424 1763 1461 veri-

213 1492 321 1524 tatem
344 1486 517 1525 reducere
545 1487 702 1525 nitimur.
730 1488 868 1525 Notulis
893 1488 1037 1526 tandem
1060 1487 1235 1526 adiunctis
1259 1489 1304 1527 ad
1329 1496 1526 1529 extremam
1550 1493 1762 1542 paginarum

216 1569 315 1595 oram
339 1557 444 1608 (quas
466 1564 505 1595 ut
517 1557 561 1595 ab
574 1558 656 1602 illis,
681 1571 773 1608 quae
796 1559 831 1596 in
853 1559 1095 1597 Mainardiana
1113 1560 1268 1599 editione
1288 1569 1384 1603 sunt,
1408 1562 1684 1613 distinguamus,
1709 1579 1765 1604 su-

213 1628 381 1677 pradietis
396 1629 494 1678 siglis
518 1628 766 1679 obsignamus)
790 1630 988 1675 historiam,
1007 1632 1279 1682 geographiam,
1299 1639 1439 1671 veteres
1458 1634 1636 1673 Ecclesiae
1659 1637 1761 1681 ritus,

211 1711 318 1737 voces
347 1699 523 1738 obsoletas
554 1701 661 1751 idque
692 1713 806 1750 genus
839 1701 907 1739 alia
935 1703 1069 1740 cursim
1092 1702 1305 1742 delibamus.
1333 1706 1428 1743 Dum
1452 1706 1570 1756 itaque
1599 1707 1686 1746 haec
1720 1709 1763 1747 ad

209 1769 372 1807 editionis
395 1777 536 1809 nostrae
560 1772 712 1808 nitorem
739 1770 984 1816 sull'areimus,
1011 1786 1068 1810 res
1092 1774 1127 1811 111
1151 1774 1361 1813 diuturnum
1386 1783 1525 1827 tempus
1549 1778 1760 1825 extrahitur,

211 1841 425 1890 onerosique
454 1839 556 1878 nobis
584 1842 679 1891 iique
707 1842 803 1879 haud
832 1842 929 1880 leves
962 1851 1124 1894 sumptus
1152 1844 1397 1885 ell'umluntur.
1436 1848 1514 1895 Qua
1549 1850 1695 1899 quidem
1728 1852 1761 1889 in

210 1923 250 1949 re
278 1923 348 1949 non
386 1918 440 1949 est·
468 1911 660 1956 silendum,
692 1912 842 1951 illustria
869 1926 948 1952 esse
977 1915 1121 1953 nomina
1150 1916 1293 1954 illorum
1327 1919 1386 1968 qui
1421 1919 1591 1958 hactenus
1620 1928 1763 1961 nostrae

212 1981 295 2019 huic
329 1982 556 2032 nuperrimae
588 1983 733 2021 editioni
765 1982 1051 2035 subscripserunt
1086 1987 1149 2035 (ita
1178 1994 1214 2025 ut
1247 1988 1275 2025 si
1309 1990 1448 2038 magnis
1482 1997 1618 2029 tantum
1654 1994 1764 2031 nomi-

212 2051 317 2090 nibus
340 2065 513 2103 magnum
549 2054 764 2093 conflaretur
801 2068 912 2106 opus,
949 2056 1034 2094 nihil
1068 2058 1263 2108 optandum
1296 2059 1398 2097 nobis
1430 2063 1664 2112 superesset),
1696 2064 1760 2102 sed

211 2123 317 2174 longe
347 2126 515 2175 pauciora
539 2138 646 2175 quam
680 2127 776 2177 quod
799 2134 980 2178 oporteret
1003 2129 1047 2167 ad
1076 2142 1165 2180 opus
1189 2131 1357 2169 secundis
1390 2133 1504 2171 ventis
1538 2134 1756 2173 vehendum.

212 2194 313 2243 Quae
345 2196 408 2233 etsi
445 2195 490 2233 ab
525 2197 665 2247 incepto
698 2210 762 2236 nos
799 2211 870 2237 non
900 2200 1081 2238 deterrent
1106 2202 1237 2251 (serius
1261 2203 1356 2241 enim
1389 2205 1506 2249 ocius,
1543 2212 1615 2243 toto
1650 2213 1758 2244 terra-

210 2278 290 2304 rum
326 2266 413 2305 orbe
450 2266 509 2306 ubi
545 2269 726 2307 Romanae
761 2270 940 2310 Ecclesiae
974 2285 1105 2311 nomen
1138 2274 1172 2311 in
1209 2274 1346 2312 honore
1375 2282 1449 2317 est,
1488 2276 1678 2327 plerosque
1714 2278 1757 2316 ad

209 2337 326 2376 studia
354 2346 474 2377 nostra
501 2340 656 2378 1111311113
688 2343 928 2391 paratissimos
957 2352 1143 2395 expertum
1167 2346 1208 2383 iri
1233 2345 1480 2397 arbitramur);
1516 2355 1633 2387 tamen
1665 2357 1699 2387 et
1722 2351 1756 2388 in

211 2421 337 2447 caussa
365 2417 447 2448 sunt
469 2423 534 2449 cur
556 2412 740 2451 remissius
765 2414 981 2466 quandoque
1004 2416 1236 2462 incedamus,
1264 2417 1486 2456 oll'endiculis
1513 2419 1620 2457 veluti
1643 2421 1678 2458 in
1702 2421 1757 2458 113

209 2479 391 2530 adpositis.

259 2550 433 2589 Praesens
458 2551 577 2602 itaque
604 2553 773 2592 volumen
801 2556 922 2606 (quod
955 2557 1204 2596 Mainardianis
1236 2559 1514 2598 officinatorilms
1550 2562 1637 2598 tertii
1668 2562 1751 2599 tomi

205 2634 286 2671 pars
317 2624 418 2662 tertia
441 2624 517 2673 est)
542 2625 680 2676 prolixo
705 2626 913 2679 libentique,
940 2630 1080 2676 Lector,
1108 2633 1231 2683 excipe
1255 2634 1387 2671 animo.
1420 2634 1495 2671 Hoc.
1519 2645 1629 2671 uuum
1657 2639 1751 2683 opta-
