2281 3251
232 252 281 278 An.
299 251 327 277 C.
349 252 414 278 ttio7

253 558 292 585 Qui
318 562 415 584 tempore

232 590 318 617 capituli
346 591 417 610 omni-

231 622 292 642 mod·
302 621 376 641 lruitur
388 622 416 640 iu-

232 654 364 673 rlsvtictione⁴

234 1294 345 1315 Elec-tores
355 1295 374 1314 in
384 1294 412 1314 ot-

228 1325 290 1346 fici-t.
303 1326 352 1351 eligi
365 1331 412 1353 pns-

229 1360 283 1377 runt.

240 1492 298 1518 Quae
313 1493 340 1512 sit
358 1492 411 1513 dess-

226 1524 317 1543 ultorum
337 1523 411 1544 butun-

227 1560 268 1574 mo.
287 1555 409 1579 uctoritas,

237 2590 306 2613 rra-t.
320 2591 412 2612 triennto

229 2624 375 2644 terminantur.

481 238 551 271 574

1030 249 1128 272 urus
1135 250 1215 272 RH’M
1245 250 1312 272 110ss
1318 250 1378 272 ..txr
1384 251 1405 271 ,u

1997 253 2045 280 An.
2065 253 2094 281 C.
2110 253 2175 281 tn97

431 304 572 348 solutos,
596 302 641 337 vel
669 314 685 338 a
708 302 818 337 maiori
843 310 930 349 parte
954 303 1094 349 ipsorum
1123 304 1184 339 eli-
1228 305 1364 339 nasterio
1389 304 1513 351 praefici
1535 305 1564 339 iu
1590 305 1762 352 praelatum
1793 305 1838 340 vel
1863 306 1979 341 confir-

431 354 584 400 gentium,
611 360 640 387 et
665 360 771 399 postea
801 364 856 398 per
877 352 1005 386 eosdem
1029 352 1184 388 electores

433 415 514 438 unus
532 415 568 437 cx
584 401 701 437 eisdem
722 413 833 436 novem
854 401 1074 437 definitoribus
1091 403 1184 437 modo

431 451 613 500 supradicto
631 451 766 498 eligatur
788 452 817 485 in
843 451 1074 497 praesidentem
1099 453 1185 499 capi—

431 502 506 542 tuli,
529 502 581 548 qui
605 513 665 536 una
688 513 760 536 eum
784 500 1026 541 definitoribus,
1050 501 1183 536 durante

431 552 580 599 capitulo,
597 550 709 586 habeat
725 550 910 585 auctoritate
926 551 1096 598 apostoliea
1113 563 1181 585 om-

432 601 589 637 nimodam
606 609 637 636 et
651 600 822 648 plenariam
848 600 1027 635 facultatem
1044 608 1073 634 et
1089 601 1183 635 iuris-

431 650 604 686 dictionem
632 658 694 684 tam
718 650 748 684 in
773 649 999 697 temporalibus
1027 662 1122 697 quam
1152 650 1181 683 in

430 699 648 748 spiritualibus
669 712 766 747 super
788 698 891 734 omnia
915 707 943 734 et
966 699 1088 746 singula
1115 711 1183 733 mo-

430 750 578 789 nasteria,
592 749 660 784 loca
679 761 732 784 seu
749 748 903 789 membra,
919 757 948 783 et
963 761 1059 795 super
1073 760 1183 783 omnes

429 808 458 835 et
475 799 614 846 singulas
631 810 780 846 personas
797 798 898 833 dictae
916 798 1181 843 congregationis.

428 848 608 896 specialiter
643 847 881 895 praecipiendi,
908 847 1046 882 arctaudi
1064 874 1072 890 ,
1113 859 1182 881 mo-

429 897 537 943 nendi,
555 896 746 944 corrigendi,
768 875 931 944 puniendi,
957 896 1181 939 incarcerandi,

427 946 750 990 excommunicandi,
786 944 1024 988 sententiandi,
1062 944 1181 992 ligandi

427 1004 522 1044 atque
543 995 705 1037 solvendi;
728 1007 763 1030 ac
791 995 884 1029 etiam
909 994 1110 1029 definitiones
1133 994 1182 1028 di-

427 1054 509 1081 ctam
549 1044 824 1092 congregationem
862 1055 919 1079 seu
947 1043 1013 1078 loca
1046 1052 1075 1078 et
1111 1056 1182 1090 per-

427 1107 521 1131 sonas
543 1094 686 1130 eiusdem
710 1101 939 1129 concernentes
958 1092 1127 1133 condendi,
1152 1101 1180 1126 et

428 1144 477 1179 illa
503 1143 564 1179 sub
589 1143 699 1191 poenis
722 1152 752 1178 et
780 1144 924 1178 censuris
958 1142 1181 1177 ecclesiasticis

427 1193 585 1229 observari
609 1191 781 1228 mandandi
809 1200 837 1227 et
861 1191 1004 1226 faciendi.

476 1242 496 1290 S
534 1244 589 1278 10.
626 1242 673 1277 Ac
707 1241 790 1289 quod
827 1240 1041 1276 indifferenter
1069 1252 1181 1275 omnes

428 1290 578 1338 praedicti
601 1291 754 1326 electores
777 1290 897 1338 possint
920 1290 1033 1337 pariter
1055 1290 1125 1336 eligi
1150 1290 1179 1323 in

427 1340 632 1381 definitores,
668 1340 845 1375 visitatores
874 1348 905 1375 et
937 1339 1091 1386 praelatos
1124 1351 1178 1374 seu

427 1390 520 1426 etiarn
549 1389 709 1425 officiales.

475 1439 496 1487 S
519 1441 576 1474 tt.
599 1438 638 1473 Et
660 1437 746 1485 quod
770 1437 919 1485 praedicti
936 1449 1047 1473 novem
1068 1437 1181 1471 delini-

427 1497 522 1533 tores,
559 1496 591 1523 ut
627 1487 812 1535 praefertur,
841 1499 896 1534 pro
919 1494 1061 1534 tempore
1089 1487 1178 1521 electi

427 1537 561 1573 babeant
593 1536 767 1584 plenariam
795 1537 1011 1571 auctoritatem
1036 1535 1179 1570 mutandi

426 1599 575 1623 monacos
629 1586 890 1622 monasteriorum
941 1597 996 1620 seu
1038 1586 1178 1620 locorum

426 1636 528 1672 dictae
550 1635 802 1684 congregationis
829 1635 867 1669 de
895 1634 966 1670 loco
989 1634 1025 1670 ad
1050 1636 1179 1676 locum,

425 1693 457 1721 et
477 1686 583 1722 omnia
606 1685 756 1721 tractandi
780 1693 809 1720 et
831 1683 1003 1720 definiendi
1022 1697 1113 1731 quae,
1129 1697 1180 1719 se-

426 1735 568 1770 cundum
603 1747 712 1770 eorum
748 1734 926 1774 iudicium,
962 1734 1126 1769 utilitatem
1151 1742 1180 1768 et

426 1784 602 1832 profectum
631 1784 732 1819 dictae
759 1784 1016 1829 congregationis
1043 1795 1180 1818 concer-

426 1845 501 1869 nere
524 1833 726 1868 videbuntur.
755 1833 800 1868 Ac
824 1833 907 1879 quod
931 1832 968 1868 ad
991 1833 1074 1879 ipsos
1097 1833 1181 1867 solos

427 1882 611 1918 definitores
647 1882 692 1917 vel
728 1882 845 1917 maior«
850 1894 878 1916 m
916 1890 1035 1930 partem
1071 1894 1179 1917 eorum

427 1932 584 1979 pertineat
605 1939 635 1967 et
656 1939 777 1979 spectet
798 1931 909 1966 electio
944 1931 1155 1978 praelatoium
1171 1958 1180 1975 ,

427 1981 621 2016 visitatorum
664 1989 694 2015 et
736 1979 914 2015 officialium
956 1981 1178 2027 principalium

426 2029 528 2066 dictae
543 2029 810 2077 congregationis3
825 2030 930 2076 sitque
943 2041 996 2063 eoi
1001 2042 1052 2064 nm
1068 2029 1180 2064 electio

426 2084 514 2120 lirina
529 2092 559 2120 et
575 2083 687 2125 valida,
706 2083 881 2119 dummodo
903 2095 918 2118 a
942 2083 1050 2118 maiori
1081 2092 1178 2130 parte,

426 2137 519 2179 idest,
534 2150 571 2173 ex
595 2149 707 2173 novem
731 2138 874 2184 quinque
888 2137 1089 2172 concorditer
1104 2149 1180 2171 cou-

426 2192 551 2227 veniant
579 2192 609 2226 in
637 2191 786 2238 eligendo
821 2191 858 2225 ad
896 2191 1052 2237 praedicta
1080 2191 1178 2225 officia

425 2257 480 2280 seu
500 2245 668 2291 dignitates
692 2256 858 2292 personam
885 2245 914 2278 in
938 2244 1045 2291 aliquo
1074 2256 1179 2278 mona—

425 2299 520 2334 sterio
547 2299 649 2334 dictae
672 2298 927 2344 congregationis
943 2310 1090 2344 expresse
1105 2310 1180 2344 pro-

425 2352 539 2388 fessam
555 2362 623 2399 post
635 2352 798 2387 biennium
814 2352 1006 2399 completum
1020 2363 1099 2386 asna
1114 2364 1181 2398 pro-

426 2406 562 2441 fessione
585 2414 615 2441 et
638 2406 667 2440 in
691 2405 866 2441 sacerdotio
888 2405 1101 2444 constitutam,
1117 2417 1177 2438 non

426 2459 730 2495 excommunicatam
767 2459 814 2493 vel
851 2459 880 2493 in
911 2458 1036 2506 publica
1068 2458 1179 2505 poeni-

428 2514 520 2549 tentia
545 2513 691 2561 positam.

475 2568 496 2615 ἓ
532 2569 587 2602 42,
622 2567 666 2602 Ita
704 2575 819 2611 tamen,
842 2567 924 2615 quod
954 2566 1060 2601 nullus
1084 2566 1179 2613 possit

428 2621 506 2656 ultra
531 2621 702 2656 triennium
726 2621 911 2656 continuum
931 2620 960 2654 in
981 2619 1091 2655 eodem
1112 2631 1179 2652 mo-

1228 355 1322 394 mari;
1349 354 1404 388 sed
1423 381 1430 393 ,
1455 363 1609 389 transacto
1637 356 1784 395 triennio,
1814 356 1923 402 poterit
1948 356 1978 390 in

1227 404 1285 437 :ilio
1315 403 1504 437 monisterio
1532 404 1634 438 dictae
1657 406 1911 450 conrngationis
1947 406 1977 439 in

1228 451 1400 498 pratlatum
1417 452 1477 497 elig
1469 453 1487 485 i
1511 464 1564 486 seu
1583 433 1737 500 deputari.
1758 454 1794 487 Ei
1811 463 1976 509 postquam

1228 513 1281 547 pei
1304 514 1420 535 annum
1451 502 1603 536 racaxerit
1630 514 1645 536 a
1675 502 1847 548 piwaelattua
1866 504 1978 550 prioris

1227 551 1425 593 monasterii,
1454 551 1565 596 poterit
1594 552 1624 585 in
1653 552 1762 586 eodem
1787 553 1978 587 monasterio

1225 600 1328 634 denuo
1358 600 1494 646 praefici,
1530 608 1559 634 et
1596 601 1626 634 iu
1652 601 1823 646 praelatum
1847 602 1976 636 assumi.

1227 649 1262 683 lit
1299 649 1357 683 lioc
1391 649 1473 683 idem
1503 650 1533 683 in
1570 649 1723 684 electione
1760 650 1976 685 confessorum

1226 697 1410 732 monialium
1435 699 1698 733 monasteriorum
1722 698 1821 734 dictae
1843 711 1979 746 congre-

1226 747 1358 794 gationis
1381 747 1578 782 observetur.

1273 797 1292 843 g
1317 798 1372 830 115.
1397 796 1557 843 Quodque
1581 796 1813 843 praedictorum
1833 796 1978 832 definito-

1226 858 1292 879 rum
1309 846 1465 881 sententia
1493 855 1586 892 atque
1609 845 1842 887 determinatio,
1860 855 1921 881 tam
1947 846 1975 880 in

1226 894 1391 941 praedictis
1414 907 1507 942 quam
1528 895 1558 929 in
1582 895 1662 935 aliis.
1680 894 1899 930 inviolabiliter
1921 895 1979 930 ob-

1224 952 1375 978 servetur.
1416 943 1575 991 Quodque
1613 944 1651 978 ab
1690 956 1799 979 eorum
1823 945 1977 980 sententia

1225 993 1342 1028 nemini
1372 993 1462 1028 liceat
1485 993 1662 1040 appellare,
1685 1003 1713 1028 et
1737 994 1760 1028 si
1784 994 1977 1041 appellatum

1224 1043 1340 1087 luerit,
1368 1043 1438 1077 talis
1473 1042 1642 1089 appellatio
1678 1042 1763 1077 nulla
1798 1051 1829 1077 et
1869 1042 1978 1078 frivola

1223 1092 1345 1132 existat,
1359 1100 1388 1127 et
1401 1092 1443 1126 illi
1459 1103 1520 1126 non
1541 1091 1709 1126 deseratur.
1729 1091 1768 1126 Et
1784 1091 1869 1138 quod
1883 1092 1979 1139 quid—

1222 1141 1297 1187 quid
1319 1140 1502 1176 delinitores
1519 1141 1667 1187 praedicti
1691 1141 1729 1175 de
1751 1141 1909 1176 solutione
1924 1149 1978 1176 aut

1223 1190 1484 1226 determinatione
1518 1191 1766 1237 quaestionum,
1794 1190 1833 1225 de
1872 1202 1978 1226 corre-

1222 1241 1324 1275 ctione
1352 1248 1382 1274 et
1417 1240 1590 1275 mutatione
1623 1239 1848 1274 monachorum
1882 1248 1911 1274 et
1939 1240 1978 1275 de

1224 1289 1316 1324 modo
1340 1290 1630 1336 poenitentiarum,
1652 1289 1690 1323 de
1713 1289 1925 1335 assignatione
1947 1297 1977 1324 et

1222 1339 1425 1385 deputatione
1452 1339 1604 1373 lectorum
1640 1350 1675 1373 ac
1703 1338 1920 1378 studentium,
1947 1346 1978 1373 et

1223 1388 1416 1423 institutione
1439 1387 1571 1422 aliorum
1600 1387 1806 1432 officialium,
1829 1396 1858 1422 et
1881 1387 1977 1434 quid-

1222 1437 1310 1483 quid,
1340 1445 1442 1471 tamen
1465 1436 1585 1484 Spiritu
1610 1436 1727 1471 Sancto
1751 1436 1901 1476 donante,
1925 1449 1978 1472 or-

1222 1486 1401 1521 dinaverint
1435 1499 1492 1521 seu
1527 1485 1741 1530 definiverint,
1764 1493 1865 1520 totum
1888 1486 1978 1533 capi-

1224 1536 1323 1570 tulum
1341 1544 1369 1570 et
1386 1548 1497 1570 omnes
1516 1535 1595 1570 aliae
1612 1546 1763 1581 personae
1782 1535 1884 1570 dictae
1899 1547 1977 1570 con-

1222 1586 1410 1631 gregationis
1450 1584 1665 1619 universaliter
1698 1592 1730 1619 et
1764 1585 1977 1629 unanimiter,

1223 1635 1332 1670 devote
1355 1643 1383 1669 et
1407 1634 1581 1674 humiliter,
1597 1633 1716 1680 absque
1738 1634 1800 1668 ulla
1825 1634 1976 1669 reclama-

1223 1685 1307 1719 tione
1319 1696 1373 1719 seu
1390 1684 1639 1718 murmuratione
1653 1683 1698 1717 vel
1716 1683 1976 1725 contradictione,

1222 1734 1383 1781 suscipere
1413 1741 1588 1768 tencantur.

1270 1784 1290 1830 g
1319 1786 1374 1817 lle.
1399 1782 1557 1829 Quodque
1575 1781 1805 1828 praedictorum
1829 1782 1976 1817 definito·
2003 1795 2088 1817 ntorum
2104 1798 2174 1816 umen

1223 1845 1290 1866 rum
1320 1832 1483 1872 ollicium,
1506 1844 1616 1878 quatis
1642 1831 1760 1865 ratione
1788 1831 1832 1866 iel
1855 1843 1975 1871 causa,
1990 1827 2045 1848 ⁰¹5⁰
2063 1827 2118 1847 ”¹¹¹⁸
2135 1828 2174 1847 ¹¹⁸·

2008 812 2023 831 A
2037 812 2130 832 decretis
2140 812 2180 832 de-

1995 842 2099 862 finitorum
2108 842 2179 869 appel—

1995 873 2045 893 tuto
2061 872 2125 893 nullu.
2160 883 2162 885 -

1223 1894 1276 1916 scu
1301 1882 1412 1928 quovis
1436 1880 1543 1920 modo,
1561 1892 1621 1914 non
1648 1880 1745 1926 possit
1765 1880 1843 1915 ultra
1864 1880 1973 1915 decem
1967 1859 2175 1916 iiiiirnliiiinuou

1222 1931 1289 1965 dics
1314 1930 1451 1977 protrahi
1477 1929 1522 1964 vel
1547 1929 1677 1964 ‹littei-ri.

1270 1984 1284 2023 ξ
1311 1982 1365 2014 15.
1395 1979 1433 2013 Et
1461 1978 1545 2025 quod
1569 1979 1657 2013 loeus
1679 1979 1808 2025 capituli
1832 1979 1904 2014 anni
1927 1978 1976 2013 l'u-
1995 1995 2176 2017 Debentverode.

1224 2030 1293 2068 turi,
1312 2041 1366 2075 per
1380 2028 1509 2063 eosdem
1531 2027 1714 2062 definitores
1737 2028 1869 2074 singulis
1884 2029 1976 2063 annis
1990 2026 2176 2084 ξζξζξξθῃὲξξιῇῗ

1222 2089 1292 2116 ante
1335 2081 1559 2116 resolutionem
1599 2081 1727 2128 capituli
1770 2082 1975 2129 exprimatur,
2171 2073 2176 2082 ¹

1224 2136 1443 2182 pronuntietur
1465 2143 1493 2169 et
1518 2134 1708 2182 publicetur

1271 2193 1363 2231 §.16
1389 2190 1433 2223 Ac
1458 2189 1541 2236 quod
1565 2189 1667 2222 solum
1690 2188 1727 2223 ad
1752 2188 1838 2235 ipsos
1859 2188 1975 2222 desini-
2002 2199 2125 2225 Atmsos‘i-
2136 2203 2176 2218 ⁵⁰-

1223 2251 1304 2277 tores
1332 2251 1453 2290 spectet
1482 2243 1691 2289 piaesi‹l‹1nis
1720 2242 1817 2276 totius
1839 2254 1975 2289 cou‘vre-
1989 2229 2175 2286 i321p¹ifiss²⁵÷iei2

1221 2298 1356 2341 gationis
1383 2297 1507 2341 tleetio,
1534 2309 1614 2344 quae
1649 2295 1784 2342 singulis
1805 2296 1896 2330 arinis
1919 2308 1973 2331 seu
1991 2291 2016 2310 ¹¹’
2033 2289 2126 2316 ⁰⁸P¹¹¹¹¹¹

1221 2333 1260 2385 ile
1282 2364 1366 2386 anno
1390 2352 1418 2385 in
1442 2363 1559 2386 annum
1588 2350 1701 2385 debeat
1724 2350 1886 2384 celebrari.

1270 2406 1290 2451 g
1319 2408 1374 2438 17.
1412 2405 1451 2439 Et
1478 2404 1563 2451 quod
1591 2416 1652 2439 non
1679 2404 1775 2451 possit
1803 2403 1975 2449 superioris
2003 2426 2042 2452 Qui
2066 2432 2106 2447 uo„
2123 2431 2175 2453 po„

1221 2459 1293 2492 anni
1316 2458 1513 2504 praesidens,
1532 2458 1620 2492 {inito
1636 2470 1730 2497 anno,
1746 2469 1801 2503 pro
1818 2457 1876 2491 alio
1891 2468 1974 2491 anno
1989 2457 2178 2509 52¹¹,'1‘2002'12222212‘'

1223 2512 1404 2547 immediate
1423 2513 1567 2559 sequenti
1589 2510 1826 2559 quomodolibet
1842 2510 1870 2544 in
1889 2522 1975 2557 prac—

1222 2566 1378 2600 sidentem
1407 2566 1506 2600 dictae
1531 2564 1784 2611 congregationis
1807 2572 1859 2598 aut
1886 2564 1973 2611 capi-

1223 2620 1277 2653 tuli
1301 2620 1373 2666 eligi
1399 2619 1443 2653 vel
1467 2619 1658 2655 confirmari:
1684 2618 1753 2654 sed,
1776 2618 1864 2652 linito
1879 2630 1971 2661 anno,
